3792 5550
748 529 817 580 elle.
839 528 871 605 fl?
892 528 933 579 DE
950 528 1145 584 cuulsulrlt.
1524 530 1554 584 rl

339 643 498 696 discernere
518 641 590 696 :sed
615 642 703 696 veteri
720 642 876 708 disciplinae
892 643 935 693 ln·
970 643 1129 697 muneribus
1149 645 1307 711 hujusmodi
1327 660 1390 700 eum
1413 647 1559 702 tradidisse

337 728 478 781 haerentes
486 726 559 791 ,tria
575 728 751 779 Sacramenta
769 727 868 780 eodem
889 726 935 779 die
970 728 1150 795 quadraginta
1162 730 1224 783 illos
1243 732 1303 785 dies
1322 734 1368 800 qui
1381 734 1453 787 inter
1471 748 1561 787 resur-

338 812 546 876 administrant,
571 812 769 865 Eucharistiam
793 826 848 865 nne
872 826 935 867 cum
970 812 1121 867 rectionem
1145 817 1374 871 etescenslonem
1388 819 1458 884 lapsi
1478 824 1559 871 sunt:

339 898 479 965 Baptismo
498 903 525 952 et
543 898 714 960 Chrssmate3
732 898 806 951 unde
827 898 935 972 'lactum
971 898 1006 951 de
1025 912 1111 967 regno
1130 901 1203 953 enim
1224 902 1271 955 liei
1292 916 1353 955 cnm
1375 904 1562 967 Apostolislo·

341 984 453 1039 videtur
475 989 505 1037 ut
526 985 715 1038 sacerdotibus
732 984 936 1052 permitteretur
970 989 1051 1037 cutus
1069 985 1179 1050 dicitur,
1191 1000 1246 1053 quo
1264 989 1377 1041 nominc
1389 988 1519 1041 Ecclesiae
1531 988 1560 1040 in

339 1070 455 1123 laerdtas
475 1068 627 1123 chrismate
648 1069 777 1123 redicem
796 1070 935 1136 ungendi,
972 1070 1052 1122 terris
1061 1071 1184 1124 conditio
1197 1086 1320 1138 persaepe
1330 1071 1559 1143 designatur.«lli

340 1155 390 1222 qui
411 1167 471 1208 mos
496 1154 705 1221 antiquissimus
723 1156 795 1221 apud
813 1168 863 1208 eos
882 1161 935 1209 est.
970 1154 1047 1219 dies,
1066 1155 1130 1207 »ait
1142 1157 1169 1207 S.
1185 1158 1240 1209 Leo
1257 1159 1386 1223 llaguus,
1404 1176 1417 1203 α
1430 1156 1477 1222 qui
1490 1155 1563 1208 inter

341 1240 502 1294 Tertulliani
513 1245 638 1305 tempore
650 1240 733 1293 simul
749 1240 934 1293 administrari
971 1240 1212 1293 Resurrectionem
1231 1242 1338 1294 Domini
1356 1241 1563 1295 ascensionem·

341 1325 619 1390 consueverunt,sed
634 1326 809 1379 nonvidetur
825 1326 936 1379 licuisse
971 1339 1029 1393 que
1049 1326 1201 1391 fluxerunt,
1230 1340 1286 1380 non
1315 1327 1405 1381 otioso
1430 1327 1562 1380 transiere

340 1410 404 1465 aliis
428 1416 528 1476 praeter
552 1411 714 1477 Episcopus.
741 1412 875 1466 Caeterum
903 1424 936 1463 ex
971 1410 1108 1471 decursu;
1125 1411 1174 1463 sed
1187 1424 1287 1479 magua
1302 1410 1330 1463 in
1344 1411 1384 1464 eis
1402 1410 1561 1465 confirmata

340 1496 619 1563 consuetudineque
631 1497 703 1563 apud
725 1496 874 1549 orientales
895 1496 937 1547 in·
970 1496 1165 1559 Sacramenta,
1201 1508 1301 1563 magna
1336 1501 1400 1549 sunt
1441 1498 1561 1550 revelate

341 1582 448 1647 valuit,
473 1589 501 1637 et
526 1596 559 1636 ex
584 1583 712 1637 facultate
729 1594 937 1648 nonnumquam
972 1580 1111 1647 mysteria.
1129 1581 1169 1629 »²

306 1672 309 1675 ’
340 1667 413 1733 apud
427 1666 938 1730 Latinossacerdotibusdata,videtur

339 1752 492 1807 reservatio
502 1752 645 1817 Episcopis
657 1752 727 1804 iacta
744 1756 868 1816 spectare
877 1768 893 1798 ι(
901 1750 937 1802 ad
1188 1752 1291 1803 CAPUT
1311 1751 1343 1803 ll.

339 1839 479 1891 honorem
489 1836 583 1901 potius
603 1836 750 1889 sacerdotii
761 1876 767 1897 ,
780 1855 792 1881 »
807 1834 938 1900 quemad

338 1922 384 1975 rei
402 1920 490 1986 ipsius
510 1926 652 1981 naturam;
677 1919 732 1971 nisi
755 1918 828 1972 enim
851 1932 939 1971 sacer·
1172 1931 1364 1972 occurremur.

339 2004 424 2057 dotes
457 2004 599 2069 simplices
625 2017 659 2056 ex
688 1989 786 2057 consti
812 2002 937 2056 instituto

340 2095 438 2145 esseut
460 2090 526 2141 huic
537 2088 656 2142 facultati
680 2088 862 2154 suscipiendae
879 2088 938 2141 ido·
1004 2087 1047 2137 rt.
1069 2088 1101 2139 Ut
1122 2099 1234 2140 omnem
1259 2087 1425 2141 evitaremus
1442 2089 1517 2141 litem
1537 2089 1565 2141 in

338 2175 406 2239 nei,
433 2187 584 2241 numquam
611 2174 652 2227 eis
677 2187 710 2227 ea
739 2173 860 2239 permitti
885 2185 936 2239 po·
971 2184 1001 2224 re
1018 2184 1081 2237 quae
1108 2173 1182 2227 salva
1200 2173 1256 2225 fide
1279 2174 1373 2239 agitari
1401 2178 1503 2239 queat,
1529 2173 1564 2229 dc

340 2260 453 2313 tuisset.
972 2258 1030 2311 sola
1049 2270 1180 2310 mannum
1203 2258 1380 2324 impositione
1400 2260 1521 2327 egimus,
1533 2266 1565 2312 ut

529 2342 748 2397 Animadversio.
971 2342 1046 2409 quod
1068 2344 1102 2395 ab
1124 2345 1261 2410 Apostoli·
1287 2345 1387 2399 lactum
1417 2352 1564 2410 narratur,

374 2430 417 2481 td.
437 2428 532 2481 lliviua
562 2428 784 2483 confirmationis
802 2428 938 2481 institutio
972 2429 1063 2481 adhuc
1079 2427 1138 2481 lieri
1165 2433 1275 2494 pateat,
1305 2438 1333 2482 et
1360 2432 1565 2485 Sacramentum

343 2524 378 2565 ex
396 2513 589 2578 Apostolorum
614 2514 698 2567 rebus
710 2513 794 2580 gestis
806 2516 834 2566 et
847 2514 939 2568 Eccle·
973 2520 1152 2580 agnoscatur,
1165 2514 1209 2567 eui
1228 2520 1255 2566 et
1267 2515 1411 2581 scripturae
1422 2520 1450 2568 et
1472 2517 1565 2570 Patres

343 2596 396 2652 siae
430 2596 577 2651 traditione
601 2598 751 2663 probatur,
780 2598 939 2664 ideoquea
973 2598 1043 2651 adeo
1058 2598 1238 2664 perspicuum
1254 2597 1345 2651 lerunt
1365 2598 1566 2653 testimonium.

343 2681 453 2735 Christo
473 2682 588 2735 ltomino
607 2688 703 2736 nostro
726 2682 851 2735 instituta
864 2688 939 2736 certo
974 2684 1109 2735 Caeterum
1120 2694 1174 2747 qua
1185 2680 1344 2747 antiquitate
1360 2682 1477 2748 gaudeat
1490 2683 1566 2737 curi-

344 2764 482 2822 eredenda
499 2772 564 2822 est:
580 2766 731 2822 eumenim
751 2766 875 2822 omnium
892 2770 940 2820 Se·
975 2766 1108 2822 smatlsin
1127 2770 1180 2824 hoc
1201 2772 1378 2825 sacramento
1398 2770 1567 2826 conterendo

347 2858 551 2914 crementorum
564 2855 940 2922 nouaelegisauctoremesse
974 2853 1566 2912 ususleciledemonstratur.Pluribuevide·
1652 2911 1654 2922 ,

350 2937 475 2993 delinivit
497 2939 648 2992 Concilium
669 2939 867 2992 Tridentinum.
881 2940 942 2992 Im·
976 2943 1020 2991 tur
1030 2941 1175 3005 Apostolus
1189 2941 1223 2993 ad
1237 2941 1309 2995 huno
1327 2943 1410 2995 ritum
1426 2943 1566 3008 alludere,

350 3023 487 3087 mediata,
504 3025 544 3077 uti
561 3025 676 3087 dieunt,
698 3024 832 3079 institutio
849 3037 865 3077 a
884 3026 938 3090 ple·
975 3024 1004 3076 ln
1027 3024 1088 3078 loco
1107 3038 1190 3090 supra
1213 3027 1324 3080 laudato
1347 3043 1353 3079 :
1372 3047 1384 3074 κ
1406 3027 1455 3090 Qui
1474 3033 1566 3082 autern

349 3109 446 3175 risque
465 3109 612 3176 Theologis
629 3116 833 3176 propugnatur,
845 3122 941 3175 quam·
975 3109 1119 3162 confirmat
1136 3122 1189 3163 nos
1209 3111 1352 3164 vobiscum
1363 3113 1391 3164 in
1403 3113 1526 3176 Christo,
1538 3121 1567 3165 et

348 3193 393 3248 vis
407 3192 565 3247 dominicus
582 3183 678 3246 aS'oto
699 3192 797 3245 doceat
813 3206 873 3245 eam
885 3204 942 3245 non
976 3193 1024 3258 qui
1045 3192 1122 3245 unxit
1140 3205 1191 3245 nos
1212 3196 1284 3247 Deus
1303 3210 1310 3244 :
1333 3195 1426 3260 quiet
1448 3195 1567 3261 signavit

347 3279 533 3334 esseomuino
547 3277 610 3330 tidei
622 3277 743 3342 dogma:
759 3277 826 3328 dicit
838 3277 942 3329 scilicet
976 3287 1043 3337 nos,
1061 3281 1089 3328 et
1109 3275 1184 3327 dedit
1203 3277 1305 3340 pignus
1325 3277 1443 3342 Spiritus
1455 3277 1483 3328 in
1504 3290 1567 3331 cor-

349 3387 363 3414 «
377 3365 538 3419 liaeretioum
552 3376 630 3426 esse,
649 3373 750 3428 negare
767 3362 827 3414 lraec
850 3361 943 3413 omnia
976 3358 1060 3410 dibus
1073 3358 1185 3410 uostris.
1199 3375 1210 3406 s
1224 3359 1235 3392 ⁸

346 3446 541 3518 (sacramenta)
565 3446 690 3499 instituta
716 3445 800 3498 tuisse
827 3445 944 3498 acmi·
1009 3444 1052 3495 til.
1062 3443 1228 3509 Theophilus
1240 3444 1436 3509 antiochenus,
1451 3447 1567 3500 secundi

346 3540 430 3588 sto.»
452 3569 459 3584 .
481 3570 487 3583 .
507 3567 515 3583 .
537 3551 550 3578 s
568 3534 626 3584 lton
638 3543 725 3598 usque
742 3530 812 3584 adeo
834 3535 943 3585 constan
977 3529 1071 3582 saeculi
1084 3527 1211 3594 scriptor,
1227 3529 1293 3582 dicit
1306 3545 1313 3581 :
1327 3549 1339 3575 ‹
1352 3532 1407 3584 Nos
1419 3531 1492 3584 enim
1502 3531 1566 3586 ideo

346 3617 509 3675 haereticum
544 3631 607 3672 esse
635 3630 737 3684 negare
767 3619 942 3671 Sacramenta
976 3613 1123 3668 christiani
1151 3627 1297 3680 vocamur,
1327 3616 1402 3682 quod
1432 3619 1493 3672 oleo
1519 3618 1566 3672 uei

349 3702 571 3757 confirmationis
594 3707 621 3756 et
638 3705 771 3756 uxtremae
800 3703 943 3757 tinctionis
975 3713 1120 3766 ungemur.
1133 3700 1170 3747 »⁴

348 3788 436 3842 luisse
457 3800 506 3841 ore
529 3787 628 3841 christi
649 3787 761 3854 proprio
790 3787 938 3842 instituta:
1007 3786 1275 3851 lamacitanus,
1304 3792 1367 3853 post
1396 3787 1566 3853 Baptismum

347 3887 412 3929 esse
424 3879 517 3928 tamen
532 3873 692 3927 haereticum
709 3886 811 3940 negare
829 3887 893 3926 esse
904 3874 940 3926 de
974 3873 1110 3935 relatum,
1129 3871 1195 3925 dicit
1213 3887 1219 3924 :
1239 3890 1255 3920 κ
1273 3873 1376 3924 lixinde
1404 3873 1508 3939 egressi
1531 3873 1567 3926 de

344 3960 407 4024 jure
426 3959 529 4013 divino.
542 3958 578 4006 »ί
598 3962 717 4024 Tempus
737 3971 794 4023 quo
815 3957 940 4010 instituta
975 3957 1083 4011 lavacro
1099 3955 1277 4022 perungimur
1297 3955 1442 4009 benedicta
1461 3957 1568 4011 unctio·

347 4047 391 4096 est
407 4054 423 4096 a
437 4043 543 4095 Christo
555 4041 734 4095 confirmatio
753 4041 855 4094 trustra
873 4040 940 4094 deli·
975 4053 1020 4093 ne.
1042 4078 1049 4092 .
1070 4079 1076 4092 .
1096 4078 1103 4090 .
1123 4041 1202 4094 sicet
1215 4041 1335 4095 innohis
1349 4041 1493 4094 carnaliter
1505 4055 1569 4094 cur-

346 4127 408 4180 nire
421 4127 483 4194 quis
500 4127 592 4189 uellet,
610 4125 710 4178 silente
723 4125 877 4192 Scriptum
891 4126 940 4178 sed
977 4124 1013 4177 rit
1029 4123 1141 4188 unctio,
1164 4125 1213 4178 sed
1240 4125 1418 4190 spiritualiter
1442 4124 1567 4190 proficit,

349 4211 818 4278 satisestnosseexnpostolorum
840 4211 939 4278 agendi
978 4209 1119 4276 quomodo
1142 4216 1170 4264 et
1191 4208 1278 4275 ipsius
1300 4209 1428 4275 Baptismi
1452 4211 1568 4265 earnalis

348 4296 456 4350 ratione
465 4310 526 4350 eam
534 4297 671 4350 christum
682 4297 785 4350 habere
793 4302 942 4351 auctorem.
978 4299 1056 4348 actus
1069 4295 1144 4361 quod
1159 4295 1186 4346 ln
1208 4307 1279 4360 aqua
1302 4295 1470 4360 mergimur,
1489 4296 1568 4363 spiri-

347 4380 423 4434 ltulti
453 4387 568 4435 censent
594 4381 761 4435 documenta
781 4381 826 4453 ‘de
857 4382 943 4434 sacris
978 4379 1059 4433 tualis
1073 4365 1187 4433 effectus
1199 4379 1274 4445 quod
1284 4379 1389 4434 delictis
1407 4381 1567 4436 liberamur.

377 4645 404 4698 tr)
419 4646 717 4701 uniuscuiusqaanr.
1004 4644 1030 4695 (a)
1044 4643 1197 4686 lucentii.
1263 4621 1266 4627 ’

378 4714 406 4767 lt)
420 4715 490 4758 serm
500 4716 515 4757 i.
529 4716 552 4757 in
561 4717 690 4759 Διωιιιὶοιιο
698 4727 720 4759 n.
730 4721 751 4758 t.
1006 4714 1034 4766 lt]
1045 4714 1068 4757 1..
1078 4714 1094 4755 i.
1102 4714 1128 4756 ud
1138 4714 1266 4768 lumlpenm
1276 4724 1298 4757 n.
1306 4713 1343 4754 xii.
