3792 5550
469 494 479 521 t

622 566 692 619 cab.
711 567 768 619 xli.
788 569 829 619 bii
847 569 949 621 ssultu
966 571 1157 625 castrutio.
1459 576 1506 628 561

295 688 352 735 turn
364 688 406 736 est
418 683 500 751 igitur
514 683 587 736 inter
605 683 717 748 nuptias
730 687 757 735 et
769 682 883 750 virgini·
916 687 1076 755 ingruentes
1093 692 1299 755 persecutiones
1313 690 1459 756 praestabat
1470 690 1508 742 ia·

294 773 390 832 tatem,
403 774 535 835 quantum
555 768 627 820 inter
644 780 700 821 non
720 778 835 834 peecare
856 772 883 822 et
916 772 1000 827 miliae
1012 788 1106 828 euram
1124 788 1179 829 non
1190 788 1342 830 assumere.

294 852 469 916 benefacere;
493 854 577 907 immo
608 857 638 905 ut
650 865 653 870 ·
664 852 751 906 levius
768 853 881 917 dicam,
949 860 1008 912 tlt.
1028 862 1108 927 pesp,
1126 862 1180 928 lpst
1198 862 1346 917 adversarii
1364 863 1506 926 calvinus,

293 946 424 1004 quantum
437 941 508 993 inter
523 940 629 993 bonum
647 944 674 992 et
693 939 801 992 melius.
815 938 849 986 »¹
917 950 945 998 et
957 947 1085 999 llilnerns
1104 947 1224 1000 latentur
1240 949 1401 1013 Apostolum
1416 949 1508 1002 serbis

325 1026 381 1077 211.
402 1029 429 1079 s.
444 1026 625 1080 Ambrosius:
642 1025 736 1090 «Quid
751 1025 884 1079 estcasti·
917 1031 1327 1098 generalibusdeaiqslnitateet
1334 1033 1509 1086 matrimonio

255 1182 258 1189 Ι
294 1114 334 1161 tas
349 1110 506 1177 virginalis,
520 1111 573 1163 nisi
594 1124 693 1176 expers
710 1110 884 1177 contagionis
917 1116 1054 1170 disserere
1071 1117 1178 1171 ratione
1198 1132 1260 1184 quae
1284 1118 1398 1172 cuilibet
1418 1119 1510 1182 aetati,

292 1192 452 1263 integritas?
463 1203 550 1262 Atque
567 1197 626 1263 ejus
639 1197 782 1249 authorem
801 1208 883 1261 quem
917 1200 944 1255 et
956 1202 1127 1268 quibuslibet
1138 1216 1230 1255 rernm
1252 1202 1389 1270 adiunctis
1410 1215 1513 1258 conve·

293 1292 438 1346 possumus
459 1280 630 1345 existimare,
651 1280 705 1332 nisi
724 1280 884 1334 immacula·
916 1287 982 1340 nist.
996 1287 1118 1342 Proiecto
1143 1289 1234 1341 nullas
1250 1293 1395 1341 enumerat
1412 1298 1510 1341 causas

293 1368 348 1417 lum
363 1367 408 1419 bei
422 1366 533 1430 sitium,
548 1366 625 1429 culus
647 1379 712 1420 caro
735 1376 791 1419 non
816 1365 885 1420 vidit
916 1374 1019 1439 praeter
1035 1372 1203 1425 matrimonii
1221 1372 1404 1435 tentationes,
1419 1373 1511 1427 solici-

293 1452 506 1518 corruptionem,
519 1452 711 1506 bivinitasnon
723 1456 763 1504 est
773 1457 884 1518 experta
917 1456 1046 1521 sudines,
1057 1459 1085 1510 et
1096 1470 1196 1522 onera,
1209 1469 1272 1524 quae
1289 1451 1328 1510 ilii
1340 1458 1448 1511 muneri
1468 1458 1511 1511 in·

292 1536 500 1603 contagioneml
513 1537 608 1590 videte
623 1534 706 1603 igitur
722 1541 823 1601 quanta
835 1535 885 1588 rir-
917 1542 1039 1605 haerent,
1057 1542 1158 1607 qulbus
1176 1541 1290 1596 liberam
1313 1542 1398 1596 animi
1415 1543 1511 1597 condi·

292 1619 409 1685 trinitatis
428 1622 525 1675 merita
543 1621 608 1674 sint.
628 1641 642 1692 a
651 1621 666 1655 ¹
918 1624 1020 1679 tionem
1032 1640 1127 1680 eorum
1140 1628 1197 1692 qui,
1212 1627 1337 1682 abdicata
1352 1630 1507 1694 voluptate,

324 1707 604 1774 nasammonas
620 1722 627 1758 :
644 1727 656 1753 1
671 1707 740 1760 itihil
749 1719 812 1761 esse
824 1720 885 1761 sen·
917 1714 973 1764 beo
981 1704 1088 1772 vacant,
1095 1714 1212 1777 opponit
1224 1712 1301 1776 Quod
1309 1724 1361 1767 vox
1370 1713 1415 1766 illa
1423 1719 1510 1779 evasi.

292 1794 330 1846 tio
343 1795 415 1861 quod
429 1795 517 1862 magis
529 1808 562 1847 ex
571 1806 633 1847 arce
644 1794 754 1860 deliciet
762 1794 884 1845 animum
918 1796 1066 1862 aliqnando
1078 1796 1191 1850 denotet
1203 1798 1348 1850 maximam
1358 1811 1450 1851 rerum
1462 1799 1508 1851 de·

292 1878 415 1942 virilem,
435 1894 517 1947 quam
531 1880 718 1933 blandimenta
738 1878 884 1943 immines,
918 1880 1096 1942 solationem,
1118 1892 1173 1934 non
1192 1885 1284 1947 potest
1309 1882 1420 1936 obstare
1443 1885 1510 1949 quin

291 1976 491 2033 corporumque
512 1967 557 2020 ille
575 1972 734 2031 contactus,
747 1966 807 2019 sinc
828 1976 885 2031 quo
918 1966 964 2018 lric
983 1965 1151 2033 intelligatur
1170 1966 1206 2019 de
1229 1966 1358 2032 praesenti
1390 1969 1511 2021 necessi·

292 2063 358 2105 uxor
369 2052 464 2106 haberi
476 2065 532 2106 uon
540 2058 641 2118 potest.
655 2050 686 2099 ν’
918 2057 988 2108 tate,
1000 2067 1032 2108 ex
1041 2054 1115 2107 curis
1124 2055 1299 2109 matrimonio
1310 2056 1437 2118 adnexis,
1448 2066 1511 2121 quae

323 2137 381 2189 bil.
400 2137 539 2191 Probatur
554 2140 579 2189 5.
604 2137 744 2202 exemplis.
761 2136 885 2188 caristus
919 2140 1030 2193 obstant
1051 2152 1086 2193 ne
1105 2140 1273 2194 breve·ritae
1290 2141 1409 2206 spatium
1422 2146 1518 2193 totum·

294 2222 423 2276 bominus
440 2222 623 2285 virginitatem
637 2232 745 2274 summo
757 2220 885 2287 dignatus
918 2224 1093 2291 impendatur
1105 2225 1202 2279 salutis
1219 2225 1359 2292 operibns.

291 2310 332 2359 est
349 2309 473 2371 honore,
487 2310 569 2360 italre
582 2306 669 2359 electa
682 2304 798 2371 virgine.
814 2305 884 2357 l‘rae·
952 2312 1010 2363 sis.
1031 2308 1089 2377 oti.
1109 2311 1135 2361 2.
1153 2311 1301 2377 apostolus
1319 2322 1376 2364 non
1387 2310 1511 2376 loquitur

292 2401 387 2447 cursor
403 2394 463 2460 eius
479 2392 557 2459 uirgo
575 2390 738 2458 permansit.
762 2389 887 2455 biscipu-
918 2396 954 2449 ds
971 2396 1070 2450 merito
1088 2405 1181 2450 coram
1203 2397 1273 2458 lieo,
1286 2396 1336 2448 sed
1358 2414 1371 2441 s
1388 2395 1424 2447 de
1442 2401 1511 2448 tem·

292 2476 348 2529 lum
365 2478 489 2543 virgineo
507 2478 608 2529 decore
621 2476 757 2540 insignem
774 2474 886 2540 speciali
918 2482 1006 2547 pontt
1024 2482 1116 2545 pons,
1139 2481 1303 2542 commodo,
1320 2483 1348 2532 et
1373 2478 1465 2544 quiete
1482 2480 1510 2531 in

290 2570 454 2627 prosecutus
467 2568 510 2615 est
527 2560 643 2622 aiiectn;
657 2565 685 2612 et
700 2559 806 2612 telicem
819 2561 886 2611 San·
919 2568 971 2619 pas
984 2567 1071 2620 sits.»
1084 2566 1123 2618 lta
1134 2566 1279 2617 botherus.
1291 2563 1303 2597 ¹

291 2652 398 2701 storum
412 2649 440 2699 in
459 2658 518 2700 aevo
535 2646 627 2699 futuro
647 2644 834 2698 conditionem
857 2644 893 2696 in*
953 2652 1013 2704 2111.
1032 2652 1110 2715 lisso
1138 2650 1262 2703 Proiecto
1284 2648 1418 2701 edocebat
1442 2650 1512 2713 spo·

291 2744 325 2786 ec
339 2731 492 2796 prasertim
504 2729 635 2797 angerus
650 2727 769 2782 similem
791 2727 859 2782 dixit
877 2741 884 2778 ε
920 2736 1008 2790 stolus
1017 2735 1111 2789 oderas
1128 2734 1163 2788 ue
1181 2731 1273 2787 druna
1286 2732 1440 2787 voluntate:
1453 2732 1511 2798 spt-

293 2838 305 2864 ‹
327 2819 357 2871 ln
375 2813 659 2872 resurrectioneenim
673 2813 885 2880 nequennbent,
921 2823 1004 2874 ritum
1019 2821 1093 2874 enim
1106 2819 1199 2874 belse
1217 2820 1318 2872 trabere
1329 2829 1385 2871 non
1405 2823 1512 2870 temere

292 2918 383 2971 neque
392 2903 531 2956 nubentur
544 2917 551 2954 :
564 2901 613 2954 sed
624 2904 705 2955 erunt
714 2901 787 2954 sicut
796 2898 894 2967 angeli
920 2907 1000 2960 diste,
1021 2906 1208 2975 virginitatem
1225 2905 1358 2971 prodesse
1370 2903 1468 2967 docet,
1480 2907 1511 2954 ut

292 2990 523 3046 beiincoelo.»‘
918 2989 1510 3061 virgositsanctacorporeetspiritu,etlro·

325 3063 385 3130 ilai
407 3075 545 3132 Probotm
556 3079 582 3130 5.
596 3076 748 3130 rationibus
761 3075 887 3143 tlteoloqi·
920 3081 1023 3133 minem
1036 3078 1182 3143 innuptum
1195 3076 1333 3130 solicitum
1345 3088 1408 3127 esse
1418 3079 1510 3126 rerum

292 3161 340 3213 cis.
359 3160 533 3215 continentia
552 3161 670 3227 perlecta
689 3160 812 3212 animum
831 3159 888 3213 ido·
920 3163 1121 3219 bomiuicarnm
1144 3163 1284 3228 quomodo
1313 3163 1420 3227 placeat
1446 3162 1509 3212 beo.

292 3259 375 3301 neum
391 3246 458 3300 lacit
479 3258 570 3300 rerum
594 3245 747 3300 coelestium
771 3243 887 3298 medila-
921 3253 984 3303 flaec
1004 3249 1106 3312 majora
1130 3253 1194 3300 sum
1210 3260 1294 3312 quam
1313 3255 1375 3310 quae
1395 3245 1430 3296 de
1451 3246 1512 3297 sols

291 3332 375 3394 tioni,
390 3339 418 3386 et
430 3333 530 3386 mentis
547 3330 716 3398 quibuslibet
739 3327 885 3383 exercitiis.
920 3335 1004 3389 animi
1016 3335 1108 3401 quiere
1121 3331 1250 3398 explicari
1263 3331 1379 3398 possint.

292 3416 373 3470 Sicut*
394 3417 581 3482 voluptatibus
605 3414 692 3468 dediti
722 3413 800 3468 facile
820 3414 895 3466 dsunt
953 3420 1012 3472 250.
1033 3418 1092 3485 obj.
1110 3421 1136 3472 5.
1166 3419 1231 3480 Quae
1252 3417 1288 3469 de
1307 3414 1461 3481 virginibus
1481 3414 1509 3465 in

292 3500 408 3555 hebetes
420 3505 447 3554 et
459 3501 568 3566 penitus
579 3499 653 3554 viliis
671 3497 831 3566 mancipati3
850 3498 887 3550 ita
920 3503 1082 3572 Apocalypsi
1092 3501 1282 3566 stsunsur‚pe
1299 3500 1444 3553 animabus
1453 3499 1513 3552 ido·

293 3594 417 3640 econtra
427 3585 474 3652 qui
486 3584 685 3652 cupiditatibus
697 3583 887 3646 moderantur,
922 3588 1029 3645 lolatria
1058 3588 1130 3641 baud
1157 3588 1301 3640 maculatis
1333 3585 1510 3652 intelligenda

294 3682 397 3738 eisque
416 3671 470 3724 sibi
492 3669 618 3724 subditis
636 3674 749 3734 tenent,
773 3669 888 3722 Virtutes
922 3681 1001 3729 sunt:
1022 3671 1210 3728 fornicationis
1227 3673 1301 3726 enirn
1321 3672 1372 3725 sub
1393 3670 1512 3735 imagine

295 3758 498 3823 coleremapno
515 3755 648 3810 studiosi
665 3755 736 3810 felici
756 3767 888 3808 successu
922 3760 1077 3815 idololatria
1096 3759 1169 3826 apud
1193 3759 1343 3824 Prophetas
1368 3756 1512 3810 consuerit

294 3846 427 3904 possunt.
921 3845 1069 3912 designari.

427 3922 590 3988 objectiones
600 3925 755 3976 solvuntur.
955 3931 1014 3981 251.
1033 3930 1112 3993 liesp.
1131 3931 1189 3981 lion
1207 3927 1322 3980 interest
1342 3931 1434 3979 utrum
1452 3924 1512 3976 ani-

327 4009 389 4060 ssd.
409 4007 470 4074 obj.
491 4011 515 4060 1.
535 4009 600 4071 Qum
630 4008 729 4059 Paulus
758 4006 825 4060 dicit
853 4007 889 4061 de
923 4009 1223 4065 masidololatriaiabe
1237 4011 1390 4073 immunes,
1408 4009 1513 4063 velair-

295 4097 454 4162 praestantia
465 4095 530 4148 vitm
539 4094 657 4155 coelibis,
675 4094 787 4161 respicit
798 4107 894 4164 rerum·
923 4099 1002 4164 pines
1015 4097 1213 4162 intelligamus3
1225 4100 1333 4150 constan
1345 4096 1441 4147 saltem
1451 4106 1511 4146 eam

296 4182 436 4249 inquibus
450 4181 547 4235 fideles
568 4187 634 4235 tunc
647 4177 830 4235 versabantur
845 4181 891 4234 ad·
924 4180 1048 4235 adhiberi
1061 4181 1208 4248 imaginem
1217 4193 1280 4246 quse
1296 4179 1334 4232 rei
1352 4177 1513 4239 contemni,

292 4269 388 4333 juncta
407 4297 440 4309 -
451 4272 492 4320 111
509 4273 544 4321 riv
561 4271 679 4320 ivissem
691 4268 795 4333 ierim
811 4281 818 4319 :
837 4280 895 4322 vox·
924 4268 1044 4333 ideoque
1056 4265 1191 4333 virginum
1204 4265 1348 4331 puritatem
1363 4267 1390 4316 et
1402 4261 1514 4328 praemia

296 4353 370 4405 enirn
385 4355 482 4408 eadem
501 4357 565 4409 Lus.
579 4354 633 4408 xxi.
643 4354 687 4406 21.
698 4353 846 4406 adhibetur
855 4353 891 4406 de
923 4353 1005 4406 valde
1018 4351 1214 4405 commendari.

295 4438 377 4492 clade
392 4441 474 4505 quani
492 4441 606 4495 ltomaui
627 4438 728 4494 illaturi
741 4444 828 4491 erant.
849 4439 889 4491 (ib
957 4435 1015 4492 aas:
1036 4435 1096 4503 obj.
1114 4439 1140 4489 1.
1170 4437 1313 4504 singulare
1335 4435 1399 4490 vttae
1426 4445 1514 4501 genus

332 4703 358 4753 lt)
368 4703 392 4744 lu
400 4703 450 4745 adr.
458 4703 565 4745 lorioisa.
955 4705 985 4756 (tl
995 4704 1084 4756 soliloq.
1095 4703 1109 4744 l.
1120 4708 1138 4744 1.
1147 4715 1166 4744 e.
1175 4715 1196 4745 ι.

325 4770 353 4822 la)
368 4773 392 4811 l..
403 4779 420 4812 t.
430 4773 456 4812 de
464 4771 598 4824 Virginibus.
954 4774 981 4825 lt)
990 4773 1065 4814 battis.
1073 4772 1121 4813 mii.
1132 4775 1202 4825 11111)
1217 4773 1242 4813 ln
1252 4773 1403 4826 Epithalamio.

334 4844 400 4895 vot..
424 4856 460 4892 ru.
1354 4848 1385 4896 51
