3792 5550
604 604 674 655 CAP.
693 604 759 655 vill.
779 607 821 656 DE
839 604 1234 658 latuscusnhltnlloltn.
1482 608 1534 660 lto

350 716 409 769 257.
428 718 506 783 Resp.
530 718 629 773 latiori
654 733 738 773 sensu
760 726 860 774 notttro
873 734 906 775 eo
942 722 1036 783 ptum,
1062 731 1113 771 nec
1133 718 1200 771 alias
1222 722 1323 775 habere
1340 726 1530 792 proprietates.

317 802 369 854 loci
389 802 523 865 sumitur,
544 802 615 856 sicut
627 809 654 857 et
673 804 842 868 attestantia,
856 818 906 871 pro
940 801 1403 872 lluicutresponderetcatholieus,
1411 788 1532 862 ostendit

316 887 401 953 ligura
417 888 521 942 scilicet
534 902 588 955 qua
600 890 686 943 videri
700 890 829 957 tangique
845 903 907 957 pos·
940 900 1086 953 superesse
1113 889 1140 941 iu
1170 891 1337 945 Eucharistia
1366 893 1480 960 figuram
1504 900 1533 947 et

316 978 387 1024 suut.
400 972 529 1040 Dialogus
549 975 600 1027 hac
620 974 655 1027 de
670 988 699 1027 re
714 974 754 1027 sic
766 988 796 1028 se
813 976 903 1028 habet.
938 970 1055 1024 formam
1076 972 1155 1037 panis
1174 979 1201 1026 et
1217 975 1287 1037 vini:
1309 976 1429 1043 ideoque
1450 992 1532 1046 argu-

315 1057 498 1123 Eutychianus
523 1059 663 1112 Eranistes
680 1058 850 1113 catholicum
863 1060 905 1112 in·
938 1056 1114 1109 incolebatur
1133 1059 1280 1112 humanam
1292 1063 1390 1115 Christi
1405 1068 1532 1115 naturam

316 1145 436 1208 terrogat
450 1156 457 1192 :
471 1160 486 1190 r<
506 1144 649 1206 Quomodo
671 1150 734 1212 post
754 1146 904 1199 sanctitica-
938 1154 1003 1193 suas
1022 1141 1141 1195 retinere
1159 1145 1341 1209 proprietates
1366 1148 1447 1200 etiam
1469 1156 1532 1214 post

314 1226 416 1280 tionem
439 1228 562 1294 symbola
576 1230 765 1295 appellentur?
779 1252 790 1277 s
810 1230 905 1284 Ortho-
932 1226 1140 1279 ascensionem.
1151 1229 1236 1281 Voces
1246 1237 1350 1284 naturae
1362 1238 1389 1285 et
1403 1234 1531 1285 substan·

314 1312 402 1365 doxus
422 1313 591 1379 respondet:
609 1318 740 1381 «corpus
762 1315 860 1369 Christi
878 1320 905 1368 et
937 1310 983 1363 tiae
996 1311 1153 1365 Catholicus
1174 1314 1363 1367 eucharisticis
1386 1316 1533 1382 speciebus

314 1398 542 1463 sangulscbristi.
556 1402 742 1454 »Eranistest
759 1400 904 1455 «literedis
937 1396 1145 1458 accommodat,
1167 1398 1215 1450 sed
1240 1412 1274 1451 ex
1299 1414 1349 1451 usu
1373 1402 1530 1454 Graecorum

313 1488 451 1549 tecorpus
471 1485 569 1537 Christi
592 1478 801 1552 et'sanguinem
821 1485 906 1551 perci·
938 1481 1104 1547 seriptorum
1120 1487 1216 1535 notum
1230 1489 1273 1536 est
1291 1496 1338 1537 eas
1357 1486 1438 1537 latius
1456 1498 1531 1552 saepe

313 1571 401 1632 pere?
425 1589 438 1615 o
460 1570 655 1623 orthodoxus:
681 1590 692 1617 a
721 1572 759 1623 lta
781 1571 902 1624 credo.»
938 1567 1028 1630 sumi,
1045 1580 1096 1633 pro
1119 1567 1334 1633 proprietatibus
1352 1569 1531 1633 scilicet,vel

312 1652 469 1706 liranistes:
489 1672 504 1702 κ
523 1654 599 1708 sicut
616 1668 681 1723 ergo
704 1656 827 1723 symbola
854 1658 905 1709 llo·
939 1664 990 1716 pro
1012 1657 1110 1703 natura
1136 1658 1274 1717 quatenus
1300 1653 1453 1719 concipitur
1472 1656 1533 1721 plu·

311 1737 406 1791 miniei
426 1741 551 1805 eorporis
564 1745 591 1792 et
604 1740 764 1807 sanguinis,
778 1742 830 1794 alia
841 1746 906 1793 sunt
939 1734 1017 1787 rimis
1026 1735 1298 1788 eommunis‘llirum
1317 1742 1407 1789 autem
1419 1744 1531 1791 nonest

311 1828 375 1876 ante
408 1824 561 1877 sacerdotis
591 1825 814 1888 invocationem,
843 1831 906 1890 post
939 1820 963 1871 si
986 1820 1014 1871 in
1042 1820 1240 1885 disceptatione
1263 1822 1445 1876 dealtissimo
1472 1837 1530 1889 my·

310 1904 515 1961 invocationem
532 1921 598 1962 vero
610 1914 806 1974 mutantur,-
818 1909 907 1975 placy·
940 1905 1024 1958 sterio
1046 1905 1164 1958 duarum
1184 1906 1212 1957 in
1228 1907 1336 1960 Christo
1355 1914 1530 1968 naturarum,

310 2015 345 2041 m
361 1995 477 2045 cattam,
489 1995 662 2056 mastonem
675 2024 708 2033 -
720 2002 747 2049 et
761 1997 813 2048 alia
824 1998 905 2060 fiunt,
939 1993 1287 2057 argumentumdeductum
1297 1995 1391 2047 exalio
1400 1995 1535 2061 mysterio

312 2080 347 2131 ita
361 2080 534 2134 hominicum
556 2095 657 2148 eorpus
679 2085 742 2148 post
767 2082 905 2135 ascensio·
938 2077 981 2131 vel
994 2077 1086 2130 miuus
1104 2087 1231 2132 accurate
1251 2080 1423 2143 enuntietur,
1437 2081 1476 2132 rel
1490 2080 1531 2131 ni-

312 2177 375 2217 nem
391 2166 419 2217 in
438 2166 556 2221 divinam
575 2168 756 2220 substantiam
769 2172 903 2220 mutatum
938 2163 991 2215 mis
1000 2164 1118 2229 probare
1134 2164 1269 2219 videatur.
1283 2168 1412 2219 Nostrum
1423 2173 1531 2219 nonest

312 2255 362 2302 est.
383 2270 396 2295 »
418 2252 577 2317 Respondet
597 2253 785 2306 brthodoxus:
801 2273 814 2299 α
831 2252 904 2306 Reti·
937 2249 1005 2301 illud
1026 2252 1236 2316 argumentandi
1257 2264 1344 2319 gemis
1369 2252 1534 2305 vindicare'r

312 2333 363 2386 bus
381 2330 786 2404 quaeipsetexuisticaptuses
810 2340 903 2404 Neque
936 2335 985 2387 sed
1015 2335 1082 2388 satis
1113 2337 1220 2389 muneri
1249 2342 1345 2390 nostro
1380 2336 1496 2389 fecimus
1515 2373 1528 2398 ,

312 2419 384 2471 enim
406 2422 530 2487 symbola
543 2422 657 2488 mystica
670 2428 734 2487 post
751 2422 903 2475 sanctitica-
937 2420 1111 2474 ostendendo
1129 2435 1161 2474 ex
1182 2428 1297 2487 utraque
1315 2428 1391 2486 parte
1410 2421 1439 2474 in
1465 2433 1530 2474 eou-

311 2500 413 2554 tionem
428 2503 559 2555 recedunt
575 2516 652 2555 asoa
666 2509 777 2564 natura;
792 2509 904 2557 manent
937 2506 1011 2558 fesso
1029 2506 1133 2568 luisse,
1154 2520 1216 2572 quae
1230 2507 1356 2571 apposita
1369 2512 1434 2559 sunt
1453 2506 1529 2559 invo-

310 2586 383 2639 enim
400 2587 428 2639 in
441 2588 533 2653 priore
545 2588 712 2648 substantia,
726 2593 753 2640 et
766 2588 904 2655 ligura,et
936 2589 1045 2642 catione
1061 2590 1161 2641 mutari
1185 2595 1213 2642 et
1238 2590 1291 2641 alia
1311 2589 1384 2652 lieri,
1411 2595 1439 2641 et
1467 2602 1530 2641 esse

310 2671 412 2732 torma,
425 2672 547 2725 etvideri
557 2672 686 2738 tangique
696 2678 823 2738 possunt,
834 2672 905 2724 sicut
938 2686 1000 2737 quae
1017 2674 1087 2726 iacta
1107 2677 1170 2726 sunt
1185 2680 1212 2726 et
1223 2674 1313 2737 credi,
1326 2673 1486 2734 etadorari,
1500 2682 1530 2726 ut

309 2761 337 2807 et
359 2754 437 2822 prius
452 2771 458 2807 :
474 2756 665 2824 intelliguntur
678 2764 770 2811 autom
791 2769 823 2810 ea
842 2770 904 2810 esse
937 2757 1054 2824 quaeilta
1068 2764 1132 2812 suot
1145 2759 1384 2825 quaecreduntur,
1398 2759 1529 2813 ottocari

299 2853 372 2906 -quae
384 2841 454 2895 iacta
467 2847 550 2905 sunt,
565 2848 592 2895 et
604 2843 769 2907 ereduntur,
780 2872 813 2883 -
825 2849 903 2894 taetra·
937 2857 1039 2911 corpus
1058 2850 1085 2898 et
1098 2846 1260 2913 sanguinem
1282 2846 1390 2898 Christi.
1415 2846 1492 2910 Quod
1505 2846 1534 2898 si

310 2928 364 2996 terp
375 2926 513 2993 lylnnmal
524 2930 654 2978 πιστιυιιιί
664 2934 729 2982 -et
742 2929 901 2994 adorantur,
935 2930 998 2996 ouis
1018 2929 1207 2996 symbolorum
1224 2943 1320 2984 vocem
1336 2931 1457 2998 dogmati
1482 2931 1531 2983 Ca·

309 3021 339 3066 ut
352 3022 413 3080 quae
427 3015 472 3068 illa
483 3021 549 3069 sunt
559 3028 621 3082 quae
630 3016 787 3069 ereduntur.
803 3015 903 3070 Confer
936 3015 1038 3068 tholieo
1051 3014 1161 3069 officere
1173 3022 1261 3082 putet,
1275 3017 1387 3069 lallitur:
1400 3030 1463 3070 nam
1477 3018 1530 3070 rite

310 3099 391 3167 igitur
412 3101 559 3169 imaginem
587 3116 649 3156 cum
681 3102 849 3169 archetypo,
874 3109 902 3155 et
935 3101 1073 3155 intellecta
1103 3103 1213 3155 innoxia
1242 3106 1303 3162 est3
1334 3117 1420 3168 ouum
1451 3105 1533 3156 enim

309 3184 415 3238 videbis
435 3186 655 3240 similitudinem.
687 3189 799 3252 Oportet
828 3186 901 3238 enim
935 3198 1037 3250 corpus
1072 3192 1100 3238 et
1125 3186 1239 3251 sanguis
1263 3187 1362 3240 Christi
1392 3201 1449 3241 non
1476 3200 1528 3241 no-

310 3269 421 3336 dguram
451 3271 568 3328 similem
601 3283 664 3322 esse
684 3268 798 3321 veritati.
829 3269 901 3320 lllud
936 3269 979 3320 bis
1000 3270 1194 3322 exhibeantur
1211 3269 1364 3332 intuenda,
1397 3284 1460 3336 quae
1492 3285 1525 3324 ea

309 3354 382 3406 enim
404 3368 506 3420 corpus
527 3353 646 3420 priorem
665 3352 749 3404 habet
769 3351 901 3414 formam,
935 3352 1069 3418 obtegunt
1091 3351 1215 3419 specics,
1235 3353 1422 3418 symbolorum
1440 3354 1528 3406 instar

309 3445 335 3492 et
356 3440 658 3506 circumscriptionem,
685 3444 727 3500 et,
754 3442 784 3489 ut
816 3437 900 3489 semel
934 3442 1007 3489 suut.
1019 3440 1056 3490 be
1072 3436 1238 3490 Theodoreti
1249 3437 1385 3490 sententia
1399 3438 1474 3490 nulla
1485 3445 1528 3491 est

309 3526 399 3579 dicam
413 3564 421 3589 ,
435 3526 559 3592 corporis
571 3523 752 3578 substantiam
767 3539 773 3576 :
788 3523 901 3577 immor·
933 3521 1077 3575 dubitandi
1096 3521 1182 3583 ratio;
1207 3522 1303 3575 scribit
1326 3524 1420 3575 enim:
1435 3541 1447 3569 a
1467 3526 1527 3577 Non

310 3611 363 3663 tale
393 3616 485 3664 autem
514 3616 577 3677 post
603 3610 900 3674 resurrectionem,'et
933 3609 1023 3663 solum
1045 3608 1174 3662 undecim
1198 3610 1352 3676 hpostolis,
1371 3611 1420 3663 sed
1443 3609 1534 3664 etiam

310 3695 759 3764 immuneacorruptionelactum
782 3701 842 3760 est,
857 3709 900 3749 se·
931 3695 1010 3747 Judae
1034 3694 1169 3761 proditori
1197 3697 1349 3760 pretiosum
1377 3710 1475 3762 eorpus
1500 3701 1526 3750 et

297 3767 299 3771 ’
310 3779 427 3848 demque.
439 3795 454 3834 a
471 3781 574 3836 dextris
586 3783 725 3848 adeptum,
738 3787 765 3835 ct
777 3782 811 3834 ab
824 3782 898 3835 omni
931 3781 1095 3848 sanguinem
1112 3780 1250 3846 impertiit.
1261 3781 1294 3830 »¹

310 3873 432 3920 creatura
445 3867 590 3931 adoratur,
604 3867 667 3934 quia
682 3867 899 3920 bomininaturae
966 3867 1026 3918 258.
1049 3865 1108 3931 Otp‘.
1132 3867 1171 3917 18.
1191 3868 1219 3918 S.
1234 3865 1359 3919 Celusius
1375 3869 1446 3931 Papa
1458 3868 1525 3919 scri-

311 3961 411 4016 corpus
432 3953 593 4018 appellatur.
615 3972 628 3998 »
655 3955 692 4003 lix
713 3952 841 4018 dogmate
863 3952 898 4004 de
932 3951 973 4002 bit
986 3965 993 4001 ε
1008 3970 1019 3995 α
1034 3952 1112 4002 Certe
1122 3952 1297 4003 Sacramenta
1308 3964 1370 4016 quac
1379 3951 1534 4014 sumimus,

311 4045 424 4101 corpore
436 4043 463 4090 et
475 4037 608 4103 sanguine
623 4035 744 4099 bomini,
764 4040 826 4100 post
837 4046 902 4087 eon·
934 4033 1058 4098 corporis
1082 4038 1110 4086 et
1128 4033 1270 4099 sanguinis
1294 4034 1409 4097 christi,
1434 4034 1526 4088 divina

311 4124 489 4177 secretionem
498 4121 693 4188 praesentibus,
704 4119 897 4186 Eutychianos,
933 4132 979 4171 res
1001 4124 1058 4179 est;
1084 4124 1197 4184 propter
1217 4119 1291 4184 quod
1310 4125 1338 4184 et
1359 4132 1409 4184 per
1428 4118 1534 4186 eadem

312 4205 416 4260 unicam
445 4220 599 4275 agnoscens
624 4205 723 4258 Christi
753 4209 898 4268 naturam,
933 4203 1034 4257 divinae
1047 4203 1178 4257 efficimur
1195 4209 1339 4257 consortes
1358 4208 1479 4266 naturae,
1498 4210 1527 4257 et

312 4294 449 4354 quaerebat
470 4296 662 4360 argumentum
679 4289 821 4352 derivare,
843 4301 916 4354 ouo·
933 4295 1025 4342 tamen
1043 4301 1171 4342 essenon
1185 4287 1287 4341 desinit
1297 4286 1451 4341 substantia
1462 4325 1470 4351 ,
1481 4290 1532 4342 ael¹

313 4375 438 4436 probaret
450 4383 512 4444 post
529 4376 720 4431 ascensionem
732 4387 832 4440 corpus
842 4385 898 4428 non
932 4378 1030 4427 natura
1043 4374 1122 4440 panis
1138 4379 1165 4426 et
1181 4373 1247 4427 vini.
1258 4373 1295 4420 »¹

314 4470 373 4515 esse
395 4463 544 4530 palpabile,
574 4462 697 4527 risibile,
727 4459 899 4515 circumscri-
965 4458 1025 4511 259.
1045 4459 1124 4524 desp.
1144 4458 1224 4511 biber
1239 4457 1285 4512 ille
1303 4459 1439 4514 Gelasium
1451 4464 1533 4529 Cyn·

338 4722 533 4782 (becuminem
547 4725 563 4768 i.
576 4726 603 4767 ad
618 4724 716 4767 Corinth.
734 4735 753 4765 c.
769 4724 798 4765 xi.
807 4724 899 4766 billlcui·
930 4722 1018 4778 petm'te'
1029 4722 1057 4763 da
1066 4723 1090 4764 lo
1098 4723 1144 4776 sol,
1155 4723 1239 4765 tomii.
1249 4723 1263 4763 l.
1272 4734 1294 4764 v.
1307 4733 1346 4776 per
1354 4717 1441 4764 totum.'

314 4793 376 4835 tatem
399 4797 462 4838 diluit
479 4797 581 4850 preclare
598 4800 673 4836 auctor
686 4793 759 4848 operia
776 4806 782 4834 a
803 4794 835 4835 lo
848 4801 898 4846 per·
959 4789 1373 4844 [tlh.dadaabneinChrietouctaric.
