3792 5550
451 563 520 614 ele.
534 563 554 612 Ι.
573 562 614 612 bh
633 563 819 615 eolesuxrl]
837 563 1074 614 {chonebertus
1093 563 1303 615 CONCEDENDI.
1436 563 1485 616 287
1529 527 1530 530 Ἴ

311 676 350 728 28.
369 679 447 742 Resp.
466 677 635 743 Aliquando,
663 678 703 730 uti
723 692 806 745 supra
825 679 864 732 di-
897 677 1043 730 debebant.
1065 679 1151 730 Hodie
1170 679 1272 744 ubique
1286 685 1418 731 terrarum
1439 691 1487 731 ex-

281 763 382 826 uimus,
395 763 618 816 concedebantur
634 764 811 830 indulgentiae
830 765 863 817 iis
897 763 1042 828 quiruntur
1064 777 1079 815 a
1098 764 1222 816 fidelibus
1252 765 1375 816 subsidia
1393 764 1421 816 in
1443 764 1488 830 pia

281 847 322 913 qui
334 849 521 914 eleemosynas
535 848 562 899 in
581 849 619 901 rei
633 850 789 902 christianae
799 851 864 903 sub·
897 859 995 912 opera,
1009 849 1112 913 absque
1133 849 1177 901 illa
1190 848 1367 916 indulgentiae
1381 850 1488 916 pollici-

226 952 235 964 *
281 933 377 986 sidium
395 938 494 1000 sponte
514 934 687 996 conterrent;
708 935 782 1000 quod
807 948 864 988 non
897 933 1095 998 tationezquae
1119 933 1230 998 quidem
1256 936 1280 986 si
1305 935 1485 1002 adjiceretur,

281 1024 333 1072 erat
349 1021 459 1073 venales
477 1033 524 1073 eas
538 1034 693 1087 exponere,
706 1022 754 1074 sed
769 1024 864 1088 gratiae
897 1031 954 1071 non
967 1019 1125 1071 desinerent
1134 1021 1315 1087 eleemosynae
1323 1033 1385 1073 esse
1394 1021 1489 1076 volun·

281 1111 306 1157 et
320 1105 442 1158 beneficii
454 1105 584 1171 spiritalis
597 1105 696 1159 intuitu
714 1106 811 1160 iideles
829 1107 863 1158 ad
897 1103 991 1166 tariae,
1017 1109 1044 1156 et
1065 1104 1120 1157 ileo
1142 1112 1269 1170 acceptae.
1293 1109 1426 1158 caeterum
1450 1106 1486 1159 ob

282 1203 358 1256 opera
370 1190 509 1244 chariratis
523 1191 642 1244 allicere.
656 1191 730 1244 Sicut
740 1191 766 1242 iu
778 1194 864 1245 Evan-
897 1190 1069 1252 Quaestorum
1087 1191 1210 1254 abusus,
1231 1191 1277 1257 qui
1293 1193 1336 1246 vel
1348 1192 1490 1258 indulgen·

282 1276 347 1342 gello
357 1290 454 1342 magna
466 1277 662 1342 promittuntur
674 1267 786 1342 praemia
795 1279 865 1329 elee-
897 1277 997 1330 tiarum
1023 1278 1078 1332 vim
1102 1281 1317 1346 exaggerabant,
1343 1283 1385 1334 vel
1406 1279 1488 1333 nimis

282 1373 404 1427 mosynas
426 1361 609 1425 iacientibus,
638 1362 675 1413 ita
704 1361 793 1415 visum
821 1368 864 1414 est
897 1363 1071 1430 importunos
1091 1379 1120 1417 se
1139 1365 1315 1430 praebuerunt
1327 1367 1355 1416 in
1368 1367 1489 1418 eleemo-

282 1447 441 1498 Praesulibus
464 1446 593 1498 Ecclesiae
615 1447 760 1498 thesauros
783 1446 864 1512 spiri·
897 1463 1027 1515 synarum
1044 1450 1190 1515 petitione,
1203 1464 1303 1502 munus
1315 1450 1382 1502 illud
1393 1463 1407 1502 a
1419 1452 1489 1503 Gon·

283 1531 364 1583 tuales
382 1531 537 1594 effundere,
550 1531 684 1585 utlideles
697 1532 731 1584 ad
749 1533 865 1584 eleemo
898 1533 1489 1603 cilioTridentinoahrogatumestuhbusus

282 1628 362 1680 synas
373 1617 528 1684 largiendas
540 1616 731 1669 excitarentur.
742 1615 786 1668 Sic
799 1617 866 1668 Con·
897 1631 973 1682 vero,
987 1636 1003 1666 >a
1013 1619 1117 1685 inquit,
1135 1640 1146 1666 u
1159 1621 1204 1686 qui
1218 1623 1245 1672 in
1258 1622 1300 1673 his
1310 1621 1488 1687 irrepserunt,

282 1701 367 1754 cilium
388 1703 563 1755 Triburiense
577 1714 649 1754 anno
670 1703 721 1754 895
741 1701 866 1766 permisit
899 1709 926 1755 et
944 1716 1061 1768 quorum
1084 1705 1228 1759 occasione
1250 1706 1357 1772 insigne
1376 1707 1429 1760 hoc
1447 1705 1488 1758 iu-

281 1787 311 1839 iis
330 1789 376 1854 qui
397 1790 521 1855 jejunare
541 1800 597 1839 non
622 1792 767 1852 poterant,
789 1787 865 1853 juxta
900 1787 1216 1854 dulgentiarumnomen
1233 1792 1267 1842 ab
1281 1792 1416 1844 haereticis
1433 1792 1489 1844 bla-

281 1885 412 1926 canonum
431 1873 552 1939 vigorem
565 1911 573 1936 ‚
588 1877 617 1924 ut
629 1873 865 1938 eleemosynarum
900 1873 1081 1938 sphematur‚
1107 1875 1268 1928 emendatos
1297 1882 1324 1929 et
1349 1881 1487 1929 correctos

280 1960 419 2026 largitione
435 1959 540 2026 jejunia
567 1959 650 2012 veluti
679 1959 865 2022 redimerent;
899 1958 1029 2023 cupiens,
1050 1961 1178 2024 praesenti
1193 1960 1303 2014 decreto
1326 1960 1489 2026 generaliter

280 2046 485 2112 exigenstameu
493 2053 522 2098 ut
530 2045 729 2112 impedimento
740 2049 866 2098 cessante
899 2043 1010 2108 statuit,
1024 2058 1121 2110 pravos
1134 2049 1256 2110 quaestus
1275 2059 1370 2099 omnes
1383 2058 1432 2111 pro
1446 2045 1488 2098 his

277 2131 449 2197 jejunarent:
466 2151 479 2177 α
493 2135 638 2196 postquam
657 2132 692 2184 de
707 2131 804 2184 itinere
817 2131 865 2183 do·
899 2131 1117 2194 consequendis,
1141 2131 1215 2184 unde
1234 2131 1350 2197 plurima
1368 2131 1396 2183 in
1418 2132 1490 2184 chri·

280 2230 351 2268 mum
382 2223 550 2281 revertatur,
576 2222 623 2270 aut
646 2217 682 2270 de
709 2216 866 2270 infirmitate
899 2214 989 2267 stiano
1009 2217 1112 2282 populo
1132 2217 1268 2269 ahusuum
1286 2229 1368 2269 causa
1392 2215 1489 2280 linxit,

280 2301 570 2368 liberetur,praedictas
581 2302 726 2356 ieriasuon
738 2303 865 2367 redimat,
899 2300 1012 2354 omnino
1031 2302 1182 2355 abolendos
1193 2315 1264 2354 esse.
1284 2301 1318 2348 »⁴

280 2387 324 2438 sed
335 2394 436 2440 statuto
444 2396 568 2454 tempore
579 2390 721 2455 poeniteat.
733 2409 745 2435 n
755 2388 764 2422 ¹
776 2389 866 2442 hbbas
934 2387 975 2438 29.
993 2387 1052 2452 Ohj.
1066 2389 1090 2439 8.
1105 2388 1214 2440 infamis
1232 2401 1345 2454 prorsus
1364 2388 1489 2442 luitolim

279 2469 378 2538 ltegino
392 2472 419 2524 in
439 2472 602 2526 collectione
619 2474 804 2540 manuscripta
824 2487 868 2526 re·
899 2473 1130 2540 indulgentiarum
1148 2473 1328 2528 nundinatio:
1342 2488 1407 2543 narn
1426 2489 1490 2529 ven·

279 2554 448 2622 demptiones
460 2558 523 2619 illas
541 2559 701 2611 recensuit:
717 2577 734 2606 «
756 2559 782 2610 Si
806 2558 867 2622 quis
900 2558 1016 2610 debatur
1028 2572 1041 2610 a
1055 2559 1183 2611 Pontifice
1200 2561 1245 2625 jus
1259 2561 1405 2625 colligendi
1418 2562 1490 2613 elee-

278 2640 343 2695 iorte
362 2657 418 2695 non
430 2643 549 2708 potuerit
559 2645 693 2709 jejunare,
706 2643 868 2696 ethabuerit
900 2655 1030 2708 mosynas
1043 2642 1163 2694 fidelium
1174 2680 1182 2706 ,
1198 2655 1259 2707 quae
1272 2643 1387 2708 proinde
1399 2644 1426 2695 in
1438 2644 1492 2709 pri·

278 2727 349 2780 unde
364 2727 453 2793 possit
471 2727 624 2792 redimere,
639 2727 662 2780 si
681 2727 756 2782 dives
769 2727 865 2789 luerit,
900 2729 954 2783 vati
968 2729 1087 2782 hominis
1098 2768 1106 2794 ‚
1119 2729 1251 2795 emptoris
1263 2729 1386 2795 scilicet,
1408 2730 1491 2785 cede-

278 2825 324 2876 pro
339 2818 444 2878 septem
459 2812 678 2866 hebdomadibus
695 2815 742 2866 det
761 2813 868 2866 solidos
900 2816 967 2868 bant
979 2816 1132 2869 utilitatem.

279 2897 388 2963 uiginti,
414 2918 426 2944 u
455 2898 533 2951 etc.²
555 2898 707 2953 Occasione
731 2900 866 2952 bellorum
933 2904 975 2955 30.
996 2904 1074 2969 licsp.
1088 2906 1146 2957 Nou
1164 2918 1194 2957 ea
1210 2904 1259 2957 luit
1277 2908 1408 2958 consueta
1421 2903 1491 2959 ratio

278 2996 337 3047 quae
364 2988 546 3049 susceperunt
571 2983 717 3038 Christiani
747 2984 866 3039 crucesi·
900 2988 1090 3055 eleemosynas
1102 2990 1264 3057 colligendi3
1279 2990 1327 3043 sed
1348 3006 1433 3057 quum
1445 3006 1488 3043 ur·

279 3069 364 3133 gnati,
392 3070 569 3136 indulgentiae
594 3071 694 3123 oblatae
724 3075 789 3123 sunt
809 3070 868 3123 cui·
900 3077 976 3141 geret
986 3075 1214 3139 necessitas,non
1225 3077 1349 3143 iniquum
1362 3078 1445 3130 Leoni
1456 3080 1487 3129 x.

279 3166 392 3221 cumque
412 3156 459 3223 qui
474 3176 486 3202 «
499 3169 549 3222 pro
567 3158 626 3209 sola
637 3156 799 3215 devotione,
811 3170 867 3209 nou
899 3160 988 3213 visum
1001 3167 1044 3212 est
1056 3174 1071 3212 a
1085 3161 1168 3214 divite
1180 3162 1271 3214 statim
1284 3161 1405 3227 recipere
1418 3176 1490 3214 sum-

278 3252 325 3303 pro
335 3242 460 3305 honoris,
470 3243 514 3295 vel
523 3240 649 3306 pecuniae
661 3239 820 3305 adeptione,
833 3240 867 3293 ad
899 3256 974 3295 mam
990 3244 1082 3309 templi
1103 3246 1232 3297 erectioni
1258 3245 1489 3311 impendendam,

279 3325 445 3379 liberandam
467 3326 616 3379 Ecclesiam
633 3324 679 3377 llei
700 3324 868 3377 Hierusalem
902 3342 984 3393 quam
1002 3328 1046 3381 hic
1059 3342 1091 3381 ex
1106 3329 1287 3395 eleemosynis
1299 3330 1421 3381 lidelium
1434 3331 1489 3383 col-

279 3410 413 3473 profectus
434 3411 528 3473 luerit;
543 3410 579 3456 »ὅ
597 3414 624 3463 et
638 3410 720 3463 etiam
739 3410 869 3463 omuibus
901 3413 1038 3480 ligendam
1063 3414 1199 3478 sperabat.
1225 3416 1283 3466 Non
1307 3413 1369 3466 ideo
1386 3418 1489 3467 mutata

279 3497 419 3559 pecuniam
433 3497 462 3549 in
483 3497 547 3550 belli
570 3496 640 3549 sacri
652 3496 792 3562 impensas
805 3537 812 3559 ,
825 3498 869 3551 vel
902 3502 944 3551 est
963 3498 1031 3550 ratio
1044 3497 1273 3563 indulgentiarum
1287 3518 1292 3547 :
1310 3497 1405 3551 fideles
1414 3496 1488 3551 enim

279 3580 377 3635 milites
389 3582 640 3648 suppeditantibus.
653 3583 771 3648 AEquum
780 3582 868 3636 visum
902 3576 1000 3649 sponte
1022 3581 1174 3635 offerebant
1198 3583 1400 3651 eleemosynas,
1428 3596 1490 3650 quac

280 3671 319 3718 est
336 3672 365 3720 ut
388 3669 434 3734 qui
457 3668 522 3721 lidei
544 3669 636 3721 studio
651 3668 794 3735 pecuniam
806 3682 869 3722 con·
902 3670 1013 3725 divitem
1028 3668 1184 3723 indemnem
1196 3670 1342 3745 redderent
1353 3671 1387 3748 de
1401 3671 1490 3723 soluta

280 3754 396 3816 terrent,
412 3754 485 3806 haud
497 3754 572 3807 omni
594 3759 718 3807 carerent
743 3756 869 3809 mercede
901 3756 1030 3810 Ecclesiae
1049 3768 1130 3809 causa
1152 3756 1276 3821 pecunia.
1309 3756 1339 3808 ln
1357 3756 1489 3822 privatam

282 3840 349 3903 apud
362 3838 522 3901 Ecclesiam,
533 3839 651 3905 ideoque
664 3845 691 3893 et
700 3841 869 3905 poeuitentiae
901 3841 1045 3895 utilitatem
1058 3841 1274 3905 concedebant,
1288 3843 1413 3907 quamvis
1422 3856 1490 3895 cou-

282 3927 409 3979 sereritas
421 3925 464 3977 his
478 3924 599 3992 mitigata
609 3932 660 3979 est.
670 3927 755 3979 Simili
763 3929 869 3982 ratione
901 3930 1008 3994 tingere
1027 3933 1120 3992 posset
1139 3933 1168 3979 ut
1188 3928 1231 3979 cui
1244 3928 1363 3980 locatum
1374 3933 1432 3980 erat
1444 3930 1490 3995 jus

280 4009 455 4078 indulgentiae
477 4016 571 4076 postea
592 4012 815 4066 concedebantur
832 4013 868 4065 iis
901 4024 949 4064 eas
961 4011 1106 4076 colligendi
1122 4010 1224 4075 aliquid
1236 4012 1395 4074 lucraretur,
1415 4012 1489 4077 qnod

280 4098 324 4161 oui
338 4097 628 4165 spontecouierebant
639 4098 827 4165 eleemosynas
839 4098 866 4150 in
901 4095 1053 4162 periculum
1070 4096 1098 4148 in
1111 4109 1142 4149 se
1152 4102 1310 4161 susceptum
1328 4108 1488 4161 compensa·

280 4184 459 4238 Ecclesiarum
481 4184 666 4245 erectionem,
692 4184 737 4237 vel
760 4183 788 4235 in
815 4184 867 4236 alia
901 4187 952 4235 ret.
974 4184 1109 4234 Caeterum
1129 4194 1228 4247 magna
1256 4194 1349 4233 secum
1377 4182 1488 4235 trahere

278 4267 504 4336 pietatisopera:
524 4282 587 4336 quae
611 4275 704 4321 tamen
727 4280 868 4333 nunquam
901 4267 1090 4331 incommoda,
1110 4272 1136 4319 et
1159 4266 1279 4331 speciem
1301 4266 1400 4319 malam
1421 4278 1490 4333 prae·

279 4350 304 4403 in
323 4354 438 4421 alicujus
456 4354 588 4421 privatam
601 4353 746 4407 utilitatem
769 4352 868 4408 cedere
901 4354 1001 4408 seierre
1028 4352 1103 4407 illam
1132 4352 1230 4419 agendi
1259 4352 1392 4407 rationem
1417 4354 1490 4407 haud

303 4615 330 4666 (ι)
339 4616 393 4656 Can.
406 4617 443 4658 lvi.
926 4618 955 4669 (ij
971 4619 1036 4660 Cone.
1045 4617 1204 4659 claromonten.
1213 4628 1249 4658 an.
1260 4618 1316 4659 toto.

304 4686 332 4736 (t)
342 4686 403 4737 Apud
417 4686 549 4727 hrouenium
559 4688 586 4728 de
599 4687 866 4730 remunerabimini
929 4686 956 4739 (ej
967 4688 1026 4728 Sese.
1036 4698 1082 4727 xxv.
1093 4686 1152 4727 beer.
1167 4686 1193 4727 de
1204 4686 1355 4739 indulgentiis.

279 4762 317 4803 qu.
330 4753 367 4793 vii.
377 4754 404 4793 de
412 4754 561 4806 indulgentiis.
