<?xml version="1.0" encoding="UTF-8"?>
<!DOCTYPE html PUBLIC "-//W3C//DTD XHTML 1.0 Transitional//EN"
    "http://www.w3.org/TR/xhtml1/DTD/xhtml1-transitional.dtd">
<html xmlns="http://www.w3.org/1999/xhtml" xml:lang="en" lang="en">
 <head>
  <title>
</title>
<meta http-equiv="Content-Type" content="text/html;charset=utf-8" />
  <meta name='ocr-system' content='tesseract 3.04.00' />
  <meta name='ocr-capabilities' content='ocr_page ocr_carea ocr_par ocr_line ocrx_word'/>
</head>
<body>
  <div class='ocr_page' id='page_1' title='image "./theologiadogmat02kenrgoog_0309.png"; bbox 0 0 3792 5550; ppageno 0'>
   <div class='ocr_carea' id='block_1_1' title="bbox 540 496 1531 554">
    <p class='ocr_par' dir='ltr' id='par_1_1' title="bbox 540 496 1531 554">
     <span class='ocr_line' id='line_1_1' title="bbox 540 496 1531 554; baseline 0.004 -6"><span class='ocrx_word' id='word_1_1' title='bbox 540 496 610 548; x_wconf 76' lang='lat' dir='ltr'>eir.</span> <span class='ocrx_word' id='word_1_2' title='bbox 628 496 668 548; x_wconf 86' lang='lat' dir='ltr'>lv.</span> <span class='ocrx_word' id='word_1_3' title='bbox 688 497 729 548; x_wconf 76' lang='lat' dir='ltr'>DE</span> <span class='ocrx_word' id='word_1_4' title='bbox 747 496 1033 548; x_wconf 76' lang='lat' dir='ltr'>luhuhcltuilduhlt</span> <span class='ocrx_word' id='word_1_5' title='bbox 1051 496 1294 551; x_wconf 74' lang='lat' dir='ltr'>arrhlcarlodll.</span> <span class='ocrx_word' id='word_1_6' title='bbox 1481 498 1531 554; x_wconf 74' lang='lat'>295</span> 
     </span>
    </p>
   </div>
   <div class='ocr_carea' id='block_1_2' title="bbox 313 607 1567 1192">
    <p class='ocr_par' dir='ltr' id='par_1_2' title="bbox 313 607 1567 1192">
     <span class='ocr_line' id='line_1_2' title="bbox 316 607 1527 681; baseline 0.001 -17"><span class='ocrx_word' id='word_1_7' title='bbox 316 607 546 676; x_wconf 79' lang='lat' dir='ltr'>roluirjuhilaeum</span> <span class='ocrx_word' id='word_1_8' title='bbox 557 610 786 679; x_wconf 82' lang='lat' dir='ltr'>quinquagesimo</span> <span class='ocrx_word' id='word_1_9' title='bbox 794 624 903 679; x_wconf 82' lang='lat' dir='ltr'>quoque</span> <span class='ocrx_word' id='word_1_10' title='bbox 937 610 1089 664; x_wconf 85' lang='lat' dir='ltr'>scilicetne</span> <span class='ocrx_word' id='word_1_11' title='bbox 1110 612 1181 664; x_wconf 87' lang='lat' dir='ltr'>ultra</span> <span class='ocrx_word' id='word_1_12' title='bbox 1203 625 1305 667; x_wconf 89' lang='lat' dir='ltr'>annum</span> <span class='ocrx_word' id='word_1_13' title='bbox 1330 613 1527 681; x_wconf 81' lang='lat' dir='ltr'>indulgentiam</span> 
     </span>
     <span class='ocr_line' id='line_1_3' title="bbox 313 694 1530 764; baseline 0.003 -16"><span class='ocrx_word' id='word_1_14' title='bbox 313 707 388 748; x_wconf 83' lang='lat' dir='ltr'>anno</span> <span class='ocrx_word' id='word_1_15' title='bbox 407 694 547 748; x_wconf 85' lang='lat' dir='ltr'>celebrari.</span> <span class='ocrx_word' id='word_1_16' title='bbox 562 696 686 749; x_wconf 85' lang='lat' dir='ltr'>Urbanus</span> <span class='ocrx_word' id='word_1_17' title='bbox 698 697 738 748; x_wconf 90' lang='lat' dir='ltr'>Vl.</span> <span class='ocrx_word' id='word_1_18' title='bbox 753 707 826 749; x_wconf 85' lang='lat' dir='ltr'>anno</span> <span class='ocrx_word' id='word_1_19' title='bbox 839 698 904 748; x_wconf 66' lang='lat'>1389</span> <span class='ocrx_word' id='word_1_20' title='bbox 938 695 1092 750; x_wconf 82' lang='lat' dir='ltr'><strong>tribuerent</strong></span> <span class='ocrx_word' id='word_1_21' title='bbox 1108 695 1136 749; x_wconf 89' lang='lat' dir='ltr'>in</span> <span class='ocrx_word' id='word_1_22' title='bbox 1153 697 1328 752; x_wconf 81' lang='lat' dir='ltr'>dedicatione</span> <span class='ocrx_word' id='word_1_23' title='bbox 1342 700 1490 764; x_wconf 81' lang='lat' dir='ltr'>Ecclesiae,</span> <span class='ocrx_word' id='word_1_24' title='bbox 1503 707 1530 752; x_wconf 91' lang='lat' dir='ltr'>et</span> 
     </span>
     <span class='ocr_line' id='line_1_4' title="bbox 317 781 1535 848; baseline 0.003 -14"><span class='ocrx_word' id='word_1_25' title='bbox 317 781 431 834; x_wconf 82' lang='lat' dir='ltr'>indulsit</span> <span class='ocrx_word' id='word_1_26' title='bbox 448 788 478 833; x_wconf 90' lang='lat' dir='ltr'>ut</span> <span class='ocrx_word' id='word_1_27' title='bbox 495 786 558 846; x_wconf 88' lang='lat' dir='ltr'>post</span> <span class='ocrx_word' id='word_1_28' title='bbox 576 794 664 835; x_wconf 85' lang='lat' dir='ltr'>annos</span> <span class='ocrx_word' id='word_1_29' title='bbox 682 781 792 847; x_wconf 83' lang='lat' dir='ltr'>triginta</span> <span class='ocrx_word' id='word_1_30' title='bbox 805 787 860 836; x_wconf 88' lang='lat' dir='ltr'>tres</span> <span class='ocrx_word' id='word_1_31' title='bbox 877 782 905 834; x_wconf 90' lang='lat' dir='ltr'>in</span> <span class='ocrx_word' id='word_1_32' title='bbox 938 782 1009 833; x_wconf 87' lang='lat' dir='ltr'>ultra</span> <span class='ocrx_word' id='word_1_33' title='bbox 1019 781 1199 848; x_wconf 79' lang='lat' dir='ltr'>quadraginta</span> <span class='ocrx_word' id='word_1_34' title='bbox 1211 783 1271 836; x_wconf 89' lang='lat' dir='ltr'>dies</span> <span class='ocrx_word' id='word_1_35' title='bbox 1283 783 1310 836; x_wconf 90' lang='lat' dir='ltr'>in</span> <span class='ocrx_word' id='word_1_36' title='bbox 1323 785 1384 838; x_wconf 89' lang='lat' dir='ltr'>aliis</span> <span class='ocrx_word' id='word_1_37' title='bbox 1396 785 1535 838; x_wconf 68' lang='lat' dir='ltr'>casibus*¹</span> 
     </span>
     <span class='ocr_line' id='line_1_5' title="bbox 313 865 1530 933; baseline 0.003 -15"><span class='ocrx_word' id='word_1_38' title='bbox 313 866 455 919; x_wconf 79' lang='lat' dir='ltr'>christiin</span> <span class='ocrx_word' id='word_1_39' title='bbox 469 866 549 920; x_wconf 88' lang='lat' dir='ltr'>terris</span> <span class='ocrx_word' id='word_1_40' title='bbox 567 867 630 921; x_wconf 81' lang='lat' dir='ltr'>vitae</span> <span class='ocrx_word' id='word_1_41' title='bbox 642 867 776 920; x_wconf 81' lang='lat' dir='ltr'>honorem</span> <span class='ocrx_word' id='word_1_42' title='bbox 787 866 906 920; x_wconf 85' lang='lat' dir='ltr'>celehra-</span> <span class='ocrx_word' id='word_1_43' title='bbox 938 865 1007 919; x_wconf 88' lang='lat' dir='ltr'>llinc</span> <span class='ocrx_word' id='word_1_44' title='bbox 1025 865 1263 933; x_wconf 79' lang='lat' dir='ltr'>interrogabantur</span> <span class='ocrx_word' id='word_1_45' title='bbox 1286 868 1367 923; x_wconf 91' lang='lat' dir='ltr'>iidem</span> <span class='ocrx_word' id='word_1_46' title='bbox 1382 885 1388 921; x_wconf 92' lang='lat'>:</span> <span class='ocrx_word' id='word_1_47' title='bbox 1411 873 1530 924; x_wconf 70' lang='lat' dir='ltr'>«utrum</span> 
     </span>
     <span class='ocr_line' id='line_1_6' title="bbox 316 950 1530 1022; baseline 0.002 -18"><span class='ocrx_word' id='word_1_48' title='bbox 316 956 399 1004; x_wconf 83' lang='lat' dir='ltr'>retur.</span> <span class='ocrx_word' id='word_1_49' title='bbox 422 952 522 1004; x_wconf 83' lang='lat' dir='ltr'>Paulus</span> <span class='ocrx_word' id='word_1_50' title='bbox 539 952 572 1002; x_wconf 91' lang='lat' dir='ltr'>ll.</span> <span class='ocrx_word' id='word_1_51' title='bbox 591 963 666 1004; x_wconf 90' lang='lat' dir='ltr'>anno</span> <span class='ocrx_word' id='word_1_52' title='bbox 679 950 905 1018; x_wconf 83' lang='lat' dir='ltr'>ltltl,vigesimo</span> <span class='ocrx_word' id='word_1_53' title='bbox 939 951 1068 1016; x_wconf 84' lang='lat' dir='ltr'>credant,</span> <span class='ocrx_word' id='word_1_54' title='bbox 1096 952 1170 1017; x_wconf 88' lang='lat' dir='ltr'>quod</span> <span class='ocrx_word' id='word_1_55' title='bbox 1199 953 1297 1019; x_wconf 83' lang='lat' dir='ltr'>singuli</span> <span class='ocrx_word' id='word_1_56' title='bbox 1318 955 1446 1022; x_wconf 77' lang='lat' dir='ltr'>Episcopi</span> <span class='ocrx_word' id='word_1_57' title='bbox 1472 955 1530 1008; x_wconf 87' lang='lat' dir='ltr'>suis</span> 
     </span>
     <span class='ocr_line' id='line_1_7' title="bbox 315 1036 1531 1102; baseline 0.004 -13"><span class='ocrx_word' id='word_1_58' title='bbox 315 1036 412 1102; x_wconf 80' lang='lat' dir='ltr'>quinto</span> <span class='ocrx_word' id='word_1_59' title='bbox 424 1048 498 1091; x_wconf 88' lang='lat' dir='ltr'>anno</span> <span class='ocrx_word' id='word_1_60' title='bbox 512 1042 684 1101; x_wconf 84' lang='lat' dir='ltr'>recurrente,</span> <span class='ocrx_word' id='word_1_61' title='bbox 693 1050 758 1090; x_wconf 88' lang='lat' dir='ltr'>curn</span> <span class='ocrx_word' id='word_1_62' title='bbox 773 1037 906 1090; x_wconf 88' lang='lat' dir='ltr'>celehrari</span> <span class='ocrx_word' id='word_1_63' title='bbox 939 1036 1058 1090; x_wconf 83' lang='lat' dir='ltr'>subditis</span> <span class='ocrx_word' id='word_1_64' title='bbox 1070 1037 1222 1100; x_wconf 89' lang='lat' dir='ltr'>secundum</span> <span class='ocrx_word' id='word_1_65' title='bbox 1241 1038 1432 1093; x_wconf 85' lang='lat' dir='ltr'>limitationem</span> <span class='ocrx_word' id='word_1_66' title='bbox 1442 1053 1531 1094; x_wconf 82' lang='lat' dir='ltr'>sacro</span> 
     </span>
     <span class='ocr_line' id='line_1_8' title="bbox 317 1113 1567 1192; baseline 0.002 -16"><span class='ocrx_word' id='word_1_67' title='bbox 317 1122 450 1189; x_wconf 78' lang='lat' dir='ltr'>permisit.</span> <span class='ocrx_word' id='word_1_68' title='bbox 473 1123 568 1177; x_wconf 81' lang='lat' dir='ltr'>Plures</span> <span class='ocrx_word' id='word_1_69' title='bbox 593 1123 737 1177; x_wconf 81' lang='lat' dir='ltr'>Pontifices</span> <span class='ocrx_word' id='word_1_70' title='bbox 757 1136 821 1176; x_wconf 89' lang='lat' dir='ltr'>eum</span> <span class='ocrx_word' id='word_1_71' title='bbox 845 1137 907 1190; x_wconf 82' lang='lat' dir='ltr'>pro</span> <span class='ocrx_word' id='word_1_72' title='bbox 940 1113 1157 1176; x_wconf 88' lang='lat' dir='ltr'>rum&#39;canonum</span> <span class='ocrx_word' id='word_1_73' title='bbox 1171 1124 1329 1190; x_wconf 85' lang='lat' dir='ltr'>hujusmodi</span> <span class='ocrx_word' id='word_1_74' title='bbox 1346 1125 1530 1192; x_wconf 87' lang='lat' dir='ltr'>indulgentias</span> <span class='ocrx_word' id='word_1_75' title='bbox 1565 1119 1567 1123; x_wconf 80' lang='grc'><strong>’</strong></span> 
     </span>
    </p>
   </div>
   <div class='ocr_carea' id='block_1_3' title="bbox 313 1207 1548 2562">
    <p class='ocr_par' dir='ltr' id='par_1_3' title="bbox 313 1207 1548 2562">
     <span class='ocr_line' id='line_1_9' title="bbox 317 1207 1531 1278; baseline 0.003 -18"><span class='ocrx_word' id='word_1_76' title='bbox 317 1209 475 1276; x_wconf 87' lang='lat' dir='ltr'>mulgarunt</span> <span class='ocrx_word' id='word_1_77' title='bbox 491 1208 637 1263; x_wconf 83' lang='lat' dir='ltr'>occasione</span> <span class='ocrx_word' id='word_1_78' title='bbox 648 1221 706 1262; x_wconf 82' lang='lat' dir='ltr'>suae</span> <span class='ocrx_word' id='word_1_79' title='bbox 717 1209 905 1271; x_wconf 79' lang='lat' dir='ltr'>exaltationis,</span> <span class='ocrx_word' id='word_1_80' title='bbox 940 1207 1092 1262; x_wconf 86' lang='lat' dir='ltr'>concedere</span> <span class='ocrx_word' id='word_1_81' title='bbox 1111 1210 1238 1274; x_wconf 75' lang='lat' dir='ltr'>possint?</span> <span class='ocrx_word' id='word_1_82' title='bbox 1254 1209 1288 1256; x_wconf 61' lang='grc' dir='ltr'>ιδ</span> <span class='ocrx_word' id='word_1_83' title='bbox 1304 1211 1531 1278; x_wconf 77' lang='lat' dir='ltr'>archiepiscopus</span> 
     </span>
     <span class='ocr_line' id='line_1_10' title="bbox 316 1292 1531 1364; baseline 0.002 -18"><span class='ocrx_word' id='word_1_84' title='bbox 316 1294 360 1346; x_wconf 85' lang='lat' dir='ltr'>vel</span> <span class='ocrx_word' id='word_1_85' title='bbox 393 1292 430 1346; x_wconf 91' lang='lat' dir='ltr'>oh</span> <span class='ocrx_word' id='word_1_86' title='bbox 457 1306 568 1361; x_wconf 84' lang='lat' dir='ltr'>gravem</span> <span class='ocrx_word' id='word_1_87' title='bbox 602 1293 722 1360; x_wconf 84' lang='lat' dir='ltr'>aliquam</span> <span class='ocrx_word' id='word_1_88' title='bbox 748 1293 906 1360; x_wconf 82' lang='lat' dir='ltr'>reipublicae</span> <span class='ocrx_word' id='word_1_89' title='bbox 940 1294 1035 1346; x_wconf 88' lang='lat' dir='ltr'>intota</span> <span class='ocrx_word' id='word_1_90' title='bbox 1049 1294 1251 1360; x_wconf 88' lang='lat' dir='ltr'>suaprcvincia</span> <span class='ocrx_word' id='word_1_91' title='bbox 1265 1296 1449 1364; x_wconf 87' lang='lat' dir='ltr'>indulgentias</span> <span class='ocrx_word' id='word_1_92' title='bbox 1466 1296 1531 1349; x_wconf 87' lang='lat' dir='ltr'>dare</span> 
     </span>
     <span class='ocr_line' id='line_1_11' title="bbox 315 1378 1548 1446; baseline 0.006 -14"><span class='ocrx_word' id='word_1_93' title='bbox 315 1379 474 1432; x_wconf 81' lang='lat' dir='ltr'>christianae</span> <span class='ocrx_word' id='word_1_94' title='bbox 489 1379 691 1433; x_wconf 86' lang='lat' dir='ltr'>necessitatem.</span> <span class='ocrx_word' id='word_1_95' title='bbox 940 1386 1032 1444; x_wconf 90' lang='lat' dir='ltr'>potest</span> <span class='ocrx_word' id='word_1_96' title='bbox 1047 1394 1053 1430; x_wconf 96' lang='lat'><strong>:</strong></span> <span class='ocrx_word' id='word_1_97' title='bbox 1066 1378 1184 1446; x_wconf 85' lang='lat' dir='ltr'>pertinet</span> <span class='ocrx_word' id='word_1_98' title='bbox 1206 1380 1281 1434; x_wconf 86' lang='lat' dir='ltr'>enim</span> <span class='ocrx_word' id='word_1_99' title='bbox 1296 1382 1328 1434; x_wconf 90' lang='lat' dir='ltr'>ad</span> <span class='ocrx_word' id='word_1_100' title='bbox 1351 1383 1548 1440; x_wconf 80' lang='lat' dir='ltr'>voluntariam.</span> 
     </span>
     <span class='ocr_line' id='line_1_12' title="bbox 349 1463 1167 1531; baseline 0 -13"><span class='ocrx_word' id='word_1_101' title='bbox 349 1466 392 1518; x_wconf 84' lang='lat' dir='ltr'>ca.</span> <span class='ocrx_word' id='word_1_102' title='bbox 411 1465 517 1518; x_wconf 86' lang='lat' dir='ltr'>summi</span> <span class='ocrx_word' id='word_1_103' title='bbox 535 1465 673 1518; x_wconf 71' lang='lat' dir='ltr'>pontilicis</span> <span class='ocrx_word' id='word_1_104' title='bbox 684 1469 739 1527; x_wconf 87' lang='lat' dir='ltr'>est,</span> <span class='ocrx_word' id='word_1_105' title='bbox 753 1467 848 1531; x_wconf 84' lang='lat' dir='ltr'>utpote</span> <span class='ocrx_word' id='word_1_106' title='bbox 860 1479 907 1518; x_wconf 88' lang='lat' dir='ltr'>su·</span> <span class='ocrx_word' id='word_1_107' title='bbox 937 1463 1167 1530; x_wconf 77' lang='lat' dir='ltr'>iurisdictionem.</span> 
     </span>
     <span class='ocr_line' id='line_1_13' title="bbox 317 1550 1530 1618; baseline -0.001 -15"><span class='ocrx_word' id='word_1_108' title='bbox 317 1550 403 1616; x_wconf 90' lang='lat' dir='ltr'>premi</span> <span class='ocrx_word' id='word_1_109' title='bbox 415 1552 445 1604; x_wconf 93' lang='lat' dir='ltr'>in</span> <span class='ocrx_word' id='word_1_110' title='bbox 465 1551 546 1604; x_wconf 91' lang='lat' dir='ltr'>terris</span> <span class='ocrx_word' id='word_1_111' title='bbox 569 1551 697 1604; x_wconf 81' lang='lat' dir='ltr'>Ecclesiae</span> <span class='ocrx_word' id='word_1_112' title='bbox 715 1551 847 1614; x_wconf 88' lang='lat' dir='ltr'>rectoris,</span> <span class='ocrx_word' id='word_1_113' title='bbox 862 1551 907 1604; x_wconf 91' lang='lat' dir='ltr'>cui</span> <span class='ocrx_word' id='word_1_114' title='bbox 976 1551 1018 1602; x_wconf 83' lang='grc'>69.</span> <span class='ocrx_word' id='word_1_115' title='bbox 1038 1551 1101 1603; x_wconf 90' lang='lat' dir='ltr'>llaec</span> <span class='ocrx_word' id='word_1_116' title='bbox 1126 1550 1161 1603; x_wconf 89' lang='lat' dir='ltr'>de</span> <span class='ocrx_word' id='word_1_117' title='bbox 1178 1550 1358 1618; x_wconf 84' lang='lat' dir='ltr'>indulgentiis</span> <span class='ocrx_word' id='word_1_118' title='bbox 1386 1551 1530 1606; x_wconf 85' lang='lat' dir='ltr'>sufficiant.</span> 
     </span>
     <span class='ocr_line' id='line_1_14' title="bbox 314 1633 1532 1705; baseline -0.002 -15"><span class='ocrx_word' id='word_1_119' title='bbox 314 1637 405 1691; x_wconf 85' lang='lat' dir='ltr'>claves</span> <span class='ocrx_word' id='word_1_120' title='bbox 422 1637 502 1705; x_wconf 87' lang='lat' dir='ltr'>regni</span> <span class='ocrx_word' id='word_1_121' title='bbox 522 1639 655 1691; x_wconf 83' lang='lat' dir='ltr'>coelorum</span> <span class='ocrx_word' id='word_1_122' title='bbox 680 1638 751 1690; x_wconf 83' lang='lat' dir='ltr'>datae</span> <span class='ocrx_word' id='word_1_123' title='bbox 769 1641 852 1700; x_wconf 90' lang='lat' dir='ltr'>sunt,</span> <span class='ocrx_word' id='word_1_124' title='bbox 866 1637 907 1689; x_wconf 93' lang='lat' dir='ltr'>in·</span> <span class='ocrx_word' id='word_1_125' title='bbox 942 1633 991 1686; x_wconf 84' lang='lat' dir='ltr'>Cui</span> <span class='ocrx_word' id='word_1_126' title='bbox 1020 1647 1182 1700; x_wconf 89' lang='lat' dir='ltr'>persuasum</span> <span class='ocrx_word' id='word_1_127' title='bbox 1212 1643 1254 1688; x_wconf 89' lang='lat' dir='ltr'>est</span> <span class='ocrx_word' id='word_1_128' title='bbox 1279 1636 1416 1689; x_wconf 82' lang='lat' dir='ltr'>Christum</span> <span class='ocrx_word' id='word_1_129' title='bbox 1442 1637 1532 1690; x_wconf 89' lang='lat' dir='ltr'>claves</span> 
     </span>
     <span class='ocr_line' id='line_1_15' title="bbox 315 1720 1533 1790; baseline 0 -16"><span class='ocrx_word' id='word_1_130' title='bbox 315 1722 472 1790; x_wconf 84' lang='lat' dir='ltr'>dulgentias</span> <span class='ocrx_word' id='word_1_131' title='bbox 493 1723 647 1776; x_wconf 87' lang='lat' dir='ltr'>concedere</span> <span class='ocrx_word' id='word_1_132' title='bbox 671 1722 841 1789; x_wconf 87' lang='lat' dir='ltr'>amplissima</span> <span class='ocrx_word' id='word_1_133' title='bbox 863 1736 908 1775; x_wconf 90' lang='lat' dir='ltr'>au·</span> <span class='ocrx_word' id='word_1_134' title='bbox 943 1720 1021 1786; x_wconf 89' lang='lat' dir='ltr'>regni</span> <span class='ocrx_word' id='word_1_135' title='bbox 1044 1721 1175 1774; x_wconf 88' lang='lat' dir='ltr'>coelorum</span> <span class='ocrx_word' id='word_1_136' title='bbox 1204 1723 1283 1775; x_wconf 84' lang='lat' dir='ltr'>Petro</span> <span class='ocrx_word' id='word_1_137' title='bbox 1312 1722 1477 1788; x_wconf 85' lang='lat' dir='ltr'>tradidisse,</span> <span class='ocrx_word' id='word_1_138' title='bbox 1505 1729 1533 1775; x_wconf 90' lang='lat' dir='ltr'>ct</span> 
     </span>
     <span class='ocr_line' id='line_1_16' title="bbox 313 1804 1532 1874; baseline -0.003 -13"><span class='ocrx_word' id='word_1_139' title='bbox 313 1808 461 1872; x_wconf 86' lang='lat' dir='ltr'>ctoritate,</span> <span class='ocrx_word' id='word_1_140' title='bbox 474 1809 525 1862; x_wconf 88' lang='lat' dir='ltr'>sed</span> <span class='ocrx_word' id='word_1_141' title='bbox 542 1807 660 1874; x_wconf 87' lang='lat' dir='ltr'>sapienti</span> <span class='ocrx_word' id='word_1_142' title='bbox 684 1808 730 1860; x_wconf 90' lang='lat' dir='ltr'>illa</span> <span class='ocrx_word' id='word_1_143' title='bbox 752 1807 907 1861; x_wconf 83' lang='lat' dir='ltr'>oeconomia</span> <span class='ocrx_word' id='word_1_144' title='bbox 944 1804 1073 1858; x_wconf 91' lang='lat' dir='ltr'>omnihus</span> <span class='ocrx_word' id='word_1_145' title='bbox 1091 1805 1227 1871; x_wconf 80' lang='lat' dir='ltr'>Apostolis</span> <span class='ocrx_word' id='word_1_146' title='bbox 1246 1806 1348 1873; x_wconf 84' lang='lat' dir='ltr'>ligandi</span> <span class='ocrx_word' id='word_1_147' title='bbox 1360 1813 1387 1860; x_wconf 89' lang='lat' dir='ltr'>et</span> <span class='ocrx_word' id='word_1_148' title='bbox 1408 1807 1532 1861; x_wconf 90' lang='lat' dir='ltr'>solvendi</span> 
     </span>
     <span class='ocr_line' id='line_1_17' title="bbox 314 1889 1533 1960; baseline -0.002 -14"><span class='ocrx_word' id='word_1_149' title='bbox 314 1907 375 1960; x_wconf 82' lang='lat' dir='ltr'>quaa</span> <span class='ocrx_word' id='word_1_150' title='bbox 394 1895 478 1948; x_wconf 88' lang='lat' dir='ltr'>decet</span> <span class='ocrx_word' id='word_1_151' title='bbox 499 1893 577 1946; x_wconf 90' lang='lat' dir='ltr'>illum</span> <span class='ocrx_word' id='word_1_152' title='bbox 597 1905 678 1959; x_wconf 87' lang='lat' dir='ltr'>quem</span> <span class='ocrx_word' id='word_1_153' title='bbox 697 1891 839 1945; x_wconf 85' lang='lat' dir='ltr'>constituit</span> <span class='ocrx_word' id='word_1_154' title='bbox 854 1893 907 1944; x_wconf 82' lang='lat' dir='ltr'>lio·</span> <span class='ocrx_word' id='word_1_155' title='bbox 944 1889 1056 1943; x_wconf 85' lang='lat' dir='ltr'>dedisse</span> <span class='ocrx_word' id='word_1_156' title='bbox 1076 1894 1255 1956; x_wconf 88' lang='lat' dir='ltr'>potestatem,</span> <span class='ocrx_word' id='word_1_157' title='bbox 1270 1891 1344 1942; x_wconf 87' lang='lat' dir='ltr'>haud</span> <span class='ocrx_word' id='word_1_158' title='bbox 1363 1891 1441 1944; x_wconf 84' lang='lat' dir='ltr'>facile</span> <span class='ocrx_word' id='word_1_159' title='bbox 1459 1904 1533 1956; x_wconf 87' lang='lat' dir='ltr'>quae·</span> 
     </span>
     <span class='ocr_line' id='line_1_18' title="bbox 315 1976 1533 2046; baseline -0.001 -15"><span class='ocrx_word' id='word_1_160' title='bbox 315 1979 404 2034; x_wconf 88' lang='lat' dir='ltr'>minus</span> <span class='ocrx_word' id='word_1_161' title='bbox 422 1992 510 2046; x_wconf 86' lang='lat' dir='ltr'>super</span> <span class='ocrx_word' id='word_1_162' title='bbox 531 1977 659 2030; x_wconf 76' lang='lat' dir='ltr'>familiam</span> <span class='ocrx_word' id='word_1_163' title='bbox 679 1991 767 2029; x_wconf 90' lang='lat' dir='ltr'>suam.</span> <span class='ocrx_word' id='word_1_164' title='bbox 781 1976 849 2029; x_wconf 88' lang='lat' dir='ltr'>ilinc</span> <span class='ocrx_word' id='word_1_165' title='bbox 860 1990 906 2029; x_wconf 90' lang='lat' dir='ltr'>su·</span> <span class='ocrx_word' id='word_1_166' title='bbox 944 1977 1062 2030; x_wconf 88' lang='lat' dir='ltr'>stionem</span> <span class='ocrx_word' id='word_1_167' title='bbox 1076 1976 1197 2030; x_wconf 89' lang='lat' dir='ltr'>movebit</span> <span class='ocrx_word' id='word_1_168' title='bbox 1213 1977 1247 2030; x_wconf 90' lang='lat' dir='ltr'>dc</span> <span class='ocrx_word' id='word_1_169' title='bbox 1266 1977 1428 2031; x_wconf 88' lang='lat' dir='ltr'>remissione</span> <span class='ocrx_word' id='word_1_170' title='bbox 1450 1990 1533 2043; x_wconf 85' lang='lat' dir='ltr'>quam</span> 
     </span>
     <span class='ocr_line' id='line_1_19' title="bbox 314 2061 1531 2130; baseline 0 -14"><span class='ocrx_word' id='word_1_171' title='bbox 314 2065 401 2130; x_wconf 86' lang='lat' dir='ltr'>specti</span> <span class='ocrx_word' id='word_1_172' title='bbox 418 2064 456 2118; x_wconf 89' lang='lat' dir='ltr'>dc</span> <span class='ocrx_word' id='word_1_173' title='bbox 473 2064 613 2118; x_wconf 81' lang='lat' dir='ltr'>erroribus</span> <span class='ocrx_word' id='word_1_174' title='bbox 636 2061 767 2115; x_wconf 85' lang='lat' dir='ltr'>wicldeffi</span> <span class='ocrx_word' id='word_1_175' title='bbox 788 2068 816 2116; x_wconf 92' lang='lat' dir='ltr'>et</span> <span class='ocrx_word' id='word_1_176' title='bbox 837 2064 908 2116; x_wconf 91' lang='lat' dir='ltr'>lluss</span> <span class='ocrx_word' id='word_1_177' title='bbox 943 2064 1078 2116; x_wconf 83' lang='lat' dir='ltr'>Praesules</span> <span class='ocrx_word' id='word_1_178' title='bbox 1100 2063 1198 2117; x_wconf 81' lang='lat' dir='ltr'>Christi</span> <span class='ocrx_word' id='word_1_179' title='bbox 1227 2064 1338 2117; x_wconf 90' lang='lat' dir='ltr'>nomine</span> <span class='ocrx_word' id='word_1_180' title='bbox 1367 2064 1531 2118; x_wconf 84' lang='lat' dir='ltr'>concedunt.</span> 
     </span>
     <span class='ocr_line' id='line_1_20' title="bbox 319 2147 1533 2217; baseline 0.002 -18"><span class='ocrx_word' id='word_1_181' title='bbox 319 2148 507 2217; x_wconf 85' lang='lat' dir='ltr'>interrogandi</span> <span class='ocrx_word' id='word_1_182' title='bbox 518 2150 612 2210; x_wconf 82' lang='lat' dir='ltr'>erant,</span> <span class='ocrx_word' id='word_1_183' title='bbox 634 2153 727 2201; x_wconf 91' lang='lat' dir='ltr'>utrum</span> <span class='ocrx_word' id='word_1_184' title='bbox 744 2147 906 2210; x_wconf 88' lang='lat' dir='ltr'>crederent,</span> <span class='ocrx_word' id='word_1_185' title='bbox 941 2150 1107 2216; x_wconf 88' lang='lat' dir='ltr'>Largitatcm</span> <span class='ocrx_word' id='word_1_186' title='bbox 1135 2151 1206 2204; x_wconf 88' lang='lat' dir='ltr'>hanc</span> <span class='ocrx_word' id='word_1_187' title='bbox 1232 2150 1325 2202; x_wconf 89' lang='lat' dir='ltr'>mirari</span> <span class='ocrx_word' id='word_1_188' title='bbox 1350 2156 1377 2203; x_wconf 85' lang='lat' dir='ltr'>et</span> <span class='ocrx_word' id='word_1_189' title='bbox 1406 2151 1533 2216; x_wconf 89' lang='lat' dir='ltr'>amplecti</span> 
     </span>
     <span class='ocr_line' id='line_1_21' title="bbox 319 2233 1533 2302; baseline 0 -13"><span class='ocrx_word' id='word_1_190' title='bbox 319 2253 332 2280; x_wconf 74' lang='grc' dir='ltr'>ι</span> <span class='ocrx_word' id='word_1_191' title='bbox 344 2236 419 2301; x_wconf 84' lang='lat' dir='ltr'>quod</span> <span class='ocrx_word' id='word_1_192' title='bbox 436 2238 508 2301; x_wconf 83' lang='lat' dir='ltr'>Papa</span> <span class='ocrx_word' id='word_1_193' title='bbox 528 2234 657 2288; x_wconf 90' lang='lat' dir='ltr'>omnihus</span> <span class='ocrx_word' id='word_1_194' title='bbox 671 2233 908 2288; x_wconf 82' lang='lat' dir='ltr'>christianisrcrc</span> <span class='ocrx_word' id='word_1_195' title='bbox 942 2241 1051 2302; x_wconf 89' lang='lat' dir='ltr'>oportet</span> <span class='ocrx_word' id='word_1_196' title='bbox 1063 2273 1071 2299; x_wconf 96' lang='lat'>,</span> <span class='ocrx_word' id='word_1_197' title='bbox 1083 2240 1110 2289; x_wconf 86' lang='lat' dir='ltr'>et</span> <span class='ocrx_word' id='word_1_198' title='bbox 1132 2235 1160 2288; x_wconf 92' lang='lat' dir='ltr'>in</span> <span class='ocrx_word' id='word_1_199' title='bbox 1183 2249 1215 2288; x_wconf 90' lang='lat' dir='ltr'>ea</span> <span class='ocrx_word' id='word_1_200' title='bbox 1238 2237 1369 2290; x_wconf 86' lang='lat' dir='ltr'>virtutum</span> <span class='ocrx_word' id='word_1_201' title='bbox 1391 2248 1474 2302; x_wconf 85' lang='lat' dir='ltr'>opera</span> <span class='ocrx_word' id='word_1_202' title='bbox 1493 2236 1533 2289; x_wconf 90' lang='lat' dir='ltr'>in·</span> 
     </span>
     <span class='ocr_line' id='line_1_22' title="bbox 315 2319 1533 2387; baseline 0 -14"><span class='ocrx_word' id='word_1_203' title='bbox 315 2320 443 2375; x_wconf 88' lang='lat' dir='ltr'>contritis</span> <span class='ocrx_word' id='word_1_204' title='bbox 460 2325 489 2374; x_wconf 88' lang='lat' dir='ltr'>et</span> <span class='ocrx_word' id='word_1_205' title='bbox 512 2319 647 2374; x_wconf 82' lang='lat' dir='ltr'>confessis</span> <span class='ocrx_word' id='word_1_206' title='bbox 670 2333 703 2372; x_wconf 83' lang='lat' dir='ltr'>ex</span> <span class='ocrx_word' id='word_1_207' title='bbox 727 2333 809 2373; x_wconf 86' lang='lat' dir='ltr'>causa</span> <span class='ocrx_word' id='word_1_208' title='bbox 823 2320 868 2386; x_wconf 88' lang='lat' dir='ltr'>pia</span> <span class='ocrx_word' id='word_1_209' title='bbox 881 2325 908 2372; x_wconf 92' lang='lat' dir='ltr'>et</span> <span class='ocrx_word' id='word_1_210' title='bbox 942 2319 1088 2385; x_wconf 88' lang='lat' dir='ltr'>cumhcrc,</span> <span class='ocrx_word' id='word_1_211' title='bbox 1099 2333 1161 2387; x_wconf 86' lang='lat' dir='ltr'>quae</span> <span class='ocrx_word' id='word_1_212' title='bbox 1173 2320 1207 2373; x_wconf 92' lang='lat' dir='ltr'>ad</span> <span class='ocrx_word' id='word_1_213' title='bbox 1226 2322 1370 2375; x_wconf 83' lang='lat' dir='ltr'>thesauros</span> <span class='ocrx_word' id='word_1_214' title='bbox 1383 2322 1434 2375; x_wconf 92' lang='lat' dir='ltr'>hos</span> <span class='ocrx_word' id='word_1_215' title='bbox 1452 2321 1533 2375; x_wconf 88' lang='lat' dir='ltr'>nobis</span> 
     </span>
     <span class='ocr_line' id='line_1_23' title="bbox 314 2404 1534 2473; baseline 0.003 -16"><span class='ocrx_word' id='word_1_216' title='bbox 314 2405 388 2470; x_wconf 82' lang='lat' dir='ltr'>justa</span> <span class='ocrx_word' id='word_1_217' title='bbox 400 2406 488 2473; x_wconf 91' lang='lat' dir='ltr'>possit</span> <span class='ocrx_word' id='word_1_218' title='bbox 497 2407 649 2460; x_wconf 88' lang='lat' dir='ltr'>concedere</span> <span class='ocrx_word' id='word_1_219' title='bbox 659 2404 907 2470; x_wconf 81' lang='lat' dir='ltr'>indulgentiast»¹</span> <span class='ocrx_word' id='word_1_220' title='bbox 942 2406 1143 2472; x_wconf 88' lang='lat' dir='ltr'>comparandos</span> <span class='ocrx_word' id='word_1_221' title='bbox 1164 2408 1359 2473; x_wconf 89' lang='lat' dir='ltr'>requiruntur,</span> <span class='ocrx_word' id='word_1_222' title='bbox 1382 2409 1456 2461; x_wconf 88' lang='lat' dir='ltr'>haud</span> <span class='ocrx_word' id='word_1_223' title='bbox 1484 2421 1534 2461; x_wconf 89' lang='lat' dir='ltr'>ne·</span> 
     </span>
     <span class='ocr_line' id='line_1_24' title="bbox 317 2489 1532 2562; baseline 0.007 -23"><span class='ocrx_word' id='word_1_224' title='bbox 317 2490 494 2545; x_wconf 89' lang='lat' dir='ltr'>innocentius</span> <span class='ocrx_word' id='word_1_225' title='bbox 502 2491 547 2542; x_wconf 95' lang='lat' dir='ltr'>lll.</span> <span class='ocrx_word' id='word_1_226' title='bbox 560 2489 589 2542; x_wconf 93' lang='lat' dir='ltr'>in</span> <span class='ocrx_word' id='word_1_227' title='bbox 602 2489 723 2543; x_wconf 85' lang='lat' dir='ltr'>Concilio</span> <span class='ocrx_word' id='word_1_228' title='bbox 732 2489 908 2542; x_wconf 86' lang='lat' dir='ltr'>Laterancnsi</span> <span class='ocrx_word' id='word_1_229' title='bbox 942 2493 1040 2560; x_wconf 84' lang='lat' dir='ltr'>glectis</span> <span class='ocrx_word' id='word_1_230' title='bbox 1062 2495 1230 2560; x_wconf 82' lang='lat' dir='ltr'>poenitentiae</span> <span class='ocrx_word' id='word_1_231' title='bbox 1254 2495 1406 2560; x_wconf 79' lang='lat' dir='ltr'>exercitiis,</span> <span class='ocrx_word' id='word_1_232' title='bbox 1431 2496 1532 2562; x_wconf 88' lang='lat' dir='ltr'>quihus</span> 
     </span>
    </p>
   </div>
   <div class='ocr_carea' id='block_1_4' title="bbox 316 2573 1533 2726">
    <p class='ocr_par' dir='ltr' id='par_1_4' title="bbox 316 2573 1533 2726">
     <span class='ocr_line' id='line_1_25' title="bbox 316 2573 1533 2642; baseline 0.005 -16"><span class='ocrx_word' id='word_1_233' title='bbox 316 2575 516 2642; x_wconf 62' lang='lat' dir='ltr'>cpiscoporum</span> <span class='ocrx_word' id='word_1_234' title='bbox 528 2575 719 2628; x_wconf 90' lang='lat' dir='ltr'>auctoritatem</span> <span class='ocrx_word' id='word_1_235' title='bbox 740 2573 768 2625; x_wconf 90' lang='lat' dir='ltr'>iu</span> <span class='ocrx_word' id='word_1_236' title='bbox 780 2574 814 2625; x_wconf 92' lang='lat' dir='ltr'>iis</span> <span class='ocrx_word' id='word_1_237' title='bbox 834 2575 909 2626; x_wconf 90' lang='lat' dir='ltr'>elar-</span> <span class='ocrx_word' id='word_1_238' title='bbox 943 2577 1035 2630; x_wconf 88' lang='lat' dir='ltr'>idonei</span> <span class='ocrx_word' id='word_1_239' title='bbox 1063 2579 1147 2633; x_wconf 87' lang='lat' dir='ltr'>tantis</span> <span class='ocrx_word' id='word_1_240' title='bbox 1165 2579 1306 2636; x_wconf 85' lang='lat' dir='ltr'>benefieiis</span> <span class='ocrx_word' id='word_1_241' title='bbox 1328 2581 1449 2636; x_wconf 77' lang='lat' dir='ltr'>fruendis</span> <span class='ocrx_word' id='word_1_242' title='bbox 1476 2580 1533 2635; x_wconf 86' lang='lat' dir='ltr'>etli-</span> 
     </span>
     <span class='ocr_line' id='line_1_26' title="bbox 316 2656 1056 2726; baseline 0.009 -15"><span class='ocrx_word' id='word_1_243' title='bbox 316 2659 425 2726; x_wconf 89' lang='lat' dir='ltr'>giendis</span> <span class='ocrx_word' id='word_1_244' title='bbox 436 2657 518 2712; x_wconf 90' lang='lat' dir='ltr'>certis</span> <span class='ocrx_word' id='word_1_245' title='bbox 532 2656 664 2709; x_wconf 90' lang='lat' dir='ltr'>limitibus</span> <span class='ocrx_word' id='word_1_246' title='bbox 677 2656 790 2710; x_wconf 84' lang='lat' dir='ltr'>arctavit</span> <span class='ocrx_word' id='word_1_247' title='bbox 804 2671 810 2708; x_wconf 94' lang='lat'><strong>:</strong></span> <span class='ocrx_word' id='word_1_248' title='bbox 822 2658 909 2712; x_wconf 85' lang='lat' dir='ltr'>uetuit</span> <span class='ocrx_word' id='word_1_249' title='bbox 942 2661 1056 2718; x_wconf 84' lang='lat' dir='ltr'>ciamur.</span> 
     </span>
    </p>
   </div>
   <div class='ocr_carea' id='block_1_5' title="bbox 343 2920 1268 3046">
    <p class='ocr_par' dir='ltr' id='par_1_5' title="bbox 343 2920 1268 3046">
     <span class='ocr_line' id='line_1_27' title="bbox 344 2920 1268 2979; baseline 0.002 -14"><span class='ocrx_word' id='word_1_250' title='bbox 344 2923 373 2976; x_wconf 76' lang='lat' dir='ltr'>[tl</span> <span class='ocrx_word' id='word_1_251' title='bbox 387 2927 440 2966; x_wconf 70' lang='lat' dir='ltr'>Acta</span> <span class='ocrx_word' id='word_1_252' title='bbox 449 2922 532 2967; x_wconf 82' lang='lat' dir='ltr'>concil.</span> <span class='ocrx_word' id='word_1_253' title='bbox 544 2928 596 2963; x_wconf 78' lang='lat' dir='ltr'>toni.</span> <span class='ocrx_word' id='word_1_254' title='bbox 611 2920 657 2963; x_wconf 82' lang='lat' dir='ltr'>riii.</span> <span class='ocrx_word' id='word_1_255' title='bbox 666 2921 708 2963; x_wconf 88' lang='lat' dir='ltr'>col.</span> <span class='ocrx_word' id='word_1_256' title='bbox 715 2925 761 2963; x_wconf 73' lang='lat' dir='ltr'>tlt.</span> <span class='ocrx_word' id='word_1_257' title='bbox 972 2927 998 2979; x_wconf 75' lang='lat' dir='ltr'>(dl</span> <span class='ocrx_word' id='word_1_258' title='bbox 1007 2926 1090 2971; x_wconf 78' lang='lat' dir='ltr'>ibidem</span> <span class='ocrx_word' id='word_1_259' title='bbox 1100 2933 1116 2970; x_wconf 89' lang='lat' dir='ltr'>t.</span> <span class='ocrx_word' id='word_1_260' title='bbox 1124 2928 1169 2971; x_wconf 88' lang='lat' dir='ltr'>riii.</span> <span class='ocrx_word' id='word_1_261' title='bbox 1177 2930 1218 2971; x_wconf 90' lang='lat' dir='ltr'>col.</span> <span class='ocrx_word' id='word_1_262' title='bbox 1225 2934 1268 2971; x_wconf 71' lang='lat' dir='ltr'>tte.</span> 
     </span>
     <span class='ocr_line' id='line_1_28' title="bbox 343 2991 683 3046; baseline -0.003 -13"><span class='ocrx_word' id='word_1_263' title='bbox 343 2993 372 3046; x_wconf 77' lang='lat' dir='ltr'>(t)</span> <span class='ocrx_word' id='word_1_264' title='bbox 382 2994 425 3037; x_wconf 77' lang='lat' dir='ltr'>Tit.</span> <span class='ocrx_word' id='word_1_265' title='bbox 435 2992 479 3035; x_wconf 79' lang='lat' dir='ltr'>trit.</span> <span class='ocrx_word' id='word_1_266' title='bbox 489 2993 519 3035; x_wconf 87' lang='lat' dir='ltr'>ib.</span> <span class='ocrx_word' id='word_1_267' title='bbox 528 2999 544 3034; x_wconf 87' lang='lat' dir='ltr'>t.</span> <span class='ocrx_word' id='word_1_268' title='bbox 553 2991 591 3036; x_wconf 85' lang='lat' dir='ltr'>rii.</span> <span class='ocrx_word' id='word_1_269' title='bbox 599 2991 640 3034; x_wconf 86' lang='lat' dir='ltr'>col.</span> <span class='ocrx_word' id='word_1_270' title='bbox 650 2996 683 3033; x_wconf 81' lang='lat' dir='ltr'>tt.</span> 
     </span>
    </p>
   </div>
   <div class='ocr_carea' id='block_1_6' title="bbox 0 0 1902 5550">
    <p class='ocr_par' dir='ltr' id='par_1_6' title="bbox 0 0 1902 5550">
     <span class='ocr_line' id='line_1_29' title="bbox 0 0 1902 5550; baseline 0 0"><span class='ocrx_word' id='word_1_271' title='bbox 0 0 1902 5550; x_wconf 95' lang='lat' dir='ltr'> </span> 
     </span>
    </p>
   </div>
  </div>
 </body>
</html>
