3792 5550
535 557 608 610 CAP.
627 559 677 609 XV.
696 555 738 609 DE
764 552 1030 608 suscwlntt‘ltbus
1052 552 1300 606 Euentutst'ilu.
1470 559 1516 610 ¹8}

336 675 488 739 tearum.
512 675 650 740 lntegrnm
672 676 714 726 est
732 673 889 725 Sacramen-
923 669 1083 736 paradoxon
1105 667 1216 722 tradidit
1235 684 1242 720 t
1258 669 1389 736 «optima
1402 671 1520 738 disposi-

300 767 377 825 tum,
391 774 476 827 quum
494 758 617 813 cbristus
633 763 707 812 totus
722 756 794 810 adsit
807 760 833 810 et
845 756 891 810 de·
922 757 962 810 tio
986 761 1028 810 est
1047 755 1157 809 nonnisi
1179 768 1229 819 ea,
1253 769 1307 820 qua
1337 758 1458 823 pessime
1485 772 1517 814 es

300 853 343 899 tur
366 845 462 898 salutis
482 849 591 898 aeternae
609 844 669 910 ipse
686 842 807 910 largitor.
821 843 889 894 cum
923 842 1083 908 dispositus
1097 847 1124 896 et
1136 842 1301 896 econtrario
1316 848 1380 896 tunc
1392 847 1515 910 pessime

301 930 398 984 Christi
410 929 584 983 institutione
600 929 715 982 omnino
732 927 890 990 concordat,
923 941 954 980 es
967 926 1126 994 dispositus,
1141 927 1252 993 quando
1264 927 1367 993 optime
1378 942 1409 982 es
1420 930 1515 996 dispo·

300 1016 375 1082 qnod
402 1015 522 1082 pertinet
555 1015 589 1067 ad
618 1012 826 1067 substantiam:
848 1016 890 1064 est
922 1013 1002 1066 situs.
1017 1032 1028 1059 ι
1043 1011 1213 1065 ¹Concilium
1226 1012 1517 1068 Tridentinumccon·

301 1102 372 1156 enim
386 1112 487 1168 eorpus
500 1106 527 1154 et
542 1100 653 1168 sangnis
671 1100 739 1166 ejus.
753 1098 806 1152 sed
819 1097 888 1150 ratio
922 1103 964 1150 tra
983 1097 1065 1152 docet
1077 1118 1084 1147 ι
1107 1097 1337 1152 «communicare
1349 1098 1453 1152 volenti
1471 1113 1514 1154 rc·

300 1202 353 1256 qna
366 1188 447 1243 datur
466 1187 581 1242 diversa
591 1191 651 1250 est,
672 1185 742 1240 sicut
754 1187 782 1238 et
795 1183 888 1250 adjuu-
921 1182 1077 1237 vocandum
1096 1186 1139 1236 est
1155 1182 1183 1235 in
1202 1184 1362 1237 memoriam
1375 1186 1435 1251 ejus
1447 1197 1514 1250 prae·

300 1282 342 1330 cta
366 1291 373 1327 t
398 1275 473 1342 qnod
492 1286 574 1328 nemo
601 1272 681 1328 nobis
698 1272 763 1326 vitio
781 1276 887 1326 vertere
921 1273 1029 1335 ceptum
1049 1289 1055 1318 ι
1072 1269 1197 1322 «Probet
1219 1274 1310 1322 autem
1326 1270 1448 1336 seipsum
1465 1272 1515 1325 bo·

300 1361 381 1416 debet
396 1361 444 1427 qni
462 1372 517 1414 non
532 1365 621 1413 servet
632 1358 667 1410 ad
688 1355 819 1409 amussim
831 1367 888 1408 om·
919 1373 932 1404 »
953 1368 1029 1408 mo.»
1042 1355 1232 1408 Ecclesiastica
1242 1357 1514 1411 autemconsuetudo

299 1446 343 1499 nia
363 1458 426 1512 quae
449 1445 477 1498 in
506 1446 565 1511 ejus
589 1442 759 1496 institutione
780 1443 887 1495 servata
922 1441 1065 1507 declarat,
1086 1453 1147 1494 eam
1176 1441 1366 1506 probationem
1391 1454 1516 1496 necessa·

299 1536 370 1585 sunt.
383 1531 450 1596 Quis
461 1534 552 1584 autem
566 1529 637 1582 dieat
647 1526 844 1580 Eucharistiam
857 1526 886 1576 in
920 1526 989 1579 riam
1004 1539 1081 1590 esse,
1093 1531 1123 1579 ut
1138 1526 1229 1579 nullus
1242 1525 1295 1578 sibi
1309 1524 1438 1579 conscius
1450 1538 1512 1592 pec·

298 1616 448 1672 diversorio
464 1616 505 1670 vel
518 1613 613 1681 privati
636 1612 751 1679 alicujus
768 1609 887 1664 bominis
919 1610 972 1664 eati
995 1610 1134 1676 mortalis,
1149 1611 1326 1677 quantumvis
1345 1610 1398 1664 sibi
1410 1611 1512 1664 contri·

298 1702 390 1766 domo,
405 1706 469 1768 post
486 1699 548 1766 agni
565 1711 657 1760 esum,
670 1697 714 1751 rel
735 1694 808 1747 aliud
824 1707 888 1748 con·
920 1701 966 1767 tps
986 1697 1122 1760 videatur,
1143 1697 1247 1764 absque
1262 1697 1405 1764 praemissa
1424 1710 1512 1751 sacra·

296 1788 359 1843 vivii
369 1800 476 1856 genus,
488 1786 540 1838 sub
556 1789 682 1846 noctem,
694 1780 886 1834 celebrandam
919 1782 1032 1834 mentali
1046 1781 1219 1834 confessione
1235 1782 1268 1834 ad
1285 1795 1390 1835 sacram
1403 1783 1513 1842 Edeba,-

297 1887 375 1934 esse‚
394 1877 425 1924 nt
439 1883 501 1936 quae
520 1870 548 1922 in
566 1869 625 1931 ejus
637 1865 808 1919 institutione
825 1876 889 1917 con·
919 1865 1024 1918 ristiam
1041 1867 1171 1920 accedere
1188 1867 1304 1920 debeat:
1318 1870 1418 1934 quoda
1437 1869 1513 1922 chri·

296 1959 419 2026 tigerunt
433 1955 591 2008 imitemur?
921 1952 1017 2005 stianis
1032 1951 1179 2016 omnibus,
1192 1951 1274 2005 etiam
1286 1954 1320 2006 ab
1337 1954 1371 2006 iis
1381 1954 1507 2006 sacerdo
1529 1967 1532 1972 ·

487 2038 706 2093 Animadversto.
920 2037 1004 2101 tibus,
1018 2037 1118 2103 quibus
1129 2051 1162 2091 ex
1179 2037 1268 2091 officio
1289 2038 1423 2092 incumbit
1441 2038 1514 2092 cele·

327 2131 387 2181 455.
402 2128 489 2191 Quum
503 2122 703 2178 administratio
710 2119 886 2174 Eucharistiae
919 2122 1019 2188 brare,
1034 2123 1093 2176 baec
1115 2128 1210 2176 sancta
1226 2123 1355 2190 synodus
1377 2128 1511 2191 perpetuo

297 2211 348 2265 snb
368 2216 484 2276 utraque
499 2208 591 2275 specie
602 2221 646 2261 res
660 2207 695 2261 sit
715 2206 885 2272 disciplinae,
919 2209 1084 2263 servandum
1110 2222 1172 2262 esse
1193 2209 1332 2274 decrevit,
1352 2211 1436 2264 modo
1454 2223 1511 2264 non

297 2310 329 2349 ex
346 2295 506 2350 auctoritate
527 2307 654 2360 supremo
677 2291 805 2345 Ecclesiae
822 2303 886 2358 pen·
918 2293 991 2348 desit
1002 2294 1070 2361 ipsis
1084 2296 1162 2362 copia
1173 2296 1362 2359 contessoris3
1377 2298 1451 2363 quod
1471 2297 1512 2362 si,

296 2381 350 2434 det
371 2381 486 2435 indulsit
506 2379 599 2433 calicis
615 2392 694 2431 usum
707 2376 835 2430 bohemis
858 2381 886 2429 et
918 2381 1082 2434 necessitate
1107 2386 1240 2448 urgente,
1259 2383 1389 2437 sacerdos
1407 2384 1513 2448 absque

295 2467 410 2520 lloravis
422 2456 582 2520 Concilium
591 2465 746 2518 basileense
757 2477 765 2524 ;
778 2463 886 2515 Germa-
919 2465 1019 2531 praevia
1030 2464 1206 2519 confessione
1217 2467 1404 2532 celebraverit,
1417 2481 1513 2534 qnam·

295 2551 410 2604 nisPius
424 2553 465 2614 lv,
478 2549 788 2604 sednullocumlructu
801 2563 808 2598 t
821 2546 885 2599 inde
919 2549 1043 2615 primum
1082 2551 1253 2604 confiteatur.
1280 2551 1330 2599 »ὓ
1363 2553 1513 2605 linatlrema

295 2635 368 2688 enim
389 2636 461 2690 vires
474 2635 546 2700 cepit
563 2647 638 2688 error
659 2634 693 2686 de
717 2630 885 2686 sacramenti
920 2635 1002 2688 etiam
1024 2635 1085 2688 tulit
1116 2635 1144 2687 in
1166 2636 1277 2689 Lutberi
1305 2649 1413 2690 errores
1434 2638 1513 2689 :osi

293 2725 408 2785 natura;
429 2723 595 2786 quapropter
614 2717 689 2771 brevi
709 2716 886 2784 indulgentiae
919 2719 982 2786 quis
1000 2719 1115 2785 dixerit,
1138 2721 1182 2775 rel
1208 2720 1376 2789 precipuum
1396 2721 1513 2775 fructum

294 2812 337 2859 est
359 2806 520 2872 derogatum
533 2841 540 2868 ,
554 2809 590 2873 ,et
609 2801 753 2869 disciplina
776 2800 886 2857 univcr-
919 2805 1101 2859 sanctissimae
1126 2806 1304 2860 Eucharistiae
1327 2820 1390 2861 esse
1420 2806 1515 2861 remis·
1569 2857 1585 2876 ,

295 2892 360 2946 salis
378 2891 507 2945 Ecclesiae
521 2889 657 2943 restituta.
918 2892 1026 2946 sionem
1059 2897 1252 2958 peccatorum,
1275 2894 1318 2947 vel
1343 2906 1376 2947 ex
1401 2906 1433 2947 ea
1456 2906 1513 2948 non

918 2978 988 3031 alios
1024 2976 1139 3032 effectus
1177 2979 1338 3045 provenire3
1367 2980 1512 3033 anathema

501 3065 606 3117 CAPUT
623 3062 675 3114 liv.
917 3064 962 3117 sit.
981 3063 1046 3113 »ιιι
1059 3064 1087 3118 si
1109 3064 1172 3131 quis
1188 3063 1301 3128 dixerit,
1322 3065 1411 3117 solam
1431 3065 1512 3118 iidem

918 3162 981 3202 esse
990 3149 1170 3203 sufficientem
1183 3151 1410 3217 preparationem
1422 3152 1454 3203 ad
1468 3163 1513 3204 su·

359 3249 393 3289 ne
410 3246 605 3288 snscmmxemus
622 3245 816 3287 nnemrsrrax.
917 3234 1049 3287 mendum
1069 3235 1252 3287 sanctissimae
1272 3235 1449 3287 Eucharistiae
1468 3238 1514 3288 Sa·

917 3322 1105 3379 eramentum;
1125 3320 1271 3371 anathema
1291 3320 1336 3371 sit.
1357 3338 1370 3365 a
1390 3320 1402 3352 ⁸

326 3407 386 3459 tit.
402 3404 603 3458 Eucharistiam
616 3403 752 3457 nonnisia
769 3403 886 3469 baptiza·
951 3402 1010 3453 455.
1025 3400 1159 3467 Equidem
1174 3403 1296 3468 Apostoli
1319 3401 1453 3455 monitum
1475 3404 1511 3457 de

293 3491 328 3543 tis
343 3490 502 3545 bominibus
520 3489 721 3555 suscipiendam
735 3488 885 3543 docnitlu·
917 3485 1095 3541 conscientias
1123 3486 1254 3554 indagine
1274 3494 1464 3551 -msrpapu
1485 3496 1512 3541 es

292 3574 382 3627 stinus
406 3574 536 3637 :rcujus
555 3574 656 3627 nemini
678 3574 722 3628 alii
741 3574 883 3629 licet'esse
915 3576 1027 3642 empne
1044 3578 1114 3623 utro
1125 3600 1159 3612 -
1172 3573 1296 3627 ostendit
1312 3587 1408 3641 magna
1426 3575 1511 3629 animi

291 3658 426 3727 participi,
440 3658 492 3712 nisi
507 3659 553 3725 qui
563 3660 656 3713 credat
668 3673 731 3715 vera
748 3674 810 3714 esse
820 3673 883 3726 quae
914 3658 1033 3725 puritate
1056 3672 1126 3726 opus
1149 3672 1229 3724 esse,
1255 3666 1285 3712 ut
1303 3661 1366 3727 quis
1383 3662 1418 3714 ad
1448 3667 1511 3715 tan-

293 3745 443 3809 docemus,
463 3751 544 3812 atque
562 3746 610 3800 illo
631 3746 666 3799 ad
690 3747 881 3801 remissionem
913 3749 972 3797 tum
990 3746 1197 3799 sacramentum
1216 3758 1314 3799 secure
1336 3747 1457 3802 accedat.
1475 3749 1505 3801 ld

292 3836 466 3894 peccatorum
479 3836 507 3884 et
524 3832 760 3898 regenerationem
773 3833 881 3887 lavacro
914 3830 1001 3896 liquet
1025 3844 1059 3885 ex
1081 3832 1179 3884 testim
1207 3832 1299 3885 uerbis
1318 3833 1423 3896 etiam,
1445 3847 1508 3897 qnae

293 3915 403 3971 ablutus
424 3916 522 3979 luerit,
533 3922 561 3969 et
573 3918 609 3969 ita
622 3917 694 3971 vivat
711 3922 742 3970 ut
758 3917 882 3969 Christus
917 3927 981 3967 mox
999 3916 1191 3974 recitarimns;
1213 3928 1246 3968 ex
1263 3917 1388 3983 Cypriani
1410 3918 1512 3984 gravis·

293 4000 411 4054 tradidit.
432 4018 445 4047 a
465 3999 475 4035 ¹
494 4000 523 4052 ld
542 4012 695 4053 consonum
713 4007 755 4055 est
772 4002 805 4054 iis
819 4013 882 4067 quae
916 3998 994 4052 simis
1010 3999 1261 4065 increpationibus,
1278 4001 1381 4067 quibus
1403 4008 1509 4056 temere

292 4086 467 4141 retenturas
480 4086 619 4152 baptismo
630 4088 751 4141 initiatos
763 4100 881 4141 essaeos
915 4086 1098 4151 accedentes,
1124 4106 1138 4133 α
1169 4092 1232 4140 ante
1258 4094 1345 4141 actam
1374 4088 1508 4154 poeniten·

203 4170 206 4177 '
293 4171 613 4235 quiPetroconcionante
622 4171 655 4223 ad
667 4172 746 4224 iidem
755 4170 880 4225 conversi
916 4172 998 4235 tiam,
1023 4178 1087 4226 ante
1111 4173 1325 4239 exomologesim
1353 4174 1507 4241 gravissimi

285 4262 369 4322 sum,
387 4269 457 4325 quos
481 4258 611 4324 deinceps
631 4256 709 4324 panis
729 4256 879 4322 fractione,
915 4264 997 4323 atque
1012 4258 1125 4311 extremi
1138 4256 1356 4322 delicularum,
1374 4262 1437 4311 ante
1452 4272 1509 4312 ma-

292 4342 466 4397 Eucharistiae
479 4342 785 4411 seilicetpereepticne,
798 4342 880 4397 dona·
914 4357 980 4396 num
1009 4344 1043 4398 ab
1072 4343 1208 4411 Episcopo
1237 4349 1265 4398 et
1290 4345 1364 4399 clero
1392 4344 1506 4411 imposi-

291 4429 333 4481 tos
353 4442 415 4483 esse
435 4433 557 4484 testatur.
581 4431 714 4484 lutherus
733 4440 782 4495 pro
800 4436 877 4482 more
912 4436 985 4493 tam,
1013 4449 1026 4476 a
1058 4430 1069 4462 ⁸
1093 4429 1229 4496 exagitat3
1258 4444 1290 4483 ex
1319 4431 1505 4499 cbrysostcmi

316 4670 344 4721 (tl
351 4672 455 4725 Apologia
463 4673 478 4714 i.
488 4685 509 4714 n.
518 4678 552 4715 eo.
937 4672 965 4725 (ὅ)
978 4672 1035 4714 Sese.
1043 4672 1087 4713 xiii.
1097 4684 1148 4717 ean.
1156 4673 1194 4715 vii,
1205 4673 1232 4727 (tl
1245 4675 1300 4717 lbid.
1307 4689 1355 4720 ean.
1365 4691 1385 4722 r.

316 4737 343 4791 (t)
356 4741 380 4782 ln
397 4742 493 4785 concion.
503 4755 537 4785 an.
549 4745 597 4785 titt
605 4743 632 4785 de
640 4754 707 4798 prop.
715 4743 743 4787 sd
751 4743 774 4787 S.
782 4743 851 4787 Eucb.
940 4742 967 4796 (³)
979 4742 1034 4785 ibid.
1046 4752 1094 4786 can.
1107 4743 1135 4785 ri.
1149 4743 1177 4797 (o)
1185 4744 1254 4798 Epa.

324 4811 383 4863 vor..
401 4826 440 4866 ru.
955 4861 960 4871 ‚
1339 4818 1372 4867 iti
