3792 5550
589 579 659 631 cte.
680 578 700 628 l.
718 579 760 631 ott
778 573 988 628 saculuultrl
1007 573 1181 629 t'dlttllrlt.
1450 583 1498 634 511

293 693 445 748 screnitatis
460 698 512 746 tuae
529 698 624 760 peetus
637 695 767 760 agnoscat
780 730 787 755 ,
802 690 877 757 quod
911 691 1001 745 buerit
1018 693 1208 756 adversarios,
1226 695 1328 762 quibus
1346 696 1441 751 vicerit
1459 711 1501 750 ar·

293 781 394 833 nullum
412 779 448 833 de
478 780 540 842 bis,
566 781 609 832 vel
638 792 707 845 quos
733 775 877 842 baptizarit
912 779 1289 846 mis,etcaeterauuaenovte
1307 784 1422 851 alicujus
1441 797 1503 838 sen·

292 866 417 922 Aeacius,
432 865 475 918 vel
495 877 565 931 quos
585 863 743 918 sacerdotes
761 862 820 915 sive
840 861 878 913 lc·
912 869 1004 922 tentlae
1017 869 1148 937 originem
1157 875 1184 925 et
1193 873 1417 940 propagationem
1430 887 1502 928 sem·

292 951 357 1003 ritas
367 950 517 1003 secundum
529 953 653 1002 canonos
665 947 811 1010 ordinavit,
825 946 879 998 ulla
912 967 962 1020 per
974 954 1104 1008 indicant.

293 1049 339 1088 eos
350 1027 389 1088 ‘en
400 1037 514 1090 nomino
531 1035 636 1098 Aeacii,
653 1035 743 1100 portio
757 1032 879 1086 laesionis
1032 1039 1196 1111 otrjectiones
1218 1051 1370 1100 solvuntur,

293 1121 418 1187 attingat,
432 1135 488 1187 qtlo
502 1122 614 1174 forsitan
628 1121 813 1186 periniquum
825 1125 879 1170 tra·
948 1126 988 1176 lt.
1009 1124 1067 1190 otri.
1088 1129 1111 1179 l.
1130 1128 1269 1184 Ordinatio
1292 1131 1365 1184 nulla
1388 1132 1501 1196 aposto·

293 1207 344 1258 clito
367 1208 538 1260 Secranrentt
565 1205 650 1273 gratia
677 1205 769 1257 minus
801 1203 879 1256 firma
913 1209 1029 1262 loruma
1045 1211 1153 1266 christo
1166 1213 1266 1280 legitur
1282 1215 1351 1269 tacta
1365 1230 1372 1266 ε
1385 1229 1437 1268 nee
1448 1215 1501 1268 illis

291 1290 418 1344 rideatur.
429 1310 446 1340 >i
459 1291 467 1325 ¹
914 1294 1066 1361 injunctum
1082 1303 1167 1351 estut
1184 1298 1253 1352 alios
1271 1299 1324 1353 ritu
1337 1301 1429 1367 aliquo
1440 1313 1502 1366 spe·

323 1380 362 1428 ll.
384 1377 525 1430 Probatur
540 1379 565 1429 5.
591 1375 773 1429 conditorum
790 1377 880 1426 aucto·
913 1380 975 1433 ciali
996 1380 1022 1432 in
1041 1395 1182 1436 sacrorum
1202 1384 1389 1439 ministrorum
1410 1397 1503 1440 nume

292 1463 540 1517 ritate.C0ncilillm
553 1460 880 1514 Chalcedonensedecl'e·
911 1479 974 1519 rum
1004 1468 1214 1522 adsciscerent:
1237 1483 1302 1538 ergo
1325 1471 1400 1524 nullo
1419 1469 1502 1524 modo

291 1549 343 1602 vlt:
363 1550 489 1616 «Siquis
506 1549 657 1615 Episcopus
674 1551 879 1614 proptcrpecu·
902 1557 1004 1617 potest
1031 1554 1213 1607 sacramentis
1237 1555 1393 1619 accenseri,
1411 1553 1502 1608 divina

291 1635 348 1688 nias
361 1637 565 1690 ordinationem
588 1634 700 1698 iecerit,
715 1638 743 1687 et
759 1644 816 1686 non
836 1646 880 1684 ve·
913 1635 1055 1692 deficiente
1074 1638 1254 1694 institutione.

292 1721 376 1774 nalem
394 1721 513 1789 gratiam
525 1720 698 1783 vendiderit,
709 1748 741 1758 -
755 1725 787 1771 ‘³⁹
799 1719 879 1787 ‘lew
947 1727 987 1775 lb.
1002 1727 1079 1790 licen.
1099 1725 1222 1780 Christus
1236 1726 1311 1779 nullo
1324 1731 1436 1779 externo
1448 1724 1501 1778 ritu

292 1808 413 1872 serapt„
440 1830 478 1857 m
504 1813 600 1875 aspum
623 1807 690 1873 >cepo
716 1833 749 1842 -
776 1805 878 1872 proprii
913 1809 1031 1876 indiguit
1046 1815 1075 1863 ut
1094 1816 1255 1876 potestatem
1268 1812 1329 1864 aliis
1349 1811 1501 1864 communi-

291 1895 388 1958 gradus
402 1895 527 1961 periculo
546 1893 707 1960 subjacebit.
719 1891 749 1939 ν’
760 1891 877 1945 Gratiam
912 1900 1001 1958 caret,
1017 1907 1077 1961 quae
1090 1899 1146 1948 tota
1160 1909 1192 1948 ex
1208 1897 1267 1962 ejus
1285 1896 1502 1960 voluntatcpen-

291 1979 384 2045 igitur,
403 1993 468 2045 quae
479 1979 561 2032 uendi
579 1991 635 2032 non
650 1985 755 2044 potest,
770 1977 880 2032 ordina·
913 1980 1005 2033 debat.
1018 1981 1196 2034 llcdittamen
1206 1981 1343 2048 Apostolis
1356 1980 1501 2034 sacerdotii

292 2064 362 2118 tione
380 2065 483 2129 tribui,
497 2065 551 2117 illis
572 2065 697 2117 Patribus
716 2077 877 2131 persuasum
913 2079 1014 2119 munus
1037 2067 1065 2119 in
1088 2051 1183 2120 ultima
1207 2080 1303 2128 coena,
1321 2066 1445 2134 jubendo
1473 2072 1502 2119 ut

292 2155 332 2202 est
344 2165 351 2201 z
364 2151 433 2204 ritus
457 2158 547 2204 autom
566 2159 695 2205 externus
717 2164 772 2218 quo
793 2151 880 2218 gratia
911 2151 1033 2204 tacerent
1052 2151 1103 2219 ipsi
1116 2153 1190 2218 quod
1206 2151 1307 2206 lecerat
1321 2167 1328 2204 :
1341 2152 1447 2205 addidit
1458 2152 1502 2206 ta·
1531 2177 1538 2187 ·

292 2234 426 2300 tribuitur,
435 2237 784 2290 estsacramentumldem
794 2235 880 2301 liquet
912 2239 1041 2291 cultatem
1060 2237 1217 2292 remittendi
1229 2243 1354 2304 peccata,
1370 2237 1403 2290 iis
1417 2237 1502 2290 insui·

293 2332 323 2371 ex
337 2321 445 2376 llicaeno
460 2322 579 2375 Concilio
592 2319 653 2386 ll.,⁸
665 2329 693 2375 et
704 2325 879 2375 exconstan·
911 2323 1020 2388 tlando,
1040 2329 1067 2378 et
1094 2324 1224 2391 Spiritum
1254 2329 1378 2377 sanetum
1405 2323 1503 2388 imper·

294 2406 878 2473 tinopotltanoannct59‚⁴exltracarensil.⁸
911 2410 1015 2463 tiendo.
1038 2410 1109 2462 Misit
1127 2423 1195 2472 eos,
1219 2410 1290 2464 sicut
1311 2410 1370 2476 ipse
1387 2422 1402 2462 a
1422 2411 1501 2462 Patre
1585 2413 1587 2418 “
1635 2399 1636 2402 ’

285 2481 318 2543 'et
328 2493 459 2545 Toletano
472 2493 527 2542 ll‘
910 2496 1013 2548 missus
1033 2495 1135 2559 tuerat,
1148 2496 1265 2561 iecitque
1287 2500 1429 2548 consortes
1452 2507 1501 2560 po·

325 2576 364 2627 12.
385 2575 524 2629 Probatur
546 2578 572 2627 l.
597 2577 773 2629 mentalium
793 2581 880 2628 recta·
912 2579 1019 2631 testatis
1037 2593 1120 2644 quam
1139 2580 1165 2631 in
1184 2579 1260 2632 ooelis
1285 2585 1410 2645 terraque
1422 2590 1500 2632 acce·
1560 2603 1561 2606 ¹

292 2673 364 2725 rum,
383 2661 878 2730 Groecorttmimprtmiocooocnsione.
911 2669 1009 2728 perat,
1034 2669 1064 2716 ut
1086 2664 1238 2726 docerent,
1264 2663 1447 2729 baptizarent,
1473 2669 1501 2716 et

251 2764 253 2767 ·
291 2747 458 2813 Eucliologia
482 2745 573 2800 omnia
597 2746 678 2799 tidcm
700 2746 802 2799 iaciunt
824 2759 879 2812 quo
912 2751 1011 2802 caetora
1025 2747 1117 2802 omnia
1133 2749 1227 2802 munia
1245 2747 1366 2809 obirent,
1385 2759 1447 2815 quae
1472 2749 1500 2827 in
1578 2800 1580 2805 ,

290 2833 351 2886 loco
373 2843 484 2899 semper
501 2832 594 2885 habita
613 2831 648 2885 sit
666 2832 812 2885 ordinatio.
835 2834 880 2899 sy·
912 2834 1053 2887 hominum
1069 2836 1187 2888 salutem
1205 2834 1499 2901 ceduntdmplissima

290 2918 354 2971 nodi
368 2920 668 2985 constantinopolitana
678 2926 714 2973 ‘et
726 2918 878 2985 llierosoly·
912 2919 962 2972 tuit
983 2922 1041 2973 haec
1060 2920 1213 2985 ordinatio,
1236 2934 1289 2987 qua
1314 2921 1395 2975 etiam
1415 2920 1501 2975 conti·

291 3002 407 3067 mitana,
420 3004 564 3057 occasione
579 3017 701 3058 errorum
723 3004 813 3072 cyrilli
827 3008 878 3057 Lu·
910 3006 1028 3060 uebatur
1046 3006 1158 3061 facultas
1177 3006 1245 3060 alios
1266 3006 1292 3058 in
1315 3019 1427 3059 suorum
1441 3019 1500 3059 mu·

292 3087 359 3139 caris
373 3089 488 3153 habitae,
503 3102 563 3141 eam
575 3092 780 3156 sacramentum
794 3104 875 3158 egno·
910 3106 1008 3146 nerum
1030 3094 1198 3147 consortium
1221 3091 1409 3152 adsciscendi;
1435 3104 1500 3143 nam

292 3180 378 3226 scunt.
398 3174 456 3241 Syri
475 3176 774 3241 quoqucllaronitaeet
786 3176 877 3228 caeteri
911 3176 944 3229 ad
962 3176 1057 3229 mundi
1082 3190 1170 3243 usquc
1191 3178 1271 3229 linem
1299 3181 1421 3242 potestas
1446 3175 1500 3227 illis

293 3257 436 3314 orientales
450 3261 612 3314 ineomdcm
631 3261 798 3315 conveniunt
815 3274 879 3313 sen·
911 3262 1082 3314 demandata
1107 3260 1257 3314 exercenda
1287 3265 1365 3324 erat,
1391 3259 1499 3313 Christo

293 3344 434 3397 tentiam⁷
779 3407 782 3411 ¹
911 3358 1021 3412 semper
1040 3351 1184 3410 praesente.
1203 3344 1279 3407 Quod
1292 3350 1347 3397 uod
1368 3343 1500 3395 referatur

324 3430 364 3480 lb.
383 3429 522 3484 Probet-ur
533 3434 557 3481 5.
579 3432 790 3497 prescriptione.
808 3432 878 3485 con·
911 3430 1058 3483 mandasse
1068 3442 1122 3495 quo
1135 3428 1187 3481 ritu
1196 3442 1256 3481 eam
1267 3428 1501 3482 communicarent

294 3514 380 3566 suevit
397 3516 534 3569 ordinatio
551 3516 579 3567 in
599 3521 655 3569 tota
667 3517 788 3570 Ecclesia
802 3516 878 3581 fieri,
911 3523 1086 3585 potestatem,
1098 3516 1135 3570 nil
1148 3516 1253 3569 obstat:
1265 3528 1316 3567 nec
1326 3515 1399 3568 enim
1408 3514 1499 3567 omnia

270 3665 272 3671 Α
292 3609 389 3662 magno
398 3615 608 3656 cumsaerorum
621 3603 723 3655 rituum
731 3609 877 3669 apparatu,
911 3618 974 3673 quae
987 3605 1041 3658 illis
1059 3605 1087 3656 in
1106 3603 1192 3671 jussis
1209 3602 1299 3667 dedit,
1315 3602 1418 3669 scripto
1435 3607 1499 3655 sunt

293 3688 319 3733 et
338 3687 412 3741 tirum
434 3689 536 3755 ubique
550 3690 669 3743 obtinuit
687 3691 820 3744 sententia
833 3704 879 3744 sa·
911 3690 1072 3758 consignata
1086 3705 1094 3752 ;
1107 3696 1134 3743 et
1146 3704 1178 3743 ex
1196 3690 1278 3743 rebus
1296 3701 1392 3742 eorum
1414 3688 1499 3755 gestis

293 3780 362 3823 cram
384 3780 546 3839 potestatem
565 3789 627 3828 cum
650 3776 736 3841 gratia
758 3789 789 3829 ca
812 3790 879 3830 con»
911 3777 1015 3845 optime
1035 3778 1189 3845 colligimus
1206 3778 1265 3845 ejus
1285 3778 1452 3831 voluntatem
1472 3782 1500 3829 et

293 3852 362 3909 torri.
386 3860 472 3925 liujus
493 3859 678 3924 persuasionis
697 3859 775 3927 origo
797 3865 877 3914 aetate
908 3866 1072 3932 jussionem.
1095 3864 1271 3929 impositione
1287 3874 1418 3914 manuum
1432 3873 1499 3913 con‹

294 3933 445 4003 Apostolica
473 3945 608 4008 posterior
633 3945 741 3997 ostendi
772 3947 876 4013 nequit.
912 3950 1032 4001 tulerunt
1053 3949 1174 4013 apostoli
1191 3960 1295 4001 sacram
1315 3950 1496 4011 potestatem,

293 4029 413 4079 Attamen
435 4029 457 4080 si
469 4029 582 4093 pristina
596 4030 663 4082 lidos
675 4030 877 4083 ordinationem
912 4047 965 4084 una
978 4046 1039 4085 cum
1049 4033 1134 4098 gratia
1144 4046 1196 4098 qua
1205 4032 1256 4084 rite
1268 4030 1386 4084 exerceri
1397 4029 1497 4095 possitt

292 4108 494 4165 sacramentum
525 4114 598 4165 baud
627 4115 799 4180 agnovisset,
829 4116 876 4182 qui
911 4114 1498 4183 enigiturtuitratioatlliristopraescripta

232 4267 234 4270 ι
292 4194 394 4255 primus
418 4198 471 4251 tim
491 4200 550 4264 ejus
572 4205 600 4252 ct
619 4199 789 4252 sanctitatem
811 4200 877 4255 tide·
910 4216 963 4270 qua
977 4207 1097 4268 potestas
1113 4202 1157 4254 illa
1170 4208 1197 4255 et
1215 4201 1300 4269 gratia
1315 4199 1499 4253 communica·

265 4344 267 4347 Α
293 4278 361 4333 libus
379 4286 551 4350 proposuerit
563 4286 727 4339 credendam
763 4286 875 4340 historia
911 4273 1005 4340 rentur
1016 4308 1022 4336 ι
1032 4292 1058 4339 ot
1070 4286 1186 4352 proinde
1196 4284 1411 4338 bubeturdiviua
1425 4285 1499 4337 insti·

292 4364 438 4434 referente,
464 4370 662 4435 innotesceret,
678 4366 715 4423 ‘et
736 4385 807 4436 quos
830 4374 877 4425 ba·
911 4372 992 4435 tutio,
1012 4379 1039 4425 el
1051 4378 1105 4425 tota
1118 4371 1285 4426 sacramenti
1301 4372 1431 4425 essentia.

317 4626 344 4678 pt
354 4629 392 4683 Ep.
402 4632 453 4675 nar
465 4636 562 4676 onustas.
577 4636 642 4677 nvn.
935 4642 957 4688 rt
967 4638 973 4688 p
983 4636 1077 4678 romu.
1091 4636 1187 4677 colman
1198 4634 1286 4689 (stein.
1296 4634 1320 4675 m
1337 4640 1353 4676 t.
1361 4635 1392 4676 tn.
1402 4638 1443 4678 cot.
1454 4643 1498 4679 nn

316 4697 342 4748 (²)
355 4701 400 4742 det.
409 4715 441 4744 xv.
451 4705 502 4745 Can.
513 4706 535 4745 ir.
544 4707 609 4758 apud.
621 4706 757 4747 llarduinum
766 4706 875 4748 esicone.
935 4706 962 4759 (o)
971 4707 1022 4759 Cap.
1033 4706 1087 4746 iri.t.
1095 4706 1125 4746 lii.
1137 4707 1179 4747 eol·
1189 4710 1234 4747 bol.

294 4768 308 4801 ῑ·
319 4764 340 4817 il·
353 4771 393 4811 ⁰⁰¹·
402 4778 446 4814 tot.
461 4775 544 4827 (dJCan.
553 4788 573 4816 r.
838 4835 842 4839 Α
875 4809 878 4816 ,
934 4776 962 4828 ll)
971 4776 1022 4816 Vide
1029 4775 1255 4828 ltaironum‚ssuoplla
1265 4786 1286 4829 p·
1295 4778 1338 4816 bib.
1347 4782 1368 4818 et
1378 4788 1424 4827 seq.
