3792 5550
376 488 410 541 ⁷¹
717 493 830 545 vnncv.
849 494 902 543 xrt.
920 494 963 545 on
978 486 1246 541 convtnttavtoun.

375 626 481 685 liebine
495 642 592 683 manns
608 629 755 695 imponitur
773 643 823 695 per
850 627 964 681 benedi·
996 628 1124 689 superest
1140 627 1170 675 ut
1185 623 1319 689 perfectio
1337 622 1402 687 liat,
1415 625 1526 691 qnando
1554 628 1595 680 ad

373 710 510 779 monem,
519 715 655 767 advocans
667 718 694 766 et
707 713 824 767 invitans
837 712 964 779 Spiritum
996 706 1199 762 invocationem
1220 708 1372 762 sacerdotis
1389 708 1508 776 Spiritus
1524 724 1598 765 san·-

375 804 511 853 sanctnm.
523 797 556 845 »¹
570 797 663 850 tinctio
683 798 741 850 hanc
753 798 860 850 videtur
872 797 964 863 potius
995 798 1056 845 ctus
1074 793 1235 847 infunditur.
1248 814 1261 840 ι
1275 793 1287 828 ⁸

375 882 410 935 etl
421 882 963 948 manunmimpositionemveierri,quam
1027 880 1069 931 5⁰.
1088 880 1116 929 S.
1129 879 1342 945 angustinusde
1354 884 1494 947 ungerento
1504 884 1591 937 haro·

374 966 410 1020 nd
431 967 614 1033 baptismum,
633 980 697 1021 eum
724 980 779 1033 quo
796 967 963 1033 comparatio
994 962 1038 1015 nis
1048 963 1121 1029 apud
1133 964 1249 1016 Psaltem
1260 964 1378 1029 loquens
1396 976 1403 1015 :
1421 982 1434 1013 r
1450 967 1483 1017 lit
1495 964 1523 1017 in
1536 966 1591 1021 hoe

374 1050 526 1103 instituitur
547 1057 577 1104 ut
601 1052 740 1117 proiectus
761 1052 909 1119 spiritualis
927 1067 963 1106 ex
994 1053 1136 1117 unguento
1145 1050 1515 1104 Sacramentumchrismalis
1527 1053 1588 1106 vul·

374 1147 405 1188 en
419 1134 485 1188 oriri
506 1136 681 1203 intelligatur.
699 1137 770 1189 ilias
788 1136 963 1191 deunclione
994 1135 1030 1189 tis
1039 1136 1225 1202 interpretari,
1237 1136 1313 1201 quod
1324 1136 1436 1202 quidem
1446 1136 1474 1188 in
1486 1150 1597 1203 genere

373 1217 474 1285 pariter
492 1221 632 1287 loquitur:
648 1241 662 1267 ι
682 1222 749 1274 caro
770 1220 907 1285 abluitur,
930 1228 962 1275 ut
993 1221 1141 1275 visibilium
1158 1222 1362 1289 signaculorum
1379 1230 1588 1277 sacrosanctum

373 1303 462 1357 anima
479 1308 646 1360 emaculetur
677 1321 684 1356 ε
709 1317 773 1358 caro
801 1305 910 1372 ungitur
931 1313 962 1360 ut
993 1312 1051 1371 esi,
1064 1310 1174 1361 sicutet
1186 1308 1418 1373 ipsebaptismns.
1432 1308 1471 1355 »⁸

374 1390 463 1445 anima
479 1399 673 1448 consecretur:
687 1404 750 1445 oeno
760 1392 883 1459 signetur
894 1397 962 1447 utet
1027 1393 1070 1443 St,
1089 1393 1116 1443 S.
1141 1391 1274 1445 Parianus
1300 1392 1367 1444 dicit
1389 1407 1397 1443 τ
1425 1412 1439 1439 α
1463 1396 1592 1449 havacto

357 1478 462 1533 ‚anima
482 1482 711 1533 muniaturtcaro
737 1478 962 1544 mannsimposi-
993 1476 1067 1529 enim
1096 1483 1207 1543 peecata
1238 1484 1407 1545 purgantur,
1437 1480 1594 1535 chrismate

373 1564 446 1618 tione
465 1564 655 1626 adumbratur,
669 1567 698 1614 ut
708 1566 735 1614 et
752 1562 842 1615 anima
859 1564 961 1629 Spiritu
993 1566 1106 1615 sanetus
1118 1563 1234 1629 Spiritus
1249 1563 1487 1629 superfunditur.»
1505 1565 1517 1600 ⁷

373 1650 767 1713 illumineturzcarooorpore
784 1649 961 1715 etsanguine
1004 1648 1067 1700 ‘52
1097 1648 1282 1701 laodicenum
1316 1648 1483 1713 Concilium,
1510 1650 1592 1716 quoe

372 1733 470 1788 Christi
490 1733 626 1796 vescitur,
650 1736 680 1783 nt
699 1737 726 1784 et
746 1731 837 1786 anima
850 1734 885 1787 de
903 1737 959 1789 lleo
992 1743 1066 1785 anno
1090 1733 1142 1785 ste
1164 1746 1181 1785 a
1210 1733 1378 1786 nonnemine
1404 1734 1586 1801 adsignatur,

373 1819 519 1887 saginetur.
531 1816 565 1866 »²
992 1816 1118 1870 censuit:
1134 1837 1146 1863 α
1160 1819 1272 1883 Oportet
1283 1830 1331 1872 eos
1342 1818 1389 1884 qni
1401 1819 1584 1885 baptizantur,

405 1908 447 1957 tl.
468 1906 494 1957 s.
508 1900 655 1969 cyprianus
673 1900 729 1953 ait:
745 1902 838 1971 «Ungi
849 1917 959 1971 quoque
991 1908 1055 1967 post
1068 1903 1205 1956 lavacrum
1227 1904 1347 1958 chrisma
1367 1906 1497 1960 Ecclesiae
1510 1907 1586 1961 aeci·

372 2003 484 2047 neeesse
502 1992 543 2040 est
563 1987 684 2051 numqui
697 1988 848 2053 baptizatus
865 1990 960 2054 sit,nt
991 1999 1071 2052 pere,
1090 1993 1118 2041 et
1137 1990 1215 2055 regni
1229 1990 1329 2043 christi
1350 1991 1497 2059 participes
1508 1992 1594 2047 inve·

371 2080 481 2141 accepto
503 2070 665 2132 chrismate,
690 2071 789 2135 idest,
810 2074 958 2138 unctione,
990 2072 1099 2125 nivi.»⁸

371 2174 432 2217 esse
450 2162 547 2210 unctus
569 2155 633 2218 bei,
649 2161 677 2208 et
694 2156 797 2210 habere
817 2157 843 2211 in
858 2172 888 2212 se
899 2172 959 2226 gra-
1022 2157 1065 2209 55.
1092 2158 1176 2211 Nobis
1206 2158 1355 2225 aliqnando
1380 2162 1583 2227 exprobrarunt

369 2249 433 2301 tiam
450 2242 551 2297 Christi
563 2242 660 2309 possit.
673 2242 709 2291 »ὅ
990 2244 1175 2295 Protestantes
1195 2244 1357 2308 Gnosticos,
1377 2247 1512 2299 referente
1525 2249 1585 2301 lre·

401 2332 443 2383 te.
462 2331 489 2381 S.
503 2327 620 2394 cyrillus
633 2328 898 2395 hierosolymitanus
918 2331 958 2385 sic
990 2339 1068 2391 naeo,
1088 2333 1228 2393 unguento
1247 2329 1406 2395 hujusmodi
1422 2343 1489 2384 usos
1500 2344 1588 2385 emec

368 2413 476 2472 edocuit
486 2412 655 2478 Neophytos:
665 2414 800 2467 «Etvobis
811 2420 957 2481 postquam
989 2428 1006 2460 u
1023 2414 1132 2480 lingunt
1144 2418 1271 2467 autemet
1281 2414 1334 2480 ipsi
1346 2415 1583 2479 opobalsamum¹

367 2499 491 2555 similiter
507 2510 539 2550 ex
553 2497 632 2562 aquis
654 2498 724 2551 sacri
745 2499 845 2553 lavacri
860 2511 957 2554 ascen·
989 2499 1088 2550 verum
1097 2510 1151 2552 non
1164 2498 1216 2551 hos
1229 2498 1375 2561 imitamur,
1389 2501 1438 2554 sed
1452 2502 1586 2555 hoelesiae

367 2582 568 2644 distis,datum
586 2586 629 2635 est
648 2584 785 2647 chrisma,
799 2584 873 2650 quod
886 2584 957 2639 ima·
989 2594 1094 2635 morem
1107 2582 1343 2649 antiquissimum,
1362 2596 1411 2638 eos
1430 2589 1522 2639 antem
1535 2586 1588 2639 Ga·

366 2672 455 2741 ginem
470 2667 540 2736 gerit
555 2668 631 2721 illius
649 2682 705 2735 quo
718 2674 817 2723 unctus
827 2674 870 2723 est
882 2670 957 2723 Chri·
988 2666 1151 2721 tholieorum
1170 2667 1253 2720 ritum
1276 2668 1397 2723 imitatos
1417 2682 1481 2723 esse
1498 2682 1583 2724 vero-

365 2762 424 2821 stus
453 2768 460 2806 :
490 2754 543 2807 hoc
571 2757 662 2807 antem
684 2758 727 2807 est
750 2753 867 2821 Spiritus
892 2766 956 2809 san·
988 2752 1078 2807 simile
1094 2757 1146 2807 est.
1157 2754 1291 2808 caetemm
1299 2765 1356 2807 non
1366 2753 1479 2808 interest
1489 2758 1586 2808 utrum

364 2847 434 2897 ctus.
455 2875 463 2891 .
483 2879 490 2892 .
511 2840 666 2892 .caeterum
684 2839 746 2893 vide
759 2853 794 2893 ne
808 2840 874 2893 illud
892 2854 955 2896 esse
986 2841 1137 2908 aliquando
1149 2841 1184 2893 sit
1200 2853 1292 2893 rerum
1303 2838 1484 2905 quarumdam
1497 2839 1583 2892 simi·

364 2931 444 2994 pules
463 2931 634 2992 unguentum
646 2938 752 2978 memm
772 2939 804 2979 ae
825 2926 953 2994 simplex.
986 2925 1087 2990 litudo,
1112 2925 1179 2977 dum
1204 2924 1272 2977 alias
1294 2927 1351 2976 tota
1381 2924 1485 2975 rituum
1502 2924 1583 2980 serie

363 3010 597 3075 Quemadmodum
607 3011 680 3063 enim
689 3010 767 3077 panis
776 3011 954 3067 Eucharistiae
985 3010 1099 3063 omnino
1116 3009 1151 3062 ab
1162 3009 1216 3061 iliis
1226 3008 1417 3063 discernimur.
1429 3027 1444 3057 ε
1456 3008 1480 3043 ¹¹

363 3100 427 3162 post
445 3095 531 3149 saneti
544 3096 660 3162 spiritns
678 3096 879 3151 invocationem
896 3110 953 3151 non
1018 3096 1061 3147 bl.
1080 3093 1203 3146 cbrisma
1223 3107 1257 3146 ex
1280 3093 1343 3147 oleo
1366 3106 1429 3147 cnm
1450 3093 1580 3149 balsamo

363 3181 481 3247 amplius
499 3187 541 3235 est
559 3181 637 3248 panis
661 3183 815 3235 eommunis
829 3221 836 3248 ,
850 3183 899 3236 sed
910 3187 954 3236 est
985 3179 1024 3244 iil,
1034 3179 1150 3234 solemni
1158 3179 1286 3246 Episcopi
1296 3179 1499 3246 benedictione,
1509 3180 1580 3234 ieris

363 3277 463 3332 corpus
486 3268 611 3322 christi:
634 3267 674 3321 sie
697 3273 724 3321 et
750 3273 875 3322 sanctum
900 3269 953 3322 hnc
985 3265 1080 3331 quinta
1100 3265 1128 3317 in
1150 3267 1234 3319 denna
1256 3265 1374 3319 bomini.
1398 3267 1436 3319 be
1455 3278 1489 3319 eo
1510 3265 1580 3320 dicit

363 3360 534 3420 unguentum
550 3366 606 3408 non
629 3354 747 3420 amplius
769 3359 812 3407 est
828 3367 953 3421 unguen·
984 3350 1149 3404 venerabilis
1162 3351 1255 3404 Beda:
1272 3371 1284 3397 α
1299 3353 1329 3402 ln
1344 3350 1432 3406 vineis
1448 3351 1576 3416 engaddi

361 3440 419 3489 tum
443 3439 547 3490 nudum
575 3453 666 3505 neque
690 3451 854 3501 commune,
879 3443 954 3504 post·
984 3435 1137 3487 balsamum
1150 3436 1370 3501 gignitur,quod
1383 3435 1411 3488 in
1421 3436 1578 3490 chrismalis

362 3533 445 3586 quam
459 3523 516 3587 jam
539 3527 729 3574 consecratum
751 3525 812 3583 est,
835 3521 885 3572 sed
910 3528 953 3574 est
984 3517 1156 3570 coniectione
1167 3519 1268 3584 liquori
1279 3519 1360 3573 olivae
1369 3521 1532 3586 admisceri,
1545 3534 1581 3576 ac

362 3605 480 3658 chrisma
490 3605 600 3668 thristi,
614 3610 641 3657 et
652 3604 769 3667 Spiritus
787 3603 872 3656 saneti
884 3617 953 3669 prae-
984 3603 1134 3656 Pontificaii
1163 3605 1359 3659 benedictione
1386 3609 1457 3660 solet
1480 3620 1582 3661 eonse-

361 3690 460 3753 sentia,
471 3703 519 3756 per
531 3690 617 3756 ipsius
629 3687 799 3742 divinitatem
811 3688 951 3757 energiam
984 3690 1075 3751 erari,
1103 3695 1240 3754 quatenus
1264 3690 1359 3744 lideles
1386 3704 1485 3745 omnes
1513 3705 1580 3745 cnm

360 3775 503 3829 habet.»¹
985 3771 1159 3838 impositione
1194 3787 1293 3828 manus
1318 3776 1496 3830 sacerdotalis
1521 3789 1578 3842 qun

393 3862 435 3912 49.
449 3863 550 3915 Auctor
560 3857 699 3925 antiquus,
710 3872 792 3926 quem
804 3859 882 3912 multi
900 3860 951 3913 nd·
985 3858 1101 3924 Spiritus
1109 3865 1221 3914 sanetus
1228 3861 1433 3928 accipitur,hae
1441 3862 1579 3916 unctione

360 3945 413 3998 huc
426 3949 525 4012 putant
533 3958 595 3998 esse
607 3945 779 3998 Ambrosium
790 3943 863 4011 ,aitz
879 3948 949 4000 «Se-
983 3944 1134 4013 signentur.
1147 3945 1185 3994 »¹¹
1196 3948 1350 4001 Balsnmum
1359 3946 1388 4000 in
1400 3949 1452 4001 hac
1462 3947 1582 4014 regione

359 4030 451 4094 quitur
470 4030 611 4098 spirituale
629 4030 800 4097 signaculum
812 4032 885 4098 quod
900 4039 950 4085 au·
983 4030 1132 4084 adhibetur
1155 4034 1330 4096 Peruanum,
1359 4031 1404 4085 vel
1431 4031 1554 4085 indicum
1565 4070 1579 4096 ,

359 4114 439 4169 distis
462 4117 547 4171 hodie
573 4115 626 4184 logi
648 4131 656 4168 ε
680 4115 743 4184 quia
762 4122 826 4184 post
844 4115 948 4172 iontem
983 4117 1058 4183 quod
1066 4115 1231 4171 subicereex
1247 4116 1432 4171 declaratione
1443 4117 1578 4170 Pauliill.

297 4414 299 4418 Ι
353 4406 355 4410 Ι
380 4356 479 4411 {tila-tle
493 4359 628 4411 bapteail.
1009 4358 1128 4410 (silonita
1141 4358 1254 4401 Pasieria.
1266 4357 1577 4402 vrietminrnhlncaltm.

384 4427 410 4479 is)
420 4427 666 4469 belunenenearnivc.
676 4427 722 4470 rili.
981 4437 1004 4479 p.
1021 4428 1067 4468 tte.

382 4495 409 4548 le)
422 4497 461 4550 Ep.
470 4497 511 4538 lu.
518 4496 545 4538 ad
552 4498 640 4538 ianuar.
1008 4494 1034 4548 [t]
1044 4495 1098 4536 Can.
1106 4494 1173 4536 xlviii.
1183 4494 1211 4547 (t)
1222 4495 1248 4536 b.
1256 4495 1272 4537 i.
1280 4495 1329 4537 atlv.
1338 4495 1390 4537 bor.
1399 4495 1484 4539 cmiii.

382 4565 670 4619 (ticateebdrhlpvtagog.
1006 4565 1047 4616 tto)
1062 4564 1128 4605 Plura
1144 4563 1171 4604 tlt
1187 4563 1308 4606 chrismate
1323 4564 1405 4607 videsis
1421 4565 1478 4618 apud
1497 4565 1581 4608 Tron-

380 4633 408 4684 is)
417 4634 483 4676 l..-iii.
492 4635 519 4676 tle
526 4635 614 4677 Saone.
624 4633 648 4674 ii.
980 4632 1071 4674 belhen
1083 4632 1111 4674 t·
1123 4632 1179 4674 coni.
1187 4633 1242 4674 diss.
1252 4644 1273 4674 v.
1281 4633 1337 4675 sect.
1349 4632 1382 4674 iii.
1389 4643 1410 4675 e.
1422 4633 1439 4676 i.

384 4704 411 4756 ln)
424 4705 447 4746 t.
458 4705 565 4748 iicontra
577 4702 796 4747 thomaricum
1009 4703 1050 4757 itt)
1062 4701 1376 4756 bihamincntcut.

496 4935 508 4962 θ
