3792 5550
369 566 419 617 ert
716 565 831 616 rmcr.
849 563 913 614 xvv.
932 563 976 615 nn
994 528 1221 618 ronnrrnnr‘ti.

370 684 456 749 gratia
482 683 556 749 apud
574 683 733 736 sacerdotes
752 681 795 732 usi
821 685 906 742 sunt,
931 684 962 731 ut
995 678 1151 732 nitentiales
1163 691 1302 743 canones,
1314 679 1474 745 speciminis
1486 679 1587 741 instar,

370 768 439 834 lapsi
451 769 478 819 in
488 768 679 834 persecutione
691 767 727 818 ad
737 765 960 819 communionem
994 766 1111 818 recitare
1123 779 1130 816 :
1141 783 1157 812 α
1169 763 1219 828 Qui
1233 778 1248 817 a
1260 765 1316 818 ilde
1329 765 1493 828 desciverit,
1505 766 1591 831 poeni·

369 854 575 919 exciperentur,
595 865 719 919 congrua
748 857 823 904 tanto
854 848 961 903 crimini
995 851 1109 903 tentiam
1121 855 1184 918 aget
1203 852 1285 903 annis
1304 851 1410 904 decem.
1430 853 1482 915 Qui
1494 866 1590 919 magos

369 942 530 1008 poenitentia
544 953 600 993 non
610 945 738 1006 peracta:
752 941 849 1002 «Quos
861 937 961 1002 diligo,
995 936 1183 1000 consuluerit,
1198 936 1226 988 in
1247 936 1409 1002 poenitentia
1432 938 1485 989 erit
1502 951 1589 992 annos

369 1028 458 1094 inquit
476 1026 623 1089 Dominus,
642 1026 777 1092 redarguo
796 1031 823 1078 et
844 1024 959 1090 castigo.
995 1021 1192 1088 quinquenni
1211 1036 1281 1089 opus
1297 1023 1410 1090 aliquod
1432 1024 1533 1078 servile
1546 1025 1590 1078 die

369 1114 413 1166 Sic
428 1118 536 1179 oportet
554 1113 601 1166 ilci
619 1114 793 1166 sacerdotem
810 1124 867 1165 non
881 1111 962 1164 obse·
995 1109 1138 1162 bominice
1152 1109 1254 1162 festove
1272 1109 1383 1175 fecerit,
1397 1111 1589 1176 poenitcntiam

369 1198 442 1263 quiis
454 1198 655 1264 decipientibus
674 1198 784 1260 fallere,
803 1195 853 1249 sed
875 1207 962 1247 reme·
995 1201 1057 1262 aget
1070 1201 1126 1248 tres
1143 1195 1203 1249 dies
1220 1195 1248 1248 in
1262 1210 1333 1262 pane
1346 1201 1374 1249 et
1392 1209 1474 1262 aqua.
1490 1197 1589 1264 Siquis

368 1283 423 1335 diis
436 1284 603 1336 salutaribus
613 1282 758 1349 providere
760 1319 879 1333 .....
893 1282 963 1334 Gon·
993 1281 1095 1348 ieiunia
1115 1295 1131 1334 a
1150 1285 1248 1336 Sancta
1268 1282 1388 1336 Ecclesia
1407 1283 1513 1336 indicta
1534 1285 1589 1338 vio-

369 1376 411 1420 tra
430 1369 570 1435 Evangelii
584 1369 724 1434 vigorem,
737 1373 833 1420 contra
853 1365 961 1418 bomini
996 1367 1110 1431 laverit,
1123 1367 1313 1433 poenitentiam
1327 1373 1390 1434 aget
1411 1369 1473 1421 dies
1495 1370 1587 1436 viginti

368 1467 402 1507 ac
419 1447 466 1508 lici
489 1456 579 1521 legem
601 1454 755 1508 temeritate
777 1453 961 1519 quorumdam
996 1452 1109 1517 inpane
1128 1457 1155 1504 et
1174 1465 1254 1518 aqua.
1270 1451 1319 1516 Qui
1332 1454 1496 1518 parentibus
1507 1457 1587 1508 male·

368 1540 475 1593 laxatur
492 1541 609 1593 incautis
635 1541 858 1594 communicatio.
882 1539 962 1591 irrita
996 1536 1108 1602 dixerit,
1124 1538 1304 1605 quadraginta
1328 1540 1387 1594 dies
1406 1542 1544 1606 poenitens
1555 1543 1588 1595 sit

369 1633 397 1680 et
414 1627 482 1680 falsa
502 1640 570 1692 pax,
593 1629 747 1694 periculosa
764 1627 915 1691 dantibus,
933 1633 962 1678 et
996 1622 1105 1688 inpane
1117 1628 1233 1689 etaqua.
1247 1623 1348 1690 siquis
1361 1626 1588 1682 bominemeoci·

369 1712 438 1765 nihil
471 1713 668 1778 accipientibus
697 1713 839 1779 profutura
842 1751 961 1764 .....
996 1708 1089 1772 derit,
1117 1709 1152 1761 ad
1178 1711 1292 1775 januam
1321 1711 1453 1764 Ecclesiae
1481 1725 1588 1778 semper

368 1802 427 1852 Non
442 1805 569 1865 quaerunt
583 1801 709 1853 sanitatis
720 1800 877 1865 patientiam
890 1837 898 1864 ,
910 1813 963 1853 nee
996 1793 1056 1855 erit,
1067 1798 1094 1846 et
1106 1794 1133 1845 in
1146 1795 1222 1847 obitu
1232 1796 1458 1848 communionem
1466 1797 1586 1863 recipiet.

368 1886 509 1939 veramde
523 1887 962 1941 satisfactionemedicinam.Poe·
995 1881 1024 1930 Si
1046 1878 1132 1932 laicus
1155 1880 1262 1933 solutus
1285 1894 1347 1934 cum
1364 1881 1480 1936 foemina
1502 1885 1587 1937 soluta

369 1971 484 2026 nitentia
508 1974 544 2026 iio
563 1963 753 2039 peccatoribus
773 1975 883 2027 exclusa
901 1979 962 2036 esi,
995 1965 1189 2027 concubuerit,
1202 1966 1338 2031 poenitens
1351 1967 1403 2019 crit
1415 1975 1472 2020 tres
1492 1961 1606 2022 annos.'

370 2058 582 2124 gravissimique
601 2060 772 2126 extremique
795 2059 887 2112 (iiiiiii
904 2072 963 2112 me.
996 2049 1047 2102 Pro
1058 2049 1193 2103 adulterio
1206 2051 1340 2117 septennii
1354 2057 1382 2104 et
1392 2051 1520 2106 decennii
1534 2066 1587 2119 poe·

369 2142 457 2194 moria
484 2143 592 2196 ,iiiiii
622 2151 673 2197 esi,
694 2182 701 2196 ,
722 2183 729 2196 ,
750 2185 756 2197 ,
776 2147 910 2198 caeieiiim
937 2144 962 2196 si
996 2134 1110 2188 nitentia
1121 2135 1281 2201 imponitur.
1295 2137 1344 2199 Qui
1357 2150 1454 2189 usuras
1471 2138 1587 2204 accipit,

370 2227 432 2290 quis
457 2240 631 2293 piaepiopeii
649 2229 825 2282 festinatione
845 2235 962 2282 iemiii.
995 2219 1121 2285 rapinam
1138 2221 1217 2284 facit,
1229 2221 1420 2286 poenitentiam
1433 2229 1496 2288 aget
1511 2222 1586 2275 annis

369 2310 427 2362 rius
444 2312 634 2364 remissionem
646 2326 676 2364 se
688 2314 794 2366 cunctis
807 2314 874 2366 dare
884 2319 962 2378 putat
995 2304 1102 2370 fribus·
1117 2319 1172 2358 ¹¹⁰0
1186 2306 1296 2371 inpane
1313 2313 1342 2359 ⁰²
1359 2319 1442 2372 if<1¹¹³-
1456 2307 1490 2355 »⁸

370 2406 471 2459 posse,
485 2400 533 2447 aut
545 2396 628 2449 audet
640 2397 747 2450 bomini
766 2405 902 2464 praecepta
919 2412 962 2451 re·
1130 2390 1296 2455 Objecfiones
1306 2390 1462 2445 solvuntur-

371 2480 512 2545 scindere,
535 2496 591 2536 non
612 2490 718 2537 tantum
736 2484 804 2537 nibil
829 2485 961 2550 prodest,
1029 2477 1088 2528 ²¹5·
1104 2475 1162 2540 Off·
1178 2478 1200 2526 ¹·
1220 2477 1343 2529 Christus
1355 2477 1466 2531 Veniam
1481 2491 1586 2532 confes·

372 2567 421 2619 sed
439 2572 466 2620 ct
481 2567 562 2621 obest
575 2569 669 2634 lapsis.
684 2568 717 2615 »¹
996 2560 1031 2614 sit
1051 2561 1217 2628 paralytico,
1244 2561 1353 2614 mulieri
1372 2562 1522 2628 adulterae,
1533 2576 1584 2616 me·

403 2654 462 2706 210.
482 2657 510 2707 S.
524 2656 706 2708 Ambrosius:
724 2656 855 2708 «Grandi
874 2657 962 2724 plegae
996 2649 1104 2713 retrici,
1117 2649 1234 2712 latroni,
1256 2649 1331 2701 nulla
1349 2662 1432 2715 poena
1449 2650 1582 2715 imposita.

369 2741 424 2793 alta
455 2747 481 2794 ct
508 2742 612 2808 prolixa
640 2756 710 2809 opus
737 2748 779 2797 est
795 2743 961 2797 medicina:
996 2733 1356 2800 Patremfiiiumprodigum
1370 2734 1585 2789 redeuntemel·

267 2852 270 2856 ·
371 2826 475 2893 grande
501 2829 592 2880 scelus
619 2829 751 2894 grandem
777 2830 962 2883 necessariam
996 2820 1104 2886 cepisse
1127 2828 1220 2872 narrat
1243 2821 1319 2873 omni
1342 2819 1447 2873 laetiliae
1466 2822 1584 2886 indicio,

369 2908 453 2961 nabet
466 2910 691 2964 satisfactionem.
711 2913 748 2958 »ι
996 2906 1071 2957 nulia
1089 2905 1210 2971 iniuncta
1222 2918 1314 2971 poena.

402 2994 461 3044 211.
480 2997 508 3045 s.
526 2997 695 3061 Augustinus
720 2998 804 3064 exigit
821 3003 851 3050 ui
873 3000 963 3065 poeiii.
1029 2990 1089 3041 att.
1107 2992 1187 3055 desp.
1208 2990 1294 3043 Penes
1317 2992 1456 3045 Christum
1474 2998 1587 3045 eratve-

369 3084 431 3129 tens
440 3096 456 3126 ι(
467 3092 482 3131 a
495 3082 651 3146 praepositis
664 3083 904 3136 sacramentorum
916 3098 964 3138 30.
996 3074 1071 3126 niam
1092 3075 1196 3128 donare
1211 3076 1406 3142 amplissimam
1420 3116 1428 3141 ,
1440 3078 1508 3144 ‹iuin
1526 3078 1586 3129 inde

367 3163 451 3229 cipiet
473 3166 666 3220 satisfactionis
691 3181 749 3221 suae
778 3171 901 3223 modum.
923 3172 963 3217 »ὅ
997 3159 1097 3213 inferre
1122 3160 1202 3213 liceat
1231 3162 1357 3215 camdem
1388 3163 1586 3230 indulgentiam

369 3248 436 3302 Vide
453 3253 525 3303 ets.
546 3252 645 3305 Leonis
667 3256 699 3304 ii.
720 3260 748 3307 et
766 3256 793 3306 S.
809 3257 963 3310 innocentii
996 3258 1105 3313 semies
1117 3247 1449 3322 lef⁰³¹0fib¹¹⁸0ffliffllu⁸
1464 3249 1588 3303 9)(ὴίΜῦ-

368 3334 525 3388 tcstimonia
537 3350 619 3402 supra
631 3338 747 3396 relata.⁴
996 3333 1069 3386 dam.
1084 3335 1218 3387 Caeterum
1236 3346 1292 3386 non
1314 3341 1425 3387 constat
1446 3335 1586 3388 mulierem

403 3419 462 3471 tte.
480 3422 619 3475 Probatur
630 3427 655 3476 5.
666 3437 702 3476 ex
713 3426 860 3490 disciplina
868 3428 961 3481 oeten,
996 3420 1148 3472 aduiteram
1171 3419 1256 3473 fuisse
1281 3420 1397 3474 crimine
1422 3422 1584 3474 absolutam.

369 3504 422 3556 Per
444 3505 523 3570 plura
542 3508 642 3559 saecula
673 3508 792 3562 obtinuit
817 3509 962 3576 disciplina
995 3505 1196 3559 vehementiori
1213 3506 1375 3571 peccatricis
1394 3507 1498 3570 dolori,
1513 3514 1540 3559 et
1551 3506 1586 3558 di·

313 3647 315 3651 ,
368 3600 425 3651 ‹iua
448 3589 563 3653 singulis
583 3590 641 3642 fere
665 3591 772 3644 delictis
797 3608 894 3659 graves
912 3597 964 3648 ad·
996 3589 1106 3643 lectioni
1120 3590 1236 3643 indulsit
1257 3592 1381 3645 cbristus
1394 3592 1583 3645 remissionem

371 3671 486 3737 signatae
513 3681 578 3725 sunt
596 3687 704 3740 poenam
730 3691 783 3742 qua
810 3678 961 3745 abrogata,
995 3674 1144 3741 integram,
1158 3688 1241 3741 quam
1259 3676 1324 3729 etin
1342 3676 1401 3729 dies
1414 3677 1584 3730 sacerdotum
1661 3714 1668 3725 .

371 3769 420 3821 per
431 3762 539 3821 tempus
549 3760 616 3811 satis
628 3759 786 3814 diuturnum
803 3765 962 3819 sacerdotes
996 3772 1079 3826 opera
1108 3762 1155 3815 dat
1179 3763 1214 3815 iis
1237 3762 1285 3829 qui
1315 3763 1413 3817 eedem
1441 3762 1584 3816 dilectione

370 3841 399 3892 in
420 3842 547 3894 tribunali
566 3845 656 3898 adbuc
674 3859 721 3898 cas
733 3847 776 3900 vel
789 3848 893 3902 similos
907 3864 963 3917 poe-
995 3845 1124 3912 flagrant,
1146 3853 1174 3900 et
1191 3848 1364 3902 vehementia
1382 3849 1443 3914 pari
1456 3850 1585 3915 plangunt

369 3926 520 3981 nitentibus
539 3938 740 3985 consueverunt
757 3932 908 4001 injungere.
924 3938 961 3989 ita
995 3938 1106 3997 peccata
1120 3947 1126 3983 :
1142 3932 1190 3984 sed
1204 3946 1290 3998 quum
1309 3933 1361 3986 boc
1378 3946 1528 3999 paucorum
1540 3932 1583 3993 sit,

370 4015 499 4069 Ecclesiae
509 4016 596 4071 totius
616 4032 665 4084 per
684 4020 762 4085 plura
776 4022 877 4073 saecula
894 4035 962 4076 con·
995 4019 1099 4085 optimo
1117 4018 1232 4072 consilio
1248 4031 1337 4085 poenae
1357 4018 1513 4085 irrogantur
1521 4030 1584 4071 con·

370 4103 488 4157 suetudo
506 4104 645 4157 nitebatur
659 4112 733 4159 certa
752 4107 808 4159 fide
826 4110 911 4160 iteum
921 4122 962 4161 sa·
995 4104 1152 4168 litantibus,
1166 4110 1196 4156 ut
1206 4118 1261 4171 qua
1274 4106 1366 4159 valent
1381 4104 1489 4159 ratione
1505 4104 1585 4157 satis·

369 4185 524 4242 tisiactione
551 4191 671 4242 humana
699 4192 879 4257 placandum,
909 4206 961 4247 nec
996 4190 1096 4244 faciant
1117 4190 1164 4244 liei
1182 4192 1307 4258 justitiae.
1328 4192 1416 4244 Patris
1436 4191 1522 4244 filium
1542 4202 1584 4254 re-

369 4271 422 4323 alia
448 4274 509 4339 lege
533 4274 625 4328 offerri
655 4276 736 4329 nobis
765 4277 959 4331 satisfactionis
995 4277 1122 4330 denntem
1147 4278 1308 4345 excipientis
1332 4280 1488 4344 exemplum
1507 4275 1583 4329 nobis

368 4356 468 4410 Christi
474 4359 647 4415 beneficium.
657 4365 736 4416 Juvat
745 4365 894 4418 nonnullos
903 4377 960 4429 poe·
994 4362 1176 4429 proponitur,
1188 4369 1219 4416 ut
1229 4362 1362 4416 infinitam
1372 4363 1420 4416 liei
1432 4362 1584 4415 misericor·

394 4619 494 4669 ieiune
511 4623 585 4674 lapsis.
1008 4630 1047 4683 viti
1057 4631 1127 4682 Supra
1137 4631 1209 4682 pean.
1262 4632 1265 4637 ·

395 4690 423 4741 (n)
432 4692 503 4731 Traet.
516 4694 543 4733 ad
554 4694 665 4745 Virginem
674 4696 758 4748 lapsum
766 4708 787 4737 e.
796 4697 842 4738 viii.
1018 4700 1046 4752 in)
1056 4700 1131 4740 Plures
1141 4698 1188 4740 vide
1204 4700 1263 4752 apud
1272 4700 1295 4741 S.
1304 4699 1441 4752 alphonsum
1452 4700 1478 4741 dc
1496 4698 1583 4751 Ligeri·

396 4760 424 4810 (t)
434 4760 502 4801 Sem.
512 4763 572 4802 cccii.
585 4763 639 4804 sliu
647 4764 662 4804 l.
671 4774 691 4805 c.
700 4770 720 4805 t.
993 4769 1009 4809 Ι.
1016 4768 1045 4810 vi.
1052 4769 1080 4810 de
1093 4770 1152 4811 Poen.
1162 4781 1184 4810 n.
1191 4772 1236 4811 tto.
