3792 5550
377 533 428 592 ott
693 535 807 588 almer.
826 534 902 585 xvii.
920 533 963 586 ult
980 529 1092 584 saculs
1109 527 1289 580 conturbus

412 656 454 708 to.
474 652 534 720 otj.
554 652 579 706 Ξ.
599 653 749 706 Potuerunt
763 648 885 715 Apostoli
897 648 968 702 alios
1001 643 1204 712 impositionem
1217 655 1232 694 a
1245 641 1352 695 Christo
1367 641 1520 694 adsacrum
1534 656 1600 696 mu·

379 738 433 795 sibi
462 738 491 790 in
512 751 654 793 sacrorum
685 748 829 788 munerum
853 746 969 788 consor·
1001 747 1054 786 nus
1082 731 1342 786 communicandum
1367 731 1521 792 destinari;
1545 731 1599 784 sed

379 826 446 878 tium
474 825 644 888 adsciscere,
671 827 702 876 ut
730 821 829 875 christi
854 820 969 874 manda-
1002 832 1063 872 eam
1075 823 1180 872 tantum
1194 830 1257 883 quae
1271 818 1305 870 ad
1316 817 1388 870 bunc
1396 816 1480 870 linem
1489 815 1600 882 specia-

377 915 435 964 tum
464 908 499 962 de
525 908 653 962 omnibus
680 907 807 974 gentibus
835 905 968 958 docendis
1000 905 1054 958 lem
1073 905 1157 958 babet
1168 903 1338 958 relationem.

377 1001 576 1061 exequerentur
594 993 657 1046 :usi
676 999 741 1048 sunt
755 1006 818 1046 eum
837 992 864 1044 in
884 991 966 1044 linem
1034 990 1076 1041 20.
1096 988 1147 1055 obj
1159 990 1184 1040 t.
1205 990 1331 1041 Mannum
1350 985 1492 1053 impositio
1511 989 1599 1045 Paulo

378 1093 507 1134 manuum
526 1079 718 1145 impositione,
733 1083 827 1146 utpote
844 1076 898 1129 ritu
917 1080 968 1130 lle·
1001 1080 1029 1128 et
1041 1075 1171 1129 baruabae
1183 1073 1272 1127 lacu*
1286 1086 1341 1127 non
1352 1078 1442 1139 potest
1456 1074 1599 1130 ordinatio

377 1165 459 1217 bracis
477 1164 619 1228 familiari,
632 1177 688 1231 quo
706 1165 831 1218 victimas
849 1165 904 1215 Deo
925 1174 968 1214 sa·
1001 1161 1112 1225 haberi,
1138 1159 1335 1212 multominus
1364 1161 1597 1213 Sacramentum:

377 1250 506 1309 orabant,
525 1250 568 1304 rel
595 1249 715 1304 divinam
736 1247 918 1315 implorabant
938 1246 967 1298 in
1002 1246 1100 1300 Paulus
1119 1245 1193 1298 enim
1212 1247 1298 1298 alico
1311 1244 1416 1298 electus
1429 1247 1598 1311 apostolus,

377 1338 485 1402 aliquos
509 1337 741 1390 benedictionem.
765 1338 798 1387 tt
824 1346 881 1387 non
903 1331 967 1386 ideo
1000 1337 1080 1384 antea
1103 1342 1182 1384 sacro
1200 1329 1354 1382 ministerio
1378 1321 1488 1382 iunctus
1516 1337 1597 1396 crat,

375 1425 580 1476 Sacramentum
598 1420 742 1474 habendus
759 1425 802 1472 est
817 1418 863 1470 ille
882 1417 965 1481 ritus,
1000 1418 1200 1481 concionando,
1215 1424 1243 1472 et
1255 1431 1332 1472 sacra
1342 1419 1434 1471 munia
1447 1419 1583 1473 obeundo

377 1508 501 1574 quamuis
516 1506 626 1574 signum
649 1504 794 1573 potestatis
814 1503 967 1558 communi·
1001 1503 1139 1556 Barnabas
1152 1502 1234 1556 etiam
1246 1503 1317 1557 inter
1333 1504 1483 1570 propbetas
1502 1510 1532 1556 et
1545 1505 1599 1559 do-

377 1599 446 1647 catoe
460 1607 467 1640 :
480 1606 531 1646 nec
548 1593 621 1646 enim
646 1591 769 1658 Apostoli
794 1590 849 1644 uim
872 1589 967 1658 gratian
1001 1596 1091 1644 clares
1102 1589 1252 1644 antiochiae
1265 1591 1476 1654 recensebatur,
1489 1590 1598 1655 quibus

376 1679 550 1734 conterende
572 1679 637 1733 ritui
656 1678 694 1731 illi
715 1678 861 1731 adnectere
877 1677 968 1730 ualde
1000 1689 1079 1730 sacro
1115 1689 1228 1728 munere
1266 1675 1442 1742 fungentibus
1475 1675 1599 1742 Spiritus

377 1771 450 1818 runt.
1000 1760 1087 1814 sancti
1104 1762 1231 1814 voluntas
1248 1761 1283 1814 de
1307 1761 1380 1813 Pauli
1408 1766 1435 1814 et
1460 1763 1599 1815 barnabae

412 1853 452 1902 ll.
471 1851 549 1916 Reap.
578 1849 656 1904 llaud
679 1861 730 1902 suo
756 1848 889 1913 arbitrio,
917 1847 966 1902 sed
999 1847 1097 1901 futuris
1111 1847 1250 1901 laboribus
1267 1850 1386 1902 revelata
1404 1853 1455 1902 est.

355 1936 476 1999 ¹¹christi
488 1935 618 1989 mandato
632 1934 753 2002 llpostoli
762 1933 893 1988 censendi
903 1937 968 1986 suut
1034 1934 1075 1986 tt.
1094 1934 1175 1999 lleap.
1205 1933 1301 1986 omnia
1323 1935 1441 1988 suadent
1466 1933 1502 1987 de
1529 1947 1600 1990 vera

378 2021 406 2074 in
418 2021 502 2074 rebus
517 2020 781 2087 precipuisegisse,
794 2019 894 2086 Spiritu
907 2032 969 2072 san·
1000 2019 1173 2072 ordinatione
1192 2018 1235 2085 agi
1256 2033 1262 2070 :
1282 2009 1345 2072 nam
1366 2019 1482 2086 Spiritus
1503 2021 1600 2074 saneti

377 2112 422 2160 cto
436 2119 532 2159 eorum
545 2105 698 2158 illustrante
711 2111 841 2158 mentem.
854 2105 969 2158 tlteban·
998 2107 1077 2174 jussu
1095 2105 1194 2158 Paulus
1225 2111 1253 2158 et
1277 2106 1415 2158 Barnabas
1431 2105 1458 2157 in
1486 2119 1602 2161 munus

378 2200 422 2245 tur
435 2192 546 2258 quidem
573 2191 679 2244 Hebraei
697 2204 828 2244 manuum
854 2189 968 2257 imposi-
1001 2194 1133 2258 assumpti
1149 2193 1230 2257 sunt,
1249 2191 1371 2258 jejunio,
1396 2193 1545 2255 oratione,
1570 2200 1602 2246 et

378 2276 452 2328 tione
462 2275 588 2341 plurimis
602 2275 630 2326 in
652 2288 741 2328 rerum
754 2276 905 2342 adjunctis3
918 2276 967 2328 sed
1000 2287 1132 2326 manuum
1143 2273 1327 2340 impositione.
1338 2276 1392 2327 lice
1408 2273 1500 2327 obstat
1518 2276 1601 2328 l‘aull

377 2363 459 2428 longe
482 2374 497 2413 a
515 2361 656 2414 consuetis
670 2361 766 2414 ritibus
782 2361 902 2414 distabat
920 2362 966 2414 illa
1000 2361 1091 2414 divina
1117 2361 1224 2416 vocatio
1241 2377 1247 2412 :
1267 2363 1338 2414 bens
1356 2361 1429 2414 enim
1454 2374 1519 2414 eum
1543 2365 1600 2414 Ba·

378 2442 828 2514 manuumimpositio,qua‚eanlo
839 2453 967 2510 testante,
1001 2448 1131 2514 ptismum
1152 2447 1401 2514 susetperejnssim
1423 2452 1450 2500 et
1474 2447 1600 2512 proinde

379 2534 482 2588 donum
509 2533 651 2598 divinum,
677 2534 712 2586 ad
735 2547 811 2586 sacra
840 2533 967 2586 obeunda
1000 2548 1055 2588 nou
1069 2540 1159 2601 potest
1168 2535 1275 2588 censeri
1289 2549 1352 2590 eurn
1371 2541 1507 2602 potestate
1519 2539 1600 2602 lpo-

379 2620 704 2684 munia,conierebatur.
719 2621 766 2672 Est
782 2618 968 2685 igiturSacra·
1001 2621 1115 2684 stolica,
1139 2620 1192 2672 uisi
1222 2627 1355 2675 consueto
1383 2627 1490 2674 serrato
1517 2620 1597 2686 ritu,

379 2707 596 2772 mentum‚quia
614 2705 740 2760 ellectum
760 2706 788 2756 in
806 2705 969 2770 animapro·
1000 2705 1118 2760 auxisse.
1150 2705 1346 2759 predicaverat
1376 2705 1486 2772 quidem
1510 2713 1597 2759 antea

378 2793 464 2855 ducit,
475 2791 687 2859 quemnpostoli
698 2791 748 2856 ipsi
762 2790 834 2843 band
847 2792 967 2843 valentes
1002 2793 1100 2845 Paulus
1121 2792 1245 2845 Damasci
1263 2798 1290 2845 et
1311 2792 1476 2853 nntioebiae,
1491 2797 1520 2843 et
1534 2793 1599 2843 Bar·

378 2877 403 2931 ei
427 2875 589 2939 adnectere,
612 2878 646 2929 ad
667 2876 804 2928 Christum
826 2883 966 2928 auctorem
1000 2878 1085 2931 nabas
1100 2877 1237 2945 egregiam
1252 2890 1364 2942 operam
1385 2876 1550 2943 prestiterat
1567 2876 1598 2928 in

378 2959 479 3013 reterre
497 2972 611 3013 necesse
630 2965 681 3012 est.
777 3010 781 3023 ,
1000 2964 1127 3017 fidelibus
1148 2962 1312 3026 edocendis,
1336 2968 1363 3015 et
1382 2960 1523 3014 dilatanda
1543 2963 1597 3013 ltc-

412 3046 453 3096 lS.
474 3044 532 3110 dij.
557 3048 584 3097 5.
613 3046 742 3097 blandum
768 3044 906 3110 impositio
931 3046 967 3097 ab
998 3047 1598 3115 clesiazquodarqumentumestutrumque

377 3130 515 3197 apostolis
525 3131 592 3197 ipsis
603 3130 794 3197 passimllebat
803 3131 838 3184 ad
849 3137 967 3199 aegrotos
996 3134 1053 3201 jam
1081 3146 1187 3186 sacram
1215 3132 1356 3199 accepisse
1387 3130 1598 3197 presbyteratus

377 3216 523 3277 curandos,
532 3214 715 3283 juxtacbristi
728 3216 901 3277 mandatum,
912 3216 921 3249 ¹
932 3218 966 3271 ad
989 3208 1186 3287 potestatem,
1204 3232 1266 3285 quae
1287 3217 1397 3271 nonnisi
1418 3216 1597 3272 ordinatione

378 3304 530 3370 neophytos
543 3302 571 3355 in
590 3302 644 3355 fide
657 3302 821 3367 firmandos,
841 3303 966 3357 inuocato
1000 3304 1199 3359 conlerebatur.
1220 3303 1363 3357 Silentium
1388 3302 1536 3368 Scripturas
1562 3316 1597 3357 ea

377 3391 478 3455 Spiritu
493 3398 603 3452 sancto,
618 3397 646 3443 et
665 3391 734 3444 alios
757 3390 785 3443 in
804 3390 882 3443 fines.
895 3393 966 3459 Ergo
999 3393 1034 3443 de
1052 3404 1081 3443 re
1093 3402 1148 3444 uon
1160 3390 1271 3453 obstat,
1282 3402 1368 3455 quum
1387 3388 1505 3454 plurima
1520 3401 1597 3453 prae·

377 3490 434 3531 uon
453 3478 503 3530 luit
530 3482 753 3542 Sacramentum,
776 3478 846 3531 ritus
863 3479 967 3547 scilicet
1000 3476 1125 3529 termissa
1155 3480 1324 3537 noscantur,
1354 3472 1448 3540 paucis
1474 3486 1539 3537 quae
1559 3474 1596 3526 ad

378 3562 412 3613 ad
422 3574 527 3614 sacram
537 3568 700 3626 potestatem
710 3564 966 3616 communicandam
1000 3561 1140 3615 historiam
1152 3560 1326 3627 pertinebant
1339 3558 1441 3611 relatis.
1456 3560 1596 3611 caeterum

282 3702 285 3710 ¹
378 3644 478 3695 christi
491 3648 630 3697 voluntate
645 3648 783 3699 delinitus.
999 3660 1055 3701 nnn
1071 3654 1133 3701 ante
1146 3646 1351 3713 impositionem
1363 3644 1437 3697 illam
1449 3657 1596 3708 manuum,

413 3731 452 3780 ta.
472 3729 550 3793 llesp.
565 3729 661 3793 Utique
674 3730 753 3781 tiebat
772 3743 902 3783 manuum
915 3732 966 3785 im·
999 3746 1080 3799 quarn
1107 3737 1200 3785 narrat
1224 3734 1334 3797 Lucas,
1364 3730 1498 3784 censendi
1527 3738 1597 3783 sunt

377 3813 809 3880 positioablpostolispluresin
822 3816 963 3879 lines3sed
998 3818 1148 3887 episcopali
1173 3823 1200 3872 et
1218 3818 1371 3885 apostolica
1389 3822 1526 3884 potestate
1550 3816 1596 3870 in·

378 3914 432 3955 non
452 3900 515 3954 ideo
531 3913 617 3967 vagus
630 3907 658 3954 et
670 3887 790 3955 incertus
809 3902 877 3956 ritus
895 3904 967 3958 ordi·
999 3903 1089 3956 duti.⁸
1110 3903 1178 3956 ilinc
1201 3902 1312 3957 nonnisi
1337 3908 1433 3969 postea
1462 3904 1596 3969 leguntur

377 3986 497 4041 nationis
514 3991 571 4041 est:
587 4000 618 4041 ea
641 3988 713 4040 enim
734 4001 864 4042 manuum
877 3988 966 4056 impo-
999 3988 1175 4042 constituisse
1186 4000 1235 4054 per
1247 3987 1371 4055 singulas
1381 3988 1518 4043 Ecclesiae
1527 4001 1594 4053 pre·

377 4073 440 4127 sitio
450 4086 512 4140 qum
521 4072 548 4126 in
561 4073 638 4136 eallt,
649 4087 682 4126 ex
691 4073 828 4141 adjunctis
838 4075 973 4144 etverbis
1000 4075 1134 4141 sbyteros.
1148 4074 1159 4109 ⁴

377 4172 439 4225 quae
454 4160 535 4211 simul
556 4158 746 4225 proteruntur,
768 4161 965 4214 determinatur
1030 4160 1071 4210 li.
1093 4150 1152 4226 (lbi
1173 4161 1197 4211 6.
1217 4161 1254 4213 lle
1275 4160 1362 4227 gratia
1381 4174 1435 4226 qua
1454 4160 1543 4213 anima
1565 4160 1595 4213 iit

377 4244 411 4296 ad
423 4244 566 4310 potestatis
586 4244 863 4298 communicationem
883 4244 965 4311 signi·
999 4246 1054 4299 Deo
1068 4248 1167 4311 chara,
1178 4255 1264 4317 xapar,
1279 4260 1336 4300 non
1356 4248 1412 4315 agit
1428 4246 1594 4313 Apostolus,

378 4328 607 4382 beandamuxen
617 4329 690 4394 quod
700 4330 767 4381 allas
779 4330 964 4395 adhiberetur,
998 4331 1047 4384 sed
1077 4332 1112 4385 de
1140 4332 1215 4395 dono
1243 4334 1364 4399 quodam
1394 4332 1593 4386 fortitudinis:

378 4417 451 4465 reete
464 4412 578 4465 infertur
587 4414 659 4466 baud
671 4414 822 4479 quamlibet
833 4428 964 4469 manuum
1000 4418 1262 4487 e'xtpepahocloeo
1273 4418 1346 4473 idem
1357 4418 1481 4485 estquod
1491 4428 1596 4482 surana,

403 4652 431 4702 lt)
440 4652 504 4691 llere.
513 4650 554 4692 xri.
566 4658 595 4691 te.
604 4652 630 4705 (ι)
640 4654 685 4693 llet.
694 4655 738 4695 xiii.
746 4662 765 4697 ³.
997 4660 1096 4713 sionem,
1111 4673 1177 4714 supra
1187 4672 1239 4715 pap.
1254 4666 1275 4703 b.

401 4720 680 4772 (alvideewxonleneiunn
696 4724 736 4766 bac
753 4726 780 4770 de
794 4738 816 4774 re
830 4726 964 4785 animadver·
1024 4728 1050 4782 [tl
1062 4731 1106 4771 let.
1115 4730 1156 4791 nir,
1165 4734 1197 4771 tt.
