3792 5550
577 582 644 634 ctu.
666 580 687 631 1.
705 578 748 631 uli
765 577 852 641 Aous
867 577 909 630 Ah
927 579 1111 636 oaculsulut
1128 580 1335 635 uscussmuh.
1527 582 1554 633 ll

352 691 508 759 sepriense,
530 707 602 761 aqua
623 700 730 749 cantum
749 699 936 757 constantem,
971 698 1558 767 cetrumsuismantousmpmassc:«orri-

353 779 452 834 morilo
472 781 618 845 discrcsil3
637 795 689 835 uec
705 781 780 835 euim
791 794 862 847 aqua
878 780 938 833 sola
971 789 1041 848 stus,
1055 804 1066 831 i
1081 784 1186 850 lnquit,
1199 804 1211 831 α
1226 784 1352 838 manibus
1364 784 1424 850 ipse
1438 783 1496 837 suis
1509 786 1557 837 Pe·

350 864 380 918 iu
399 877 433 919 eo
452 866 609 920 adhihenda
630 871 703 932 erat,
725 867 775 921 sed
794 866 836 921 sis
852 865 937 919 divini
971 872 1044 922 trum
1063 869 1255 923 tautummodo
1272 868 1418 935 baptizavit
1437 884 1444 920 ι
1463 870 1558 925 Petrus

352 949 568 1019 spiritus‚ignis
580 951 940 1016 iustamcsteudeudmltit-
971 965 1054 1020 porro
1070 953 1204 1007 Andream
1225 961 1253 1008 et
1276 953 1347 1010 hlios
1366 954 1490 1009 zehedaei
1510 973 1517 1007 c
1540 954 1558 1007 ii

350 1041 413 1089 tens
428 1042 519 1090 autem
535 1038 681 1104 Apostolos
701 1040 731 1089 ut
751 1036 937 1102 baptizarent,
972 1038 1102 1105 deinceps
1125 1039 1247 1105 reliquos
1266 1040 1421 1105 Apostolos.
1446 1040 1558 1105 septua-

352 1135 410 1176 nou
433 1122 523 1189 potuit
540 1122 654 1189 intelligi
671 1122 707 1175 do
725 1120 862 1187 Baptismo
879 1120 939 1187 spi·
972 1124 1046 1191 ginta
1064 1128 1155 1179 autem
1173 1125 1236 1178 illos
1257 1128 1352 1179 Petrus
1372 1127 1557 1187 allocutus,

353 1214 423 1262 ritus
432 1208 538 1274 sancti,
551 1209 659 1275 quiade
674 1220 708 1263 eo
719 1208 794 1261 siluit
804 1221 937 1274 prorsus,
971 1210 1127 1277 Theologus
1136 1210 1227 1263 dictus
1238 1248 1246 1271 ‚
1259 1210 1440 1277 baptizarunt.
1453 1209 1489 1259 ε’
1502 1210 1559 1263 Clo·

352 1299 381 1347 et
397 1293 520 1359 ipsorum
544 1306 601 1347 uon
627 1298 686 1347 erat
714 1292 835 1347 divinam
863 1291 937 1346 illam
971 1308 1050 1349 mens
1067 1295 1265 1351 Alexandrinus
1278 1295 1305 1348 id
1323 1294 1406 1349 etiam
1419 1306 1469 1349 suo
1487 1294 1558 1349 lihro

351 1378 406 1435 vim
424 1379 453 1432 in
471 1379 591 1433 animam
607 1390 750 1442 exercere,
767 1390 830 1444 quae
850 1374 938 1442 ipsius
968 1380 1042 1437 dicto
1056 1382 1266 1448 hypotyposeon
1279 1379 1424 1435 inserviti

350 1463 468 1530 Spiritus
480 1469 531 1519 εει.
545 1464 630 1533 igitur
645 1464 733 1518 ohvise
745 1464 821 1518 vocis
833 1463 938 1531 signid-
1003 1468 1045 1519 59.
1061 1464 1119 1531 ocj.
1129 1468 1155 1519 A.
1169 1465 1291 1532 Apostoli
1301 1464 1411 1519 nonnisi
1423 1478 1439 1517 a
1451 1456 1558 1521 curisto

351 1548 452 1603 cationi
470 1548 661 1602 iuhaercndum
673 1554 731 1614 cst,
743 1553 772 1602 ct
783 1548 937 1615 Baptismus
970 1550 1100 1617 baptizari
1121 1554 1287 1616 potuerunt,
1301 1550 1348 1617 qui
1365 1556 1456 1605 tamen
1473 1550 1558 1604 homi·

349 1645 422 1699 aqua
441 1633 648 1700 agnoscendus,
667 1634 937 1697 calumniator,
971 1649 1034 1692 nem
1054 1636 1214 1702 haptizaviu
1233 1649 1319 1702 quum
1333 1635 1407 1689 enim
1420 1634 1558 1689 retulisset

271 1782 274 1786 φ
349 1718 451 1781 Filius,
469 1725 497 1773 et
515 1718 633 1785 Spiritus
652 1724 765 1774 sauctus
776 1732 826 1772 sua
837 1719 938 1774 uirtute
971 1723 1090 1776 loannes
1109 1734 1246 1777 rumorem
1259 1721 1293 1774 ad
1307 1720 1458 1775 Pharisaecs
1471 1720 1558 1787 perla-

349 1804 450 1859 adsint.
461 1805 539 1867 Quod
551 1810 642 1857 autem
651 1817 707 1858 non
715 1805 821 1872 legatur
830 1804 859 1856 iu
870 1804 939 1857 Scri·
969 1810 1030 1858 tum
1050 1809 1143 1861 lesum
1166 1806 1319 1872 baptizare,
1339 1805 1557 1861 animadvertit:

337 1889 437 1957 pturis
454 1890 600 1955 Apostolos
617 1890 693 1955 ipsos
705 1890 790 1943 tuisse
803 1902 877 1957 ⁴aspira
888 1891 940 1942 ha·
975 1909 987 1936 ·
1001 1891 1169 1955 Quamquam
1180 1894 1260 1945 lesus
1273 1903 1329 1944 uon
1340 1890 1498 1959 baptizaret,
1509 1890 1558 1945 sed

350 1975 484 2042 ptimtos,
508 1987 565 2028 non
583 1975 682 2041 prohat
703 1986 754 2030 eos
771 1975 938 2041 baptismum
972 1972 1098 2041 discipuli
1114 1976 1184 2039 ejus.
1199 1973 1232 2021 »⁴

349 2072 407 2114 uon
419 2059 593 2125 suscepisse,
609 2073 694 2125 quum
706 2071 758 2113 neo
773 2058 874 2113 christi
887 2072 940 2113 neo
1005 2062 1046 2113 lo.
1061 2063 1138 2127 licem
1151 2064 1245 2115 lesum
1261 2061 1351 2127 ipsum
1364 2060 1499 2128 quosdam
1512 2062 1559 2116 ha-

349 2146 604 2212 Apostolorumres
617 2149 702 2211 gestae
714 2156 811 2198 omncs
822 2144 940 2197 reierau·
971 2145 1088 2213 ptizassc
1103 2150 1210 2201 constat
1225 2158 1259 2199 ex
1273 2146 1387 2199 loannis
1405 2146 1557 2201 relatione:

350 2237 404 2284 tur.
413 2231 546 2283 Caetcrum
554 2242 640 2295 penes
648 2229 786 2283 christum
798 2234 857 2283 erat
865 2242 939 2283 cosa
975 2251 987 2278 ι
1004 2231 1082 2285 venit
1098 2233 1178 2292 lesus
1195 2236 1223 2285 et
1239 2229 1367 2297 discipuli
1384 2232 1444 2297 ojus
1463 2230 1493 2283 iu
1505 2236 1559 2285 ter·

357 2315 488 2383 Baptismi
508 2316 569 2382 lege
590 2316 710 2369 eximere
727 2331 734 2369 :
751 2316 826 2383 quod
847 2323 939 2370 tamem
972 2330 1031 2371 ram
1042 2318 1162 2373 ludaeam
1174 2332 1180 2369 :
1194 2322 1221 2371 et
1231 2316 1286 2370 illic
1294 2316 1488 2372 demorabatur
1496 2330 1559 2370 cum

354 2415 418 2455 eum
437 2401 535 2455 iecisse
552 2412 609 2454 nou
626 2405 670 2453 est
688 2401 853 2457 verosimile.
870 2401 939 2455 llici-
972 2402 1029 2467 eis,
1051 2407 1078 2455 et
1089 2401 1252 2468 haptizahat.
1267 2400 1302 2448 »ι
1320 2402 1395 2466 Quod
1409 2408 1504 2469 postea
1519 2400 1559 2454 di·

351 2502 414 2541 mus
429 2488 511 2555 igitur
522 2501 585 2541 cum
596 2489 748 2556 Augustino
762 2503 769 2540 z
786 2507 798 2537 ι
811 2490 869 2541 lion
879 2501 939 2540 om·
973 2489 1010 2543 cit
1023 2487 1230 2554 intelligendum
1243 2492 1285 2540 est
1297 2487 1332 2541 de
1342 2487 1467 2553 plurimis
1479 2487 1559 2541 deiu-

351 2574 396 2627 uia
413 2586 476 2639 quae
491 2572 561 2626 tacta
576 2573 733 2627 scuteliam
750 2573 851 2640 scripta
862 2573 940 2628 inse·
973 2586 1039 2640 ceps
1068 2570 1234 2638 baptizatis,
1261 2583 1332 2636 quos
1359 2571 1557 2637 discipulorum

338 2658 940 2723 ·niuutur‚serumtameaiactaesseexcae·
972 2672 1055 2725 opera
1077 2672 1140 2712 eum
1157 2656 1313 2723 suscepisse
1332 2656 1414 2711 ritum
1435 2657 1557 2713 adnotat.

352 2744 419 2799 teris
437 2743 608 2798 documentis
622 2744 785 2812 probantur.
802 2744 938 2812 scriptum
972 2748 1030 2800 llou
1042 2744 1095 2798 alia
1111 2743 1219 2800 videtur
1231 2742 1300 2797 ratio
1311 2755 1360 2797 cur
1372 2744 1510 2808 loannes,
1526 2756 1559 2800 ex

352 2835 396 2884 est
420 2831 531 2897 quando
556 2833 709 2898 baptizatus
731 2830 767 2885 sit
791 2831 939 2897 Apostolus
973 2843 1022 2886 sua
1036 2829 1170 2884 sententia
1185 2829 1317 2895 loquens,
1337 2829 1466 2895 nullaque
1485 2830 1559 2897 adje-

351 2918 465 2980 Ρειιιεε,
485 2920 515 2971 ει
536 2918 666 2984 scriptum
687 2929 744 2971 nou
764 2921 807 2971 cst
826 2916 938 2984 quando
972 2913 1558 2982 ctaerplicstioue‚lesumhapticasseiam

351 3003 479 3071 baptizati
498 3004 553 3058 siut
572 3004 617 3058 alii
637 3003 782 3070 Apostoli:
800 3006 937 3056 verumta·
973 2999 1152 3059 affirmaverit.
1173 3000 1279 3066 optime
1292 2999 1375 3067 igitur
1389 3000 1559 3056 Corneliusa

351 3101 413 3143 mcc
431 3090 514 3143 eham
530 3090 606 3156 ipsos
619 3089 770 3156 baptizatos
786 3087 938 3155 intelligere
972 3085 1073 3152 lapide
1102 3087 1215 3140 adnotat
1241 3085 1378 3140 Christum
1406 3085 1559 3152 baptizasse

352 3173 487 3228 dehemus
511 3189 519 3226 ε
543 3174 776 3240 quemadmodum
804 3173 938 3240 scriptum
974 3191 987 3218 c
1000 3183 1055 3226 uon
1073 3175 1127 3226 tam
1140 3183 1230 3236 porse
1243 3183 1326 3236 quam
1338 3183 1387 3236 per
1404 3170 1560 3226 suosdisci·

351 3268 394 3314 εει
405 3258 517 3326 quando
527 3259 670 3323 haptizatae
684 3260 739 3311 sint
749 3259 843 3324 plehes
854 3260 939 3312 eccle·
972 3257 1070 3321 pulos,
1088 3266 1159 3322 quos
1171 3259 1263 3308 tamen
1277 3255 1336 3320 ipsc
1348 3255 1424 3320 prius
1438 3255 1558 3320 haptiza-

351 3345 458 3400 siarum
470 3343 498 3395 iu
510 3342 662 3396 ierusalem
671 3347 698 3394 et
710 3343 841 3404 samaria,
855 3356 939 3406 quan·
983 3338 1041 3390 hat.
1054 3339 1080 3384 ι’

351 3432 389 3486 do
417 3436 509 3484 autem
541 3426 684 3492 baptizatae
708 3425 764 3479 siut
790 3425 851 3478 alim
882 3425 939 3491 ple·
1007 3425 1048 3476 Al.
1061 3422 1120 3489 ucj.
1135 3426 1291 3478 &loannes
1305 3423 1558 3492 suumhaptismum

353 3513 558 3582 uescentium,
581 3511 683 3577 quihus
698 3511 819 3577 Apostoli
836 3511 939 3577 episto·
974 3521 1043 3577 aqua
1056 3510 1185 3564 collatum
1204 3522 1219 3563 a
1232 3509 1369 3576 septimic
1382 3511 1499 3573 Christi,
1511 3510 1557 3577 qui

351 3601 394 3653 las
416 3597 563 3663 miseruut,
586 3610 643 3652 uon
673 3603 717 3652 cst
748 3597 841 3664 utique
870 3597 938 3651 sori·
972 3595 1002 3649 tit
1020 3595 1121 3661 Spiritu
1139 3600 1253 3659 sancto,
1269 3596 1381 3651 omniuo
1394 3597 1557 3665 distinguit:

351 3691 445 3754 ptum,
469 3690 497 3738 et
515 3690 606 3738 lamen
628 3685 709 3737 etiam
728 3683 804 3750 ipsas
817 3684 937 3750 baptiza·
976 3680 1053 3745 «Qui
1070 3679 1144 3733 misit
1162 3693 1206 3733 mc
1218 3680 1354 3747 baptizare
1367 3683 1393 3734 iu
1408 3695 1498 3749 aqua,
1513 3683 1558 3738 ille

351 3778 394 3825 tas
410 3771 506 3837 utique
521 3770 632 3823 minime
651 3769 810 3822 dubitamus
825 3774 938 3836 propter
972 3767 1039 3820 mihi
1058 3767 1124 3821 dixit
1138 3781 1144 3820 :
1159 3769 1246 3833 super
1262 3779 1344 3832 quem
1363 3767 1464 3822 videris
1477 3769 1559 3835 spiri.

239 3919 242 3923 ἵ
350 3857 425 3910 illam
455 3856 561 3910 homiui
599 3857 762 3910 senteutiam
792 3871 799 3909 :
831 3874 848 3906 i<
882 3856 937 3911 Νιει
972 3861 1029 3908 tum
1042 3854 1266 3916 descendentem,
1275 3861 1465 3910 elmanentem
1477 3869 1559 3922 super

350 3962 364 3990 ι
386 3941 449 4009 quis
478 3947 589 3995 renatus
621 3942 703 3996 fuerit
735 3956 769 3995 ex
805 3954 876 4009 aqua
910 3949 938 3996 ει
972 3954 1051 4005 cum,
1071 3940 1116 3993 hic
1136 3943 1196 4004 esi,
1213 3939 1392 4006 quihaptizat
1409 3941 1438 3994 iu
1455 3940 1556 4007 Spiritu

350 4048 363 4074 s
384 4027 484 4094 spiritu
502 4033 612 4091 saneto,
637 4041 692 4082 uon
712 4028 825 4080 iutrahit
847 4028 876 4080 in
895 4041 937 4081 re·
972 4032 1077 4080 sancto.
1091 4026 1123 4072 »⁷

350 4134 363 4159 n
383 4125 468 4180 gnum
491 4115 634 4166 coelorum.
654 4134 666 4159 a
687 4112 696 4146 ¹
717 4115 799 4165 Porro
817 4112 936 4166 livodius
1003 4112 1045 4163 li.
1061 4112 1139 4178 llesp.
1154 4113 1269 4166 llumilis
1286 4112 1384 4165 Christi
1403 4113 1558 4164 Praecursor

350 4199 397 4264 qui
406 4198 601 4252 Antiochenam
615 4196 765 4251 Ecclesiam
778 4196 881 4263 primus
894 4210 935 4249 re·
971 4196 1081 4263 agnovit
1106 4211 1137 4250 sc
1165 4198 1275 4251 nonnisi
1305 4209 1375 4274 aqua
1400 4195 1556 4261 baptizare,

348 4283 406 4346 xit,
429 4288 492 4349 post
505 4283 665 4349 Apostolum
684 4283 810 4344 Petrum,
832 4280 861 4333 in
879 4281 936 4348 epi·
971 4281 1072 4347 quippo
1088 4281 1135 4346 qui
1159 4295 1214 4335 non
1231 4280 1319 4346 potuit
1338 4280 1400 4333 ritui
1416 4281 1454 4333 ilii
1475 4283 1554 4335 ullam

350 4371 420 4423 stola
437 4391 460 4420 η
471 4379 520 4434 ose
537 4367 682 4435 inscripta,
698 4367 935 4421 retulitchristum
972 4365 1144 4428 indcrcvim3
1158 4365 1294 4419 christum
1306 4367 1434 4422 autemid
1452 4368 1550 4435 Spiritu

377 4599 405 4652 (ι)
412 4602 466 4652 Aug.
476 4611 510 4653 cp.
519 4600 584 4642 cclxv.
595 4601 649 4643 alias
658 4601 715 4644 cviii.
723 4601 751 4644 cd
761 4599 889 4645 Seleuciam.
999 4599 1025 4656 (ι)
1035 4599 1095 4643 ioan.
1106 4599 1134 4643 ir.
1144 4603 1164 4642 a.

379 4668 406 4720 (ι)
415 4669 478 4722 Apud
486 4670 628 4723 Nicephorum
637 4671 692 4712 llist.
701 4671 757 4713 Bcel.
767 4673 780 4712 Ι.
789 4672 812 4712 ιι.
822 4683 841 4712 e.
850 4672 882 4712 ιιι.
998 4673 1025 4726 (ιι)
1034 4673 1095 4714 idun.
1105 4669 1138 4713 ιιι.
1147 4677 1179 4714 ιι.

379 4739 406 4790 (³.
417 4739 440 4778 1..
450 4745 469 4779 lt.
481 4741 588 4794 llppotyp.
599 4741 656 4794 upud
667 4743 772 4783 loannem
781 4741 906 4794 Moschum,
917 4741 939 4783 iu
999 4743 1025 4795 (d)
1035 4743 1148 4783 inlocum.

352 4807 416 4849 Prcto
425 4807 643 4860 spiritualissimi.
998 4814 1094 4865 (illocn.
1103 4813 1119 4854 i.
1128 4819 1160 4854 id.
