3792 5550
622 539 692 594 car.
712 537 733 591 1.
752 535 1015 592 persuasumst
1035 536 1204 592 vautram.
1475 545 1528 595 sm
1624 505 1626 510 ’

302 655 379 722 qnod
402 653 432 706 in
455 653 503 708 tali
532 656 662 708 contextu
686 656 836 718 usurpatur
865 651 899 708 de
934 651 1018 719 aliqui
1029 652 1200 707 Timotheum
1213 654 1270 707 lore
1280 656 1467 721 praesulem3⁴
1483 659 1527 712 uel

302 743 460 808 potestate,
479 737 607 801 cuidam,
625 742 765 804 tamquam
784 750 900 804 evenge-
933 744 1009 795 certe
1028 753 1043 792 a
1064 740 1122 793 ritu·
1136 740 1183 794 illo
1202 741 1314 794 omnino
1338 742 1527 810 distingueba-

300 829 364 881 licse
394 824 530 881 coculos
560 823 709 890 magistro,
740 822 899 880 conterendi
933 830 996 888 tur;
1018 839 1081 878 nam
1105 839 1137 879 ea
1161 827 1362 892 praetcrmissa,
1379 828 1445 882 dicit
1462 829 1527 882 sim·

302 914 398 967 locum
409 911 454 976 (cl.
469 911 527 966 Act.
541 908 598 965 xiii.
613 910 710 973 l.—5.)
722 914 750 962 et
768 908 804 965 cie
815 908 898 965 animi
933 911 1042 976 pliciter
1063 912 1116 964 alio
1136 913 1198 964 loco
1213 912 1327 979 gratiam
1342 914 1527 968 datemluisse

302 997 530 1062 fortitudineque
542 1009 612 1063 opus
623 1001 682 1054 erat
696 995 739 1060 iis,
752 996 899 1062 quilocum
918 994 1110 1060 -impositione
1136 1009 1265 1050 mannum
1286 1011 1407 1051 suarum.
1427 1001 1526 1052 harah·

302 1085 428 1140 doctoris
450 1087 524 1139 recte
546 1082 616 1139 tueri
638 1083 777 1139 uellent.»
797 1083 900 1137 hosen·
934 1083 1227 1138 surdumeslderotis
1245 1085 1389 1140 doctorum
1402 1125 1410 1150 ,
1424 1091 1451 1138 et
1463 1086 1524 1139 seli·

302 1169 434 1225 mallen*
913 1217 917 1222 .
932 1166 974 1220 cis
987 1181 1132 1222 successus
1151 1171 1291 1238 auguriis,
1309 1171 1460 1238 prophetiae
1477 1183 1525 1224 ro·

337 1257 381 1310 25.
396 1257 475 1322 licto.
489 1255 550 1322 Agit
563 1254 710 1319 Apostolus
721 1253 756 1307 do
768 1253 843 1308 dono
854 1254 899 1307 liei
932 1263 994 1304 cem
1014 1251 1203 1319 interpreteri;
1229 1261 1256 1308 et
1280 1257 1313 1308 ad
1329 1257 1434 1308 donum
1446 1268 1524 1311 vero·

302 1373 338 1382 -
350 1343 373 1395 el
385 1344 496 1413 stipam
508 1351 544 1393 ns
558 1340 624 1392 ltro*
638 1341 716 1395 —ad
728 1340 899 1407 lungendum
932 1337 1061 1390 similiter
1072 1337 1190 1392 hrturum
1204 1340 1304 1394 reterre
1317 1343 1391 1408 quoti
1402 1343 1438 1396 <le
1449 1341 1525 1396 dono

305 1431 396 1484 sacris
417 1430 582 1483 ⁴muneribus
602 1428 684 1488 dato;
708 1427 782 1492 quod
804 1427 828 1480 si
845 1425 899 1481 rito
934 1424 1076 1477 Timotheo
1086 1425 1143 1490 jam
1164 1425 1243 1489 dato,
1257 1431 1284 1478 et
1297 1427 1324 1478 in
1338 1433 1526 1490 comanente,

304 1515 482 1582 suscipiatur,
497 1513 691 1580 animaprocul
703 1513 787 1566 uuhio
802 1512 832 1564 lit
844 1514 898 1566 lleo
933 1511 1001 1564 dicit
1014 1512 1169 1576 Apostolus.
1184 1515 1250 1564 cum
1262 1515 1393 1579 Apostolo
1414 1513 1526 1567 monile·

303 1602 454 1669 acceptior.
477 1604 591 1654 Gonslat
618 1604 710 1652 autem
733 1597 898 1652 ordinationi
931 1603 976 1650 ste
1002 1603 1104 1664 pugnat
1121 1599 1320 1662 hosenmullem
1336 1599 1523 1666 subjungens:

305 1687 476 1742 Sacramenti
490 1688 573 1749 ratio,
583 1697 668 1752 quum
680 1685 707 1736 vi
719 1684 779 1750 eius
796 1683 899 1738 donum
936 1681 1121 1749 «intelligitur
1129 1685 1370 1748 praeterea,dstum
1380 1685 1525 1740 Timotheo

302 1773 371 1826 illud
385 1777 563 1838 potestasque
577 1770 761 1832 coucedatur,
775 1769 900 1835 quamuis
933 1769 1045 1838 stirpam
1061 1781 1117 1821 non
1137 1774 1191 1821 tam
1209 1771 1338 1822 collatum
1352 1785 1423 1834 esso,
1440 1785 1523 1837 quam

301 1858 465 1925 contingere
492 1857 582 1922 possit
603 1854 778 1920 suscipientis
796 1855 899 1921 culpa,
934 1855 993 1921 ejus
1013 1852 1183 1906 concedendi
1205 1865 1281 1918 spem
1299 1854 1412 1914 iactam,
1427 1855 1520 1918 (veluti

301 1947 332 1995 ut
343 1940 438 2008 gratia,
452 1953 506 2006 qua
514 1939 606 1992 anima
620 1938 764 1993 sanctitate
774 1944 899 2004 augetur,
933 1939 954 1989 l.
968 1941 1047 1991 toan.
1060 1952 1086 1992 v.
1102 1937 1153 2002 ll.)
1167 1951 1218 1991 nee
1229 1939 1311 1992 verba
1324 1941 1383 2001 pret
1395 1939 1519 1994 testeos

306 2029 391 2082 simul
403 2041 460 2080 non
473 2025 631 2092 recipiatur.
648 2025 772 2078 Profecto
787 2024 899 2090 spiritus
933 2035 972 2076 eor
986 2034 1063 2092 >crapas
1077 2028 1132 2076 tam
1147 2021 1304 2090 significare
1315 2023 1358 2089 id,
1370 2037 1424 2090 quo
1435 2025 1459 2078 ei
1473 2025 1527 2078 hoc

304 2113 899 2170 inordinationctlatusdiciturnoutaulum
932 2111 1037 2164 donum
1050 2109 1224 2174 tribueretur,
1233 2123 1315 2176 otram
1334 2111 1526 2177 ¹opportunita-

303 2202 490 2262 fortitudinis,
507 2202 555 2254 sed
574 2205 602 2254 et
618 2200 776 2255 dilectionis
790 2204 817 2253 et
835 2213 898 2265 pru·
933 2204 1005 2262 tem,
1038 2197 1142 2250 scilicet
1162 2197 1313 2250 solemnem
1339 2196 1526 2264 inauguratio·
1627 2197 1629 2203 ’

305 2287 900 2358 dentiae.-optplrasorptrtsrimnepe
932 2299 1013 2348 uem,
1035 2284 1064 2337 iu
1086 2296 1138 2350 qua
1163 2282 1327 2350 significatio
1340 2282 1421 2351 hujus
1444 2297 1528 2350 erpe-
1603 2275 1605 2279 ’

305 2377 406 2436 θαλέων,
433 2391 497 2426 ahu
519 2378 644 2440 ἒνιᾶμίυε,
666 2376 706 2426 καὶ
729 2376 835 2442 ἀγάπην,
860 2375 900 2424 toti
933 2369 1025 2426 mandi
1048 2369 1173 2423 beneficii
1197 2370 1266 2422 facti!
1293 2374 1384 2435 esset,
1408 2370 1485 2436 quasi
1496 2375 1525 2423 [11

304 2471 465 2532 suppremo.
475 2483 487 2508 e
497 2462 637 2515 Noneuim
650 2460 726 2514 dedit
738 2460 818 2513 nohis
829 2462 900 2512 heus
934 2457 1040 2510 diceres
1060 2473 1067 2507 ε
1087 2469 1143 2510 non
1159 2469 1189 2509 eo
1209 2457 1296 2521 quod,
1315 2457 1363 2509 secl
1376 2471 1463 2522 qrcum
1474 2457 1525 2509 tihi

304 2548 432 2614 spiritum
444 2547 569 2609 timoris,
586 2547 633 2601 sed
653 2545 777 2608 virtutis,
791 2549 819 2596 et
831 2543 902 2595 dilo-
934 2555 1033 2594 manus
1051 2543 1268 2606 imponerentur.
1286 2559 1303 2589 o
1320 2542 1359 2594 lta
1380 2555 1431 2606 pro
1453 2542 1527 2594 arbi·

303 2633 425 2695 ctionis,
439 2637 468 2684 et
480 2631 647 2684 sobrietatis.
658 2629 670 2663 ⁸
933 2625 987 2679 trio
1000 2626 1198 2691 detorquentur
1211 2625 1293 2678 verha
1304 2623 1445 2691 Apostoli,
1463 2638 1526 2691 quae

337 2720 382 2770 24.
402 2715 462 2781 otj.
478 2718 504 2768 6.
525 2735 538 2762 r
557 2717 632 2768 lianc
649 2714 743 2766 dotem
755 2712 898 2765 Timotheo
934 2725 1036 2764 munus
1050 2713 1107 2779 jem
1126 2711 1237 2776 cultim,
1257 2716 1284 2762 et
1308 2709 1334 2762 in
1353 2721 1387 2764 oo
1411 2723 1527 2764 manens

303 2806 399 2858 datam
410 2815 474 2881 esse
486 2801 525 2854 ait
535 2801 693 2867 Apostolus,
705 2806 746 2851 tae
757 2801 899 2870 efrontius,
933 2800 1016 2866 plane
1028 2799 1175 2863 denotant,
1193 2826 1224 2837 -
1241 2809 1276 2850 ste
1289 2800 1307 2849 tv
1319 2801 1353 2851 eli
1365 2801 1525 2869 septemvir,

305 2904 356 2957 per
376 2887 615 2950 rescrationem,
640 2886 697 2941 siue
712 2886 900 2942 denunciatio·
933 2888 1050 2939 tiator:
1070 2915 1102 2927 -
1122 2888 1245 2955 illudque
1271 2903 1332 2943 cum
1351 2889 1528 2956 impositione

306 2989 372 3028 nem
389 2975 600 3040 prophetarum,
616 2972 636 3024 i.
649 2985 673 3026 e.
694 2986 790 3026 eorum
806 2973 901 3026 docto·
933 2990 1065 3030 manuum
1089 2980 1115 3028 el
1136 2988 1186 3041 per
1203 2989 1262 3030 eam
1276 2976 1369 3029 datum
1380 2975 1525 3029 ahirmant.

307 3072 384 3123 Tum,
397 3059 444 3125 qui
463 3072 527 3111 elim
547 3058 721 3111 collocabant
733 3060 763 3110 in
782 3058 901 3112 ministri
935 3092 968 3103 -
980 3064 1169 3127 peritissimos
1183 3072 1355 3133 rorxttpimrti
1367 3064 1527 3133 sptossurtpiou.

308 3144 458 3211 evangelici
476 3144 552 3206 locu,
577 3143 613 3195 ad
634 3156 751 3210 eamque
778 3156 835 3196 Tem
856 3144 901 3195 ln·
935 3173 1001 3200 -rt
1015 3158 1171 3221 >improperem
1187 3148 1341 3210 immilem
1356 3154 1374 3197 ἓν
1388 3148 1422 3199 orl
1435 3150 1475 3198 &tit
1488 3158 1528 3221 riis·

308 3230 485 3285 flammabant
508 3227 710 3296 promissione,
723 3228 783 3282 fore
796 3266 804 3291 ‚
826 3233 857 3281 ut
875 3230 900 3281 ei
935 3240 1058 3290 tereos
1070 3247 1108 3287 mr
1121 3246 1198 3305 nepas
1209 3256 1261 3297 pro.

307 3316 463 3370 necessaria
473 3316 507 3368 ad
517 3316 608 3369 locum
620 3328 684 3367 cum
698 3314 831 3381 dignitate
843 3326 902 3367 sus·
969 3322 1010 3374 att.
1026 3320 1085 3385 otj.
1096 3324 1121 3372 7.
1141 3321 1287 3386 Apostolus
1298 3319 1419 3385 loquitur
1431 3320 1466 3371 de
1477 3318 1526 3371 im·

309 3403 452 3457 tineudum
483 3402 615 3467 facultas,
638 3401 742 3455 scilicet
771 3406 900 3455 strenuus
935 3406 1073 3474 positione
1086 3417 1217 3457 manuum
1233 3403 1413 3471 presbyterii,
1434 3403 1525 3457 senio·

307 3490 419 3544 animus
451 3489 658 3543 concederetur.
671 3490 691 3540 l.
706 3488 775 3541 Tim.
794 3488 811 3539 l.
827 3491 899 3541 lu.»
935 3506 997 3546 rum
1023 3490 1126 3545 scilicet
1156 3496 1242 3543 coetus
1264 3504 1271 3541 :
1295 3489 1341 3555 qrri
1359 3489 1428 3542 ritus
1446 3490 1529 3556 longe

306 3577 512 3630 Rosenmtiller.
936 3570 1020 3631 distat
1038 3577 1072 3629 ah
1090 3574 1261 3630 ordinatione
1285 3588 1346 3641 quae
1363 3576 1449 3629 ssolo
1462 3576 1527 3641 Epi-

341 3664 383 3716 ao.
398 3664 475 3729 lisso:
487 3662 609 3729 Apostoli
619 3675 698 3715 mens
707 3666 782 3728 patet
793 3661 900 3715 collatis
936 3676 1022 3730 scopo
1034 3662 1183 3729 perficitur.

307 3749 369 3814 ejus
393 3747 566 3801 testimoniis.
585 3747 729 3813 Prophetis
750 3748 830 3814 cujus
842 3760 901 3801 me·
968 3751 1011 3802 27.
1031 3749 1110 3815 lisso.
1130 3746 1257 3801 calvinus
1272 3746 1416 3801 attollatur:
1435 3749 1528 3799 «Part-

308 3832 390 3885 minit
411 3833 589 3899 precessisse
598 3833 708 3888 videtur
718 3833 899 3898 ordinationi,
934 3836 1047 3902 lusipse
1061 3834 1124 3888 alibi
1144 3848 1187 3897 se,
1211 3846 1266 3887 non
1276 3833 1344 3887 alios
1355 3834 1528 3899 complures,

307 3930 373 3985 quae
386 3915 452 3971 ideo
466 3916 535 3970 lacta
558 3922 618 3980 est,
642 3917 706 3983 quia
720 3918 902 3983 praedixerant
935 3920 1080 3973 Timotheo
1106 3914 1205 3971 manus
1225 3918 1388 3983 imposuisse
1411 3930 1527 3972 comme-

255 4178 260 4184 ’
335 4179 395 4233 (¹1¹⁰
405 4178 485 4219 &Tm
495 4178 563 4220 Μ·
932 4182 1047 4226 hominum
1059 4180 1157 4235 judicio,
1176 4178 1258 4219 utheri
1274 4179 1343 4220 solet:
1358 4178 1395 4220 red
1410 4190 1526 4232 precesse-

335 4251 364 4302 (t)
373 4250 401 4290 ll.
410 4249 465 4291 Tim.
475 4248 490 4289 i.
498 4254 520 4291 t.
529 4248 609 4292 &den
625 4260 664 4292 vox
675 4249 792 4293 Adhibetur
799 4251 860 4295 honr.
870 4254 900 4295 ri.
931 4260 966 4297 nt
980 4251 1074 4306 Spiritus
1083 4250 1223 4303 nuncupatio.
1233 4250 1289 4292 llicit
1298 4250 1400 4291 oollotrm
1416 4260 1464 4291 esre
1471 4262 1523 4292 cum

307 4326 343 4363 ta.
353 4335 363 4358 ι
373 4318 448 4361 Gratis
457 4318 496 4360 liei
505 4318 549 4360 rita
557 4325 645 4362 eterna.
656 4310 728 4361 »tue
735 4326 758 4364 et
769 4321 830 4363 Ron-
837 4333 858 4364 r.
868 4328 899 4365 la.
931 4322 1071 4379 impositione
1088 4332 1210 4373 manuum,
1224 4332 1268 4374 qao
1285 4319 1403 4373 significat,
1421 4331 1465 4364 uua
1474 4332 1525 4363 curn

310 4390 355 4433 etl.
367 4389 417 4430 cor.
426 4387 463 4427 rii.
473 4393 492 4429 7.
932 4394 1053 4441 ministerio
1076 4390 1204 4435 necessariis
1230 4390 1295 4432 etiam
1313 4390 1399 4431 dotibus
1424 4395 1524 4432 ornatum

335 4458 364 4510 (tl
374 4456 491 4498 11.τωι.ί.
501 4462 520 4499 7.
929 4466 1006 4507 tuisse.
1027 4490 1053 4503 ..
1075 4489 1082 4502 .
1102 4462 1196 4512 .ltuqus
1221 4471 1298 4501 sensus
1314 4465 1348 4501 est
1369 4459 1519 4510 Timotheum,

335 4529 364 4583 (A)
373 4528 476 4571 calvinus
485 4529 517 4569 sic
525 4529 616 4582 explicat
624 4557 631 4581 ,
638 4528 698 4569 haud
707 4528 833 4570 infeliciter:
843 4529 899 4571 «lti-
931 4547 1000 4588 qunm
1018 4534 1171 4587 prophetarum
1181 4542 1232 4571 voce
1242 4530 1322 4571 orcitus
1332 4529 1372 4573 luit
1388 4530 1410 4570 in
1428 4529 1526 4573 ministe-

308 4600 340 4641 eit
349 4597 626 4651 grstienrillidatamesse
632 4598 832 4652 perprophett‘am·
842 4599 899 4649 Quo
932 4606 1004 4657 rium,
1018 4609 1040 4644 et
1057 4603 1134 4644 deinde
1143 4600 1234 4642 solemni
1253 4600 1295 4640 ritu
1312 4600 1439 4650 ordinatus,
1458 4600 1525 4639 simul

309 4669 396 4714 nodo?
411 4668 462 4720 qnia
472 4668 555 4709 scilicet
564 4668 658 4721 Spiritus
675 4669 902 4711 anausonoulc'l'i·
935 4674 1005 4726 grstia
1022 4672 1116 4725 Spiritus
1134 4670 1202 4711 sancti
1221 4669 1351 4710 instructum
1365 4668 1432 4709 luisse
1441 4668 1468 4707 ad
1478 4668 1526 4708 lun·

307 4740 423 4781 matheum
440 4738 599 4789 destinaverat,
617 4745 642 4778 nt
651 4738 672 4779 in
682 4739 779 4781 ordinem
788 4744 902 4792 postorum
934 4742 1027 4784 ctionem
1043 4752 1105 4783 auam
1121 4740 1275 4793 exequendam.
1294 4738 1397 4779 »nomm
1407 4738 1428 4777 in
1442 4736 1524 4778 tunm

307 4812 457 4861 cooptaretur.
474 4808 548 4859 Neque
559 4806 617 4848 enim
629 4807 725 4849 delectus
740 4808 903 4850 tantumiuertt
935 4824 964 4856 w,
976 4818 1007 4855 rr,

379 4880 439 4942 von.
452 4891 490 4929 ru.
1358 4882 1391 4932 il
