3792 5550
740 548 810 600 CAP.
831 548 872 599 tv,
892 548 934 599 DE
952 547 1198 601 uoullnulnuls.
1536 547 1571 597 ’Π

353 664 459 719 mentis
470 664 504 717 ad
516 678 575 718 eam
590 664 683 731 regula
702 662 825 715 traducta
840 666 882 715 est
893 699 901 725 ‚
914 661 952 715 ol)
982 662 1136 715 iustissimo
1144 661 1245 715 ordine
1256 665 1474 729 Romauo‚quem
1484 661 1572 715 edidit
1615 690 1618 694 ²

353 749 508 817 quamdam
524 748 746 811 similitudinem,
761 761 845 813 quum
866 748 951 801 homo
981 748 1149 815 liittorpius‚
1164 748 1247 802 verba
1261 755 1344 802 sunt:
1361 769 1373 794 α
1389 750 1526 801 confirmo
1545 754 1571 802 ie

262 828 265 831 ’
354 836 448 904 ¹{gratia
466 836 597 902 templum
614 835 649 887 sii
660 834 776 901 Spiritus
789 834 885 887 sancii.
905 836 951 885 So-
981 835 1139 888 innomine
1160 835 1261 899 Patris,
1282 841 1310 888 et
1327 835 1401 897 Filii,
1420 834 1572 901 eispiritus

363 923 417 975 mel
437 922 505 975 dlxii
525 922 690 987 Augustinus
713 934 844 973 manuum
866 919 952 985 impo·
981 921 1078 975 saneti.
1102 942 1114 967 ι
1133 921 1364 988 integralem,
1385 923 1516 985 totusque
1534 920 1571 971 ri·
1628 938 1631 941 ·

358 1008 489 1061 sitionem
503 1008 588 1074 repeti
600 1019 682 1073 posse
700 1022 707 1057 ε
722 1026 734 1053 «
750 1018 846 1058 manus
859 1012 949 1058 autem
981 1013 1044 1072 ius,
1064 1013 1145 1074 prout
1163 1021 1237 1061 nune
1259 1007 1304 1070 ut,
1328 1006 1462 1073 reperitur
1482 1007 1510 1058 iu
1527 1018 1571 1059 to·

351 1092 501 1158 impositio
524 1104 581 1145 non
605 1092 675 1145 sieut
695 1092 850 1157 Baptismus
864 1090 949 1157 repeti
980 1092 1042 1146 dice
1059 1092 1216 1156 undecimi,
1230 1092 1269 1144 uti
1291 1091 1463 1145 mabillonius
1478 1091 1571 1144 existi-

359 1190 415 1230 non
428 1182 542 1243 potest:
566 1176 692 1243 quidest
713 1176 785 1230 enim
804 1176 878 1229 aliud
896 1176 949 1229 nisi
980 1183 1051 1241 mat,
1073 1177 1176 1231 saetuli.
1195 1177 1449 1243 'Exciperetameu
1462 1180 1570 1242 oportet

351 1260 445 1315 oratio
459 1276 541 1327 super
552 1262 714 1315 hominem?
734 1282 746 1308 o
767 1260 775 1294 ¹
791 1261 843 1314 Sed
857 1274 950 1327 quam·
980 1263 1106 1328 alapam,
1118 1263 1197 1323 cujus
1210 1260 1238 1313 in
1250 1261 1366 1315 vetustis
1381 1261 1568 1315 monumentis

298 1338 308 1357 ⁶
355 1347 400 1401 uis
410 1347 444 1399 de
455 1346 665 1400 confirmatione
680 1346 873 1413 moxegissoi,
887 1359 949 1411 quae
979 1349 1054 1401 nulla
1068 1348 1100 1400 di
1122 1348 1244 1410 mentio;
1263 1349 1323 1414 eius
1340 1352 1430 1400 tamen
1440 1347 1569 1410 'meminit

350 1432 393 1484 de
418 1445 547 1485 manuum
578 1430 753 1497 impositione
785 1430 829 1484 hio
861 1430 949 1493 dicit,
979 1434 1141 1495 durandus,
1157 1432 1309 1499 Episcopus
1322 1432 1503 1494 lumniensis,
1521 1432 1568 1498 qui

358 1516 514 1569 necessario
526 1521 589 1569 suut
606 1516 696 1570 latiori
710 1530 793 1569 sensu
810 1518 948 1583 expliean·
979 1520 1081 1573 saeoulo
1101 1518 1208 1572 decimo
1227 1518 1308 1571 tertio
1330 1517 1430 1571 doluit.
1449 1517 1568 1571 Perculi-

351 1602 393 1653 -da
415 1617 422 1651 :
446 1600 591 1653 nonenim
614 1600 666 1653 sihi
684 1604 824 1653 constaret
846 1601 870 1653 si
888 1614 949 1654 eam
979 1611 1022 1658 tur
1041 1603 1271 1663 levitermaxilla.
1293 1603 1512 1659 utconflrmatus
1535 1602 1569 1653 ri·

350 1700 420 1753 quae
431 1700 493 1740 oum
512 1687 663 1739 Chrismate
683 1686 828 1739 adhibetur
845 1700 949 1740 moram
979 1696 1038 1743 tum
1054 1688 1187 1742 memoria
1207 1692 1317 1752 teneat,
1330 1694 1358 1741 et
1376 1688 1458 1741 simul
1476 1699 1567 1741 reeor-

355 1769 512 1823 0r2i10110111
544 1782 606 1822 0⁵⁸0
631 1769 753 1832 diceret,
781 1769 823 1821 vel
850 1769 951 1821 iteran-
980 1775 1060 1827 detur
1080 1786 1175 1827 eorum
1191 1773 1399 1839 quaesuieausa
1413 1784 1512 1838 passus
1527 1776 1568 1824 est

349 1854 448 1905 dam:
472 1866 536 1905 nam
559 1865 620 1905 eam
643 1857 846 1904 sacrosanctam
865 1852 951 1905 instar
979 1858 1110 1911 chrislus.
1132 1857 1217 1909 Graeoi
1245 1862 1272 1910 et
1296 1857 1446 1909 orientales
1475 1858 1567 1923 plures

352 1938 488 2005 Baptismi
501 1952 563 1993 esse
575 1938 642 1991 alias
655 1938 775 1991 tradidit.
980 1942 1104 2009 corporis
1121 1947 1213 2008 partes
1226 1947 1340 2008 ungunt.
1359 1941 1371 1975 l

389 2027 432 2077 68.
452 2026 489 2077 lle
504 2027 556 2078 ritu
574 2024 756 2078 confirmandi
770 2037 856 2090 pauca
877 2024 949 2077 dice·
1013 2028 1132 2082 Breviter
1141 2028 1177 2080 de
1189 2029 1364 2080 sacramento
1383 2028 1435 2081 hoc
1447 2026 1567 2093 egimus3

353 2125 427 2165 mus.
441 2112 531 2164 Oratio
549 2125 630 2177 quam
645 2111 734 2164 luudit
746 2110 869 2163 l‘ontilex
892 2124 948 2163 ma·
978 2127 1040 2179 quae
1060 2113 1147 2180 magis
1167 2112 1238 2165 soiiu
1254 2118 1318 2165 sunt
1338 2112 1491 2166 necessaria
1511 2124 1567 2177 prae

348 2196 436 2249 uibus
466 2197 589 2250 extensis
606 2197 633 2249 in
657 2196 880 2260 confirmandos,
903 2209 947 2249 ro·
977 2198 1065 2252 oeulis
1102 2200 1236 2251 lectorum
1267 2202 1410 2264 ponentes.
1442 2196 1567 2249 Studium

353 2280 458 2347 peritur
470 2284 498 2333 in
514 2281 585 2335 libro
603 2284 623 2335 l.
639 2284 878 2335 sacramentorum
898 2284 948 2335 lio·
976 2290 1067 2338 autem
1089 2284 1262 2337 sacerdotum
1280 2282 1327 2336 liei
1347 2284 1376 2335 iu
1395 2294 1428 2335 eo
1450 2282 1518 2345 erit,
1538 2286 1568 2334 ut

352 2379 442 2419 mauae
460 2368 599 2433 Ecclesiae,
611 2370 656 2435 qui
671 2370 705 2422 ad
717 2369 817 2422 Gelasii
831 2369 948 2423 refertur
978 2372 1072 2423 fideles
1088 2370 1187 2423 divinis
1206 2369 1367 2422 muneribus
1384 2366 1567 2435 suscipiendis

350 2456 498 2516 tempora,
523 2453 702 2519 plurimorum
719 2454 834 2521 judicio.
848 2456 886 2507 Ea
907 2468 946 2508 re
977 2456 1078 2507 faciant
1101 2453 1374 2517 idoneos,doouina
1392 2459 1419 2507 et
1435 2453 1567 2506 virtutum

348 2530 450 2599 dilata,
468 2538 589 2591 Pontifex
603 2540 729 2607 signabat
745 2553 792 2593 eos
811 2540 839 2592 in
858 2540 948 2593 ironia
977 2539 1239 2603 exercitio‚eosque
1251 2538 1351 2592 virtute
1362 2552 1395 2590 ex
1412 2539 1467 2590 alto
1489 2537 1568 2590 indu·

355 2621 391 2673 de
402 2620 572 2689 curismate,
586 2625 680 2679 dicens
700 2642 706 2677 :
723 2626 949 2693 «Sipnumdhrd
977 2630 1021 2678 tos
1035 2624 1119 2676 fortes
1135 2628 1162 2676 et
1174 2623 1289 2677 invictos
1303 2623 1330 2675 in
1343 2622 1406 2675 fidei
1418 2621 1567 2675 conamine

354 2706 392 2759 sti
409 2707 440 2759 tt
460 2709 546 2763 uitam
564 2716 703 2765 oeternom.
724 2712 822 2765 Amen.
840 2714 893 2763 Pax
911 2716 948 2763 te·
976 2708 1222 2777 praestent‚dutes
1234 2708 1345 2776 quidem
1361 2708 1388 2759 in
1409 2706 1485 2770 atie,
1500 2705 1568 2760 sotii
1640 2753 1641 2756 ,

351 2808 427 2850 oum.
443 2791 472 2858 ll.
489 2799 520 2850 ut
541 2812 603 2852 oum
625 2799 722 2866 spiritu
742 2803 827 2852 tuo.»
853 2797 883 2850 lu
900 2809 947 2852 ve·
975 2807 1041 2850 uero
1063 2794 1192 2867 triumphi
1212 2799 1241 2849 ei
1253 2795 1348 2863 gloriae
1362 2794 1453 2847 futuri.

381 3050 410 3102 ii)
423 3049 446 3090 t.
456 3049 488 3090 iii.
500 3047 526 3088 de
535 3047 645 3100 Baptismo
654 3052 727 3088 eontra
736 3047 813 3087 Donni.
822 3057 842 3086 o.
852 3045 894 3087 uvi.
1003 3044 1030 3095 (t)
1039 3043 1093 3084 Vide
1107 3043 1166 3096 apud
1179 3041 1334 3083 Trombelliun
1351 3041 1405 3082 diss.
1418 3053 1439 3083 v.
1457 3052 1476 3083 o.
1487 3041 1517 3081 iii.
1528 3050 1567 3092 qu.

383 3120 411 3172 (1)
427 3119 452 3160 lu
469 3118 574 3160 admonit.
592 3117 615 3158 iu
631 3127 677 3168 seq.
694 3115 732 3156 lib.
752 3126 774 3167 p·
790 3119 823 3156 ui.
841 3115 903 3156 Toni.
920 3112 943 3152 ii.
977 3111 1153 3154 iiidoCondrm.

354 3186 537 3231 llueeiltalici„
592 3247 593 3250 Ἴ
