<?xml version="1.0" encoding="UTF-8"?>
<!DOCTYPE html PUBLIC "-//W3C//DTD XHTML 1.0 Transitional//EN"
    "http://www.w3.org/TR/xhtml1/DTD/xhtml1-transitional.dtd">
<html xmlns="http://www.w3.org/1999/xhtml" xml:lang="en" lang="en">
 <head>
  <title>
</title>
<meta http-equiv="Content-Type" content="text/html;charset=utf-8" />
  <meta name='ocr-system' content='tesseract 3.04.00' />
  <meta name='ocr-capabilities' content='ocr_page ocr_carea ocr_par ocr_line ocrx_word'/>
</head>
<body>
  <div class='ocr_page' id='page_1' title='image "./theologiadogmat02kenrgoog_0372.png"; bbox 0 0 3792 5550; ppageno 0'>
   <div class='ocr_carea' id='block_1_1' title="bbox 381 575 1300 635">
    <p class='ocr_par' dir='ltr' id='par_1_1' title="bbox 381 575 1300 635">
     <span class='ocr_line' id='line_1_1' title="bbox 381 575 1300 635; baseline -0.013 0"><span class='ocrx_word' id='word_1_1' title='bbox 381 582 433 635; x_wconf 68' lang='lat'><strong>358</strong></span> <span class='ocrx_word' id='word_1_2' title='bbox 696 580 810 630; x_wconf 77' lang='lat' dir='ltr'><strong>tuter.</strong></span> <span class='ocrx_word' id='word_1_3' title='bbox 830 577 906 629; x_wconf 86' lang='lat' dir='ltr'><strong>xvtt.</strong></span> <span class='ocrx_word' id='word_1_4' title='bbox 926 578 967 630; x_wconf 72' lang='grc' dir='ltr'><strong>ΒΕ</strong></span> <span class='ocrx_word' id='word_1_5' title='bbox 987 576 1100 629; x_wconf 73' lang='grc' dir='ltr'><strong>8ΑοΒ18</strong></span> <span class='ocrx_word' id='word_1_6' title='bbox 1117 575 1300 627; x_wconf 74' lang='lat' dir='ltr'><strong>unbimaita.</strong></span> 
     </span>
    </p>
   </div>
   <div class='ocr_carea' id='block_1_2' title="bbox 378 689 1606 4442">
    <p class='ocr_par' dir='ltr' id='par_1_2' title="bbox 378 689 1606 4442">
     <span class='ocr_line' id='line_1_2' title="bbox 382 689 1606 756; baseline -0.006 -7"><span class='ocrx_word' id='word_1_7' title='bbox 382 694 466 750; x_wconf 87' lang='lat' dir='ltr'><strong>ctis.¹</strong></span> <span class='ocrx_word' id='word_1_8' title='bbox 489 696 621 748; x_wconf 72' lang='lat' dir='ltr'><strong>Ceterum</strong></span> <span class='ocrx_word' id='word_1_9' title='bbox 649 694 671 747; x_wconf 89' lang='lat' dir='ltr'><strong>si</strong></span> <span class='ocrx_word' id='word_1_10' title='bbox 696 694 764 747; x_wconf 89' lang='lat' dir='ltr'><strong>iides</strong></span> <span class='ocrx_word' id='word_1_11' title='bbox 787 693 812 745; x_wconf 90' lang='lat' dir='ltr'><strong>ei</strong></span> <span class='ocrx_word' id='word_1_12' title='bbox 831 693 976 756; x_wconf 87' lang='lat' dir='ltr'><strong>tribuatur,</strong></span> <span class='ocrx_word' id='word_1_13' title='bbox 1009 690 1074 744; x_wconf 90' lang='lat' dir='ltr'><strong>iicet</strong></span> <span class='ocrx_word' id='word_1_14' title='bbox 1100 689 1321 744; x_wconf 82' lang='lat' dir='ltr'><strong>subveniendum</strong></span> <span class='ocrx_word' id='word_1_15' title='bbox 1349 694 1392 742; x_wconf 88' lang='lat' dir='ltr'><strong>est</strong></span> <span class='ocrx_word' id='word_1_16' title='bbox 1409 696 1437 743; x_wconf 91' lang='lat' dir='ltr'><strong>et</strong></span> <span class='ocrx_word' id='word_1_17' title='bbox 1455 691 1606 744; x_wconf 91' lang='lat' dir='ltr'><strong>cousulen-</strong></span> 
     </span>
     <span class='ocr_line' id='line_1_3' title="bbox 383 775 1606 845; baseline -0.002 -13"><span class='ocrx_word' id='word_1_18' title='bbox 383 780 449 833; x_wconf 90' lang='lat' dir='ltr'><strong>illud</strong></span> <span class='ocrx_word' id='word_1_19' title='bbox 464 786 567 833; x_wconf 91' lang='lat' dir='ltr'><strong>tantum</strong></span> <span class='ocrx_word' id='word_1_20' title='bbox 584 784 713 845; x_wconf 86' lang='lat' dir='ltr'><strong>sequetur</strong></span> <span class='ocrx_word' id='word_1_21' title='bbox 727 791 841 831; x_wconf 90' lang='lat' dir='ltr'><strong>uxorum</strong></span> <span class='ocrx_word' id='word_1_22' title='bbox 854 784 918 831; x_wconf 92' lang='lat' dir='ltr'><strong>ante</strong></span> <span class='ocrx_word' id='word_1_23' title='bbox 931 780 978 831; x_wconf 88' lang='lat' dir='ltr'><strong>0r·</strong></span> <span class='ocrx_word' id='word_1_24' title='bbox 1009 778 1085 829; x_wconf 87' lang='lat' dir='ltr'><strong>dum.</strong></span> <span class='ocrx_word' id='word_1_25' title='bbox 1107 775 1258 830; x_wconf 80' lang='lat' dir='ltr'><strong>Concilium</strong></span> <span class='ocrx_word' id='word_1_26' title='bbox 1284 778 1442 843; x_wconf 76' lang='lat' dir='ltr'><strong>Gangrcnse</strong></span> <span class='ocrx_word' id='word_1_27' title='bbox 1465 777 1554 831; x_wconf 88' lang='lat' dir='ltr'><strong>vetuit</strong></span> <span class='ocrx_word' id='word_1_28' title='bbox 1570 790 1606 830; x_wconf 91' lang='lat' dir='ltr'><strong>ne</strong></span> 
     </span>
     <span class='ocr_line' id='line_1_4' title="bbox 383 863 1603 932; baseline -0.002 -13"><span class='ocrx_word' id='word_1_29' title='bbox 383 866 462 921; x_wconf 86' lang='lat' dir='ltr'><strong>dines</strong></span> <span class='ocrx_word' id='word_1_30' title='bbox 485 872 627 932; x_wconf 84' lang='lat' dir='ltr'><strong>susceptos</strong></span> <span class='ocrx_word' id='word_1_31' title='bbox 655 865 800 919; x_wconf 91' lang='lat' dir='ltr'><strong>ductarum</strong></span> <span class='ocrx_word' id='word_1_32' title='bbox 820 878 900 917; x_wconf 90' lang='lat' dir='ltr'><strong>usum</strong></span> <span class='ocrx_word' id='word_1_33' title='bbox 920 877 976 917; x_wconf 93' lang='lat' dir='ltr'><strong>non</strong></span> <span class='ocrx_word' id='word_1_34' title='bbox 1007 864 1070 930; x_wconf 82' lang='lat' dir='ltr'><strong>quis</strong></span> <span class='ocrx_word' id='word_1_35' title='bbox 1086 869 1226 917; x_wconf 85' lang='lat' dir='ltr'><strong>recusaret</strong></span> <span class='ocrx_word' id='word_1_36' title='bbox 1236 863 1372 916; x_wconf 91' lang='lat' dir='ltr'><strong>interesse</strong></span> <span class='ocrx_word' id='word_1_37' title='bbox 1388 863 1531 917; x_wconf 80' lang='lat' dir='ltr'><strong>sacrificio</strong></span> <span class='ocrx_word' id='word_1_38' title='bbox 1541 877 1603 929; x_wconf 89' lang='lat' dir='ltr'><strong>prc-</strong></span> 
     </span>
     <span class='ocr_line' id='line_1_5' title="bbox 383 948 1603 1020; baseline -0.004 -15"><span class='ocrx_word' id='word_1_39' title='bbox 383 952 467 1007; x_wconf 83' lang='lat' dir='ltr'><strong>tuisse</strong></span> <span class='ocrx_word' id='word_1_40' title='bbox 480 954 539 1019; x_wconf 84' lang='lat' dir='ltr'><strong>iege</strong></span> <span class='ocrx_word' id='word_1_41' title='bbox 557 956 689 1015; x_wconf 82' lang='lat' dir='ltr'><strong>vetitum;</strong></span> <span class='ocrx_word' id='word_1_42' title='bbox 710 954 745 1007; x_wconf 90' lang='lat' dir='ltr'><strong>de</strong></span> <span class='ocrx_word' id='word_1_43' title='bbox 758 967 792 1008; x_wconf 93' lang='lat' dir='ltr'><strong>eo</strong></span> <span class='ocrx_word' id='word_1_44' title='bbox 813 954 885 1006; x_wconf 91' lang='lat' dir='ltr'><strong>enim</strong></span> <span class='ocrx_word' id='word_1_45' title='bbox 898 953 974 1020; x_wconf 79' lang='lat' dir='ltr'><strong>agit:</strong></span> <span class='ocrx_word' id='word_1_46' title='bbox 1009 949 1111 1015; x_wconf 81' lang='lat' dir='ltr'><strong>sbyteri</strong></span> <span class='ocrx_word' id='word_1_47' title='bbox 1123 949 1171 1015; x_wconf 85' lang='lat' dir='ltr'><strong>qui</strong></span> <span class='ocrx_word' id='word_1_48' title='bbox 1182 955 1245 1001; x_wconf 89' lang='lat' dir='ltr'><strong>ante</strong></span> <span class='ocrx_word' id='word_1_49' title='bbox 1262 948 1466 1002; x_wconf 78' lang='lat' dir='ltr'>ordinationem</span> <span class='ocrx_word' id='word_1_50' title='bbox 1489 962 1603 1002; x_wconf 88' lang='lat' dir='ltr'><strong>uxorem</strong></span> 
     </span>
     <span class='ocr_line' id='line_1_6' title="bbox 383 1035 1603 1106; baseline -0.004 -15"><span class='ocrx_word' id='word_1_51' title='bbox 383 1040 503 1091; x_wconf 77' lang='lat' dir='ltr'><strong>«Visum</strong></span> <span class='ocrx_word' id='word_1_52' title='bbox 526 1046 585 1091; x_wconf 91' lang='lat' dir='ltr'><strong>erat</strong></span> <span class='ocrx_word' id='word_1_53' title='bbox 603 1040 747 1106; x_wconf 80' lang='lat' dir='ltr'><strong>Episcopis</strong></span> <span class='ocrx_word' id='word_1_54' title='bbox 766 1042 853 1103; x_wconf 70' lang='lat' dir='ltr'><strong>terrem</strong></span> <span class='ocrx_word' id='word_1_55' title='bbox 876 1052 975 1093; x_wconf 79' lang='lat' dir='ltr'><strong>notam</strong></span> <span class='ocrx_word' id='word_1_56' title='bbox 1008 1035 1354 1101; x_wconf 56' lang='lat' dir='ltr'><strong>duxerat-maassiae:</strong></span> <span class='ocrx_word' id='word_1_57' title='bbox 1374 1036 1509 1102; x_wconf 81' lang='lat' dir='ltr'>agebatur</span> <span class='ocrx_word' id='word_1_58' title='bbox 1529 1035 1603 1088; x_wconf 92' lang='lat' dir='ltr'><strong>enim</strong></span> 
     </span>
     <span class='ocr_line' id='line_1_7' title="bbox 382 1121 1604 1191; baseline -0.002 -15"><span class='ocrx_word' id='word_1_59' title='bbox 382 1125 411 1176; x_wconf 94' lang='lat' dir='ltr'><strong>in</strong></span> <span class='ocrx_word' id='word_1_60' title='bbox 424 1125 571 1177; x_wconf 77' lang='lat' dir='ltr'><strong>Ecclesiam</strong></span> <span class='ocrx_word' id='word_1_61' title='bbox 584 1125 773 1187; x_wconf 76' lang='lat' dir='ltr'>introducere,</span> <span class='ocrx_word' id='word_1_62' title='bbox 786 1131 815 1177; x_wconf 93' lang='lat' dir='ltr'><strong>ut</strong></span> <span class='ocrx_word' id='word_1_63' title='bbox 825 1125 976 1191; x_wconf 79' lang='lat' dir='ltr'><strong>quiessent</strong></span> <span class='ocrx_word' id='word_1_64' title='bbox 1008 1121 1044 1173; x_wconf 92' lang='lat' dir='ltr'><strong>de</strong></span> <span class='ocrx_word' id='word_1_65' title='bbox 1062 1122 1195 1174; x_wconf 79' lang='lat' dir='ltr'><strong>Eustatbii</strong></span> <span class='ocrx_word' id='word_1_66' title='bbox 1213 1136 1262 1175; x_wconf 90' lang='lat' dir='ltr'><strong>seu</strong></span> <span class='ocrx_word' id='word_1_67' title='bbox 1280 1122 1386 1174; x_wconf 83' lang='lat' dir='ltr'><strong>Euctati</strong></span> <span class='ocrx_word' id='word_1_68' title='bbox 1402 1122 1540 1184; x_wconf 79' lang='lat' dir='ltr'><strong>asseclis,</strong></span> <span class='ocrx_word' id='word_1_69' title='bbox 1558 1124 1604 1187; x_wconf 87' lang='lat' dir='ltr'><strong>qui</strong></span> 
     </span>
     <span class='ocr_line' id='line_1_8' title="bbox 383 1206 1606 1277; baseline -0.002 -16"><span class='ocrx_word' id='word_1_70' title='bbox 383 1210 469 1261; x_wconf 89' lang='lat' dir='ltr'><strong>sacris</strong></span> <span class='ocrx_word' id='word_1_71' title='bbox 491 1208 587 1261; x_wconf 90' lang='lat' dir='ltr'><strong>initiati</strong></span> <span class='ocrx_word' id='word_1_72' title='bbox 613 1209 976 1277; x_wconf 64' lang='lat' dir='ltr'><strong>(sicutttpiscopipresby-</strong></span> <span class='ocrx_word' id='word_1_73' title='bbox 1008 1206 1118 1271; x_wconf 76' lang='lat' dir='ltr'><strong>nuptias</strong></span> <span class='ocrx_word' id='word_1_74' title='bbox 1140 1219 1255 1271; x_wconf 88' lang='lat' dir='ltr'><strong>prorsus</strong></span> <span class='ocrx_word' id='word_1_75' title='bbox 1278 1208 1462 1269; x_wconf 73' lang='lat' dir='ltr'><strong>damnantes,</strong></span> <span class='ocrx_word' id='word_1_76' title='bbox 1484 1221 1500 1259; x_wconf 89' lang='lat' dir='ltr'><strong>a</strong></span> <span class='ocrx_word' id='word_1_77' title='bbox 1520 1220 1606 1260; x_wconf 88' lang='lat' dir='ltr'><strong>sacer-</strong></span> 
     </span>
     <span class='ocr_line' id='line_1_9' title="bbox 383 1290 1604 1359; baseline 0.001 -15"><span class='ocrx_word' id='word_1_78' title='bbox 383 1292 492 1355; x_wconf 90' lang='lat' dir='ltr'><strong>teri,et</strong></span> <span class='ocrx_word' id='word_1_79' title='bbox 512 1294 628 1359; x_wconf 85' lang='lat' dir='ltr'><strong>diaconi)</strong></span> <span class='ocrx_word' id='word_1_80' title='bbox 653 1308 715 1347; x_wconf 89' lang='lat' dir='ltr'><strong>curn</strong></span> <span class='ocrx_word' id='word_1_81' title='bbox 734 1295 975 1359; x_wconf 83' lang='lat' dir='ltr'><strong>uxoribus,quas,</strong></span> <span class='ocrx_word' id='word_1_82' title='bbox 1008 1291 1121 1344; x_wconf 88' lang='lat' dir='ltr'><strong>dotibus</strong></span> <span class='ocrx_word' id='word_1_83' title='bbox 1139 1293 1186 1358; x_wconf 82' lang='lat' dir='ltr'><strong>qui</strong></span> <span class='ocrx_word' id='word_1_84' title='bbox 1208 1290 1435 1357; x_wconf 69' lang='lat' dir='ltr'><strong>matrimonium,</strong></span> <span class='ocrx_word' id='word_1_85' title='bbox 1456 1292 1524 1344; x_wconf 90' lang='lat' dir='ltr'><strong>dum</strong></span> <span class='ocrx_word' id='word_1_86' title='bbox 1544 1294 1604 1345; x_wconf 90' lang='lat' dir='ltr'><strong>iaici</strong></span> 
     </span>
     <span class='ocr_line' id='line_1_10' title="bbox 381 1376 1605 1446; baseline -0.002 -15"><span class='ocrx_word' id='word_1_87' title='bbox 381 1391 444 1431; x_wconf 90' lang='lat' dir='ltr'><strong>cum</strong></span> <span class='ocrx_word' id='word_1_88' title='bbox 468 1387 545 1433; x_wconf 89' lang='lat' dir='ltr'><strong>erant</strong></span> <span class='ocrx_word' id='word_1_89' title='bbox 568 1381 646 1446; x_wconf 89' lang='lat' dir='ltr'><strong>laici,</strong></span> <span class='ocrx_word' id='word_1_90' title='bbox 665 1382 692 1433; x_wconf 91' lang='lat' dir='ltr'><strong>in</strong></span> <span class='ocrx_word' id='word_1_91' title='bbox 710 1381 913 1435; x_wconf 82' lang='lat' dir='ltr'><strong>matrimonium</strong></span> <span class='ocrx_word' id='word_1_92' title='bbox 925 1381 976 1433; x_wconf 93' lang='lat' dir='ltr'><strong>du·</strong></span> <span class='ocrx_word' id='word_1_93' title='bbox 1008 1383 1118 1439; x_wconf 87' lang='lat' dir='ltr'><strong>essent,</strong></span> <span class='ocrx_word' id='word_1_94' title='bbox 1130 1376 1261 1440; x_wconf 88' lang='lat' dir='ltr'><strong>inierant,</strong></span> <span class='ocrx_word' id='word_1_95' title='bbox 1280 1378 1487 1441; x_wconf 80' lang='lat' dir='ltr'><strong>abhorrebant,</strong></span> <span class='ocrx_word' id='word_1_96' title='bbox 1513 1384 1542 1431; x_wconf 90' lang='lat' dir='ltr'><strong>et</strong></span> <span class='ocrx_word' id='word_1_97' title='bbox 1559 1378 1605 1431; x_wconf 90' lang='lat' dir='ltr'><strong>lai-</strong></span> 
     </span>
     <span class='ocr_line' id='line_1_11' title="bbox 383 1463 1604 1530; baseline 0 -15"><span class='ocrx_word' id='word_1_98' title='bbox 383 1463 503 1526; x_wconf 85' lang='lat' dir='ltr'><strong>xissent,</strong></span> <span class='ocrx_word' id='word_1_99' title='bbox 525 1466 637 1519; x_wconf 90' lang='lat' dir='ltr'><strong>minime</strong></span> <span class='ocrx_word' id='word_1_100' title='bbox 658 1466 844 1520; x_wconf 82' lang='lat' dir='ltr'><strong>dormirent.»</strong></span> <span class='ocrx_word' id='word_1_101' title='bbox 866 1466 908 1530; x_wconf 88' lang='lat' dir='ltr'><strong>Si,</strong></span> <span class='ocrx_word' id='word_1_102' title='bbox 928 1468 977 1518; x_wconf 82' lang='lat' dir='ltr'><strong>Pa·</strong></span> <span class='ocrx_word' id='word_1_103' title='bbox 1008 1472 1057 1514; x_wconf 88' lang='lat' dir='ltr'><strong>cos</strong></span> <span class='ocrx_word' id='word_1_104' title='bbox 1071 1463 1234 1528; x_wconf 78' lang='lat' dir='ltr'><strong>coniugatos</strong></span> <span class='ocrx_word' id='word_1_105' title='bbox 1251 1464 1477 1516; x_wconf 90' lang='lat' dir='ltr'><strong>acommnnione</strong></span> <span class='ocrx_word' id='word_1_106' title='bbox 1490 1464 1604 1529; x_wconf 87' lang='lat' dir='ltr'><strong>repetie-</strong></span> 
     </span>
     <span class='ocr_line' id='line_1_12' title="bbox 383 1546 1602 1618; baseline 0.002 -19"><span class='ocrx_word' id='word_1_107' title='bbox 383 1549 652 1613; x_wconf 86' lang='lat' dir='ltr'><strong>pbnutiosuadente,</strong></span> <span class='ocrx_word' id='word_1_108' title='bbox 667 1553 759 1603; x_wconf 81' lang='lat' dir='ltr'><strong>Patres</strong></span> <span class='ocrx_word' id='word_1_109' title='bbox 773 1551 808 1603; x_wconf 91' lang='lat' dir='ltr'><strong>ab</strong></span> <span class='ocrx_word' id='word_1_110' title='bbox 830 1551 976 1618; x_wconf 73' lang='lat' dir='ltr'><strong>eaiegeie-</strong></span> <span class='ocrx_word' id='word_1_111' title='bbox 1008 1546 1084 1600; x_wconf 87' lang='lat' dir='ltr'><strong>bant.</strong></span> <span class='ocrx_word' id='word_1_112' title='bbox 1099 1550 1202 1602; x_wconf 81' lang='lat' dir='ltr'><strong>Uxores</strong></span> <span class='ocrx_word' id='word_1_113' title='bbox 1216 1549 1412 1615; x_wconf 76' lang='lat' dir='ltr'><strong>cpiscoporum</strong></span> <span class='ocrx_word' id='word_1_114' title='bbox 1442 1555 1470 1603; x_wconf 92' lang='lat' dir='ltr'><strong>et</strong></span> <span class='ocrx_word' id='word_1_115' title='bbox 1491 1550 1602 1616; x_wconf 83' lang='lat' dir='ltr'><strong>presby-</strong></span> 
     </span>
     <span class='ocr_line' id='line_1_13' title="bbox 383 1634 1603 1701; baseline 0.003 -19"><span class='ocrx_word' id='word_1_116' title='bbox 383 1634 468 1685; x_wconf 85' lang='lat' dir='ltr'><strong>renda</strong></span> <span class='ocrx_word' id='word_1_117' title='bbox 482 1634 672 1695; x_wconf 79' lang='lat' dir='ltr'><strong>abstinuerint,</strong></span> <span class='ocrx_word' id='word_1_118' title='bbox 684 1636 783 1688; x_wconf 84' lang='lat' dir='ltr'><strong>mirum</strong></span> <span class='ocrx_word' id='word_1_119' title='bbox 793 1641 835 1689; x_wconf 76' lang='lat' dir='ltr'><strong>est</strong></span> <span class='ocrx_word' id='word_1_120' title='bbox 848 1650 896 1689; x_wconf 80' lang='lat' dir='ltr'><strong>eos</strong></span> <span class='ocrx_word' id='word_1_121' title='bbox 910 1650 975 1689; x_wconf 85' lang='lat' dir='ltr'><strong>uxo·</strong></span> <span class='ocrx_word' id='word_1_122' title='bbox 1009 1638 1130 1685; x_wconf 79' lang='lat' dir='ltr'><strong>it‘tttrttm</strong></span> <span class='ocrx_word' id='word_1_123' title='bbox 1140 1634 1233 1687; x_wconf 86' lang='lat' dir='ltr'><strong>titulos</strong></span> <span class='ocrx_word' id='word_1_124' title='bbox 1242 1634 1304 1687; x_wconf 84' lang='lat' dir='ltr'><strong>illos</strong></span> <span class='ocrx_word' id='word_1_125' title='bbox 1321 1636 1367 1701; x_wconf 76' lang='lat' dir='ltr'><strong>qui</strong></span> <span class='ocrx_word' id='word_1_126' title='bbox 1382 1635 1603 1700; x_wconf 82' lang='lat' dir='ltr'><strong>objiciuntttrhd·</strong></span> 
     </span>
     <span class='ocr_line' id='line_1_14' title="bbox 383 1717 1603 1787; baseline 0.001 -16"><span class='ocrx_word' id='word_1_127' title='bbox 383 1732 440 1771; x_wconf 90' lang='lat' dir='ltr'><strong>rem</strong></span> <span class='ocrx_word' id='word_1_128' title='bbox 468 1720 540 1773; x_wconf 89' lang='lat' dir='ltr'><strong>band</strong></span> <span class='ocrx_word' id='word_1_129' title='bbox 564 1723 706 1787; x_wconf 85' lang='lat' dir='ltr'><strong>excepisse</strong></span> <span class='ocrx_word' id='word_1_130' title='bbox 723 1735 867 1775; x_wconf 90' lang='lat' dir='ltr'><strong>enumero</strong></span> <span class='ocrx_word' id='word_1_131' title='bbox 880 1736 976 1775; x_wconf 91' lang='lat' dir='ltr'><strong>earum</strong></span> <span class='ocrx_word' id='word_1_132' title='bbox 1008 1717 1103 1772; x_wconf 90' lang='lat' dir='ltr'><strong>buisse</strong></span> <span class='ocrx_word' id='word_1_133' title='bbox 1114 1719 1240 1781; x_wconf 75' lang='lat' dir='ltr'><strong>fatemur,</strong></span> <span class='ocrx_word' id='word_1_134' title='bbox 1253 1721 1415 1773; x_wconf 84' lang='lat' dir='ltr'><strong>eassciiicet</strong></span> <span class='ocrx_word' id='word_1_135' title='bbox 1431 1734 1496 1786; x_wconf 81' lang='lat' dir='ltr'><strong>quae</strong></span> <span class='ocrx_word' id='word_1_136' title='bbox 1508 1734 1603 1785; x_wconf 83' lang='lat' dir='ltr'><strong>nupse</strong></span> 
     </span>
     <span class='ocr_line' id='line_1_15' title="bbox 381 1805 1601 1872; baseline -0.002 -13"><span class='ocrx_word' id='word_1_137' title='bbox 381 1818 451 1872; x_wconf 79' lang='lat' dir='ltr'><strong>quas</strong></span> <span class='ocrx_word' id='word_1_138' title='bbox 470 1806 497 1858; x_wconf 92' lang='lat' dir='ltr'><strong>in</strong></span> <span class='ocrx_word' id='word_1_139' title='bbox 509 1806 593 1860; x_wconf 91' lang='lat' dir='ltr'><strong>domo</strong></span> <span class='ocrx_word' id='word_1_140' title='bbox 607 1808 757 1861; x_wconf 89' lang='lat' dir='ltr'><strong>sacerdotis</strong></span> <span class='ocrx_word' id='word_1_141' title='bbox 768 1808 872 1861; x_wconf 86' lang='lat' dir='ltr'><strong>versari</strong></span> <span class='ocrx_word' id='word_1_142' title='bbox 884 1814 978 1861; x_wconf 88' lang='lat' dir='ltr'><strong>vetue·</strong></span> <span class='ocrx_word' id='word_1_143' title='bbox 1008 1811 1069 1857; x_wconf 85' lang='lat' dir='ltr'><strong>rant</strong></span> <span class='ocrx_word' id='word_1_144' title='bbox 1080 1805 1175 1869; x_wconf 79' lang='lat' dir='ltr'><strong>iaicis,</strong></span> <span class='ocrx_word' id='word_1_145' title='bbox 1193 1806 1324 1871; x_wconf 75' lang='lat' dir='ltr'><strong>deinceps</strong></span> <span class='ocrx_word' id='word_1_146' title='bbox 1340 1806 1374 1858; x_wconf 88' lang='lat' dir='ltr'><strong>ad</strong></span> <span class='ocrx_word' id='word_1_147' title='bbox 1388 1819 1468 1860; x_wconf 91' lang='lat' dir='ltr'><strong>sacra</strong></span> <span class='ocrx_word' id='word_1_148' title='bbox 1488 1818 1601 1858; x_wconf 88' lang='lat' dir='ltr'><strong>munera</strong></span> 
     </span>
     <span class='ocr_line' id='line_1_16' title="bbox 381 1891 1602 1961; baseline -0.001 -16"><span class='ocrx_word' id='word_1_149' title='bbox 381 1899 469 1945; x_wconf 91' lang='lat' dir='ltr'><strong>runt:</strong></span> <span class='ocrx_word' id='word_1_150' title='bbox 493 1895 659 1947; x_wconf 77' lang='lat' dir='ltr'><strong>«interdixit</strong></span> <span class='ocrx_word' id='word_1_151' title='bbox 677 1908 725 1961; x_wconf 86' lang='lat' dir='ltr'><strong>per</strong></span> <span class='ocrx_word' id='word_1_152' title='bbox 746 1896 839 1947; x_wconf 90' lang='lat' dir='ltr'><strong>omnia</strong></span> <span class='ocrx_word' id='word_1_153' title='bbox 874 1907 975 1961; x_wconf 79' lang='lat' dir='ltr'><strong>magna</strong></span> <span class='ocrx_word' id='word_1_154' title='bbox 1008 1891 1123 1945; x_wconf 79' lang='lat' dir='ltr'><strong>evectis:</strong></span> <span class='ocrx_word' id='word_1_155' title='bbox 1136 1893 1186 1945; x_wconf 91' lang='lat' dir='ltr'><strong>sed</strong></span> <span class='ocrx_word' id='word_1_156' title='bbox 1196 1893 1262 1945; x_wconf 92' lang='lat' dir='ltr'><strong>inde</strong></span> <span class='ocrx_word' id='word_1_157' title='bbox 1274 1905 1330 1945; x_wconf 90' lang='lat' dir='ltr'><strong>uon</strong></span> <span class='ocrx_word' id='word_1_158' title='bbox 1340 1894 1466 1958; x_wconf 82' lang='lat' dir='ltr'><strong>sequitur</strong></span> <span class='ocrx_word' id='word_1_159' title='bbox 1487 1906 1537 1944; x_wconf 90' lang='lat' dir='ltr'><strong>eas</strong></span> <span class='ocrx_word' id='word_1_160' title='bbox 1562 1898 1602 1944; x_wconf 91' lang='lat' dir='ltr'><strong>to·</strong></span> 
     </span>
     <span class='ocr_line' id='line_1_17' title="bbox 382 1975 1454 2048; baseline -0.001 -20"><span class='ocrx_word' id='word_1_161' title='bbox 382 1977 521 2044; x_wconf 84' lang='lat' dir='ltr'><strong>synodus,</strong></span> <span class='ocrx_word' id='word_1_162' title='bbox 536 1992 591 2033; x_wconf 80' lang='lat' dir='ltr'><strong>non</strong></span> <span class='ocrx_word' id='word_1_163' title='bbox 615 1980 769 2047; x_wconf 77' lang='lat' dir='ltr'><strong>Episcopo,</strong></span> <span class='ocrx_word' id='word_1_164' title='bbox 788 1994 844 2033; x_wconf 89' lang='lat' dir='ltr'><strong>non</strong></span> <span class='ocrx_word' id='word_1_165' title='bbox 863 1981 976 2048; x_wconf 77' lang='lat' dir='ltr'><strong>presby·</strong></span> <span class='ocrx_word' id='word_1_166' title='bbox 1008 1975 1031 2027; x_wconf 91' lang='lat' dir='ltr'><strong>ri</strong></span> <span class='ocrx_word' id='word_1_167' title='bbox 1050 1977 1249 2029; x_wconf 89' lang='lat' dir='ltr'><strong>consortioirni</strong></span> <span class='ocrx_word' id='word_1_168' title='bbox 1267 1978 1454 2030; x_wconf 82' lang='lat' dir='ltr'><strong>consuevisse.</strong></span> 
     </span>
     <span class='ocr_line' id='line_1_18' title="bbox 382 2061 1603 2128; baseline 0.005 -14"><span class='ocrx_word' id='word_1_169' title='bbox 382 2067 458 2123; x_wconf 88' lang='lat' dir='ltr'><strong>tero,</strong></span> <span class='ocrx_word' id='word_1_170' title='bbox 477 2076 532 2115; x_wconf 91' lang='lat' dir='ltr'><strong>non</strong></span> <span class='ocrx_word' id='word_1_171' title='bbox 545 2064 680 2127; x_wconf 89' lang='lat' dir='ltr'><strong>diacono,</strong></span> <span class='ocrx_word' id='word_1_172' title='bbox 701 2065 842 2119; x_wconf 86' lang='lat' dir='ltr'><strong>necaticui</strong></span> <span class='ocrx_word' id='word_1_173' title='bbox 860 2067 974 2120; x_wconf 89' lang='lat' dir='ltr'><strong>omuino</strong></span> <span class='ocrx_word' id='word_1_174' title='bbox 1039 2061 1098 2113; x_wconf 73' lang='lat'><strong>232.</strong></span> <span class='ocrx_word' id='word_1_175' title='bbox 1112 2062 1171 2128; x_wconf 68' lang='lat' dir='ltr'><strong>Odi·</strong></span> <span class='ocrx_word' id='word_1_176' title='bbox 1184 2064 1224 2114; x_wconf 72' lang='lat' dir='ltr'><strong>ii.</strong></span> <span class='ocrx_word' id='word_1_177' title='bbox 1237 2064 1306 2115; x_wconf 80' lang='lat' dir='ltr'><strong>Ante</strong></span> <span class='ocrx_word' id='word_1_178' title='bbox 1327 2062 1448 2128; x_wconf 75' lang='lat' dir='ltr'><strong>Gregorii</strong></span> <span class='ocrx_word' id='word_1_179' title='bbox 1463 2064 1517 2113; x_wconf 79' lang='lat' dir='ltr'><strong>VH·</strong></span> <span class='ocrx_word' id='word_1_180' title='bbox 1538 2068 1603 2114; x_wconf 77' lang='lat' dir='ltr'><strong>tem·</strong></span> 
     </span>
     <span class='ocr_line' id='line_1_19' title="bbox 380 2147 1600 2213; baseline -0.004 -13"><span class='ocrx_word' id='word_1_181' title='bbox 380 2148 428 2213; x_wconf 84' lang='lat' dir='ltr'><strong>oui</strong></span> <span class='ocrx_word' id='word_1_182' title='bbox 446 2148 474 2199; x_wconf 92' lang='lat' dir='ltr'><strong>in</strong></span> <span class='ocrx_word' id='word_1_183' title='bbox 492 2150 566 2203; x_wconf 88' lang='lat' dir='ltr'><strong>ciero</strong></span> <span class='ocrx_word' id='word_1_184' title='bbox 576 2156 633 2213; x_wconf 89' lang='lat' dir='ltr'><strong>est,</strong></span> <span class='ocrx_word' id='word_1_185' title='bbox 643 2151 725 2204; x_wconf 90' lang='lat' dir='ltr'><strong>licere</strong></span> <span class='ocrx_word' id='word_1_186' title='bbox 737 2151 973 2206; x_wconf 81' lang='lat' dir='ltr'><strong>subintroductam</strong></span> <span class='ocrx_word' id='word_1_187' title='bbox 1007 2159 1075 2212; x_wconf 88' lang='lat' dir='ltr'><strong>pora</strong></span> <span class='ocrx_word' id='word_1_188' title='bbox 1097 2147 1241 2199; x_wconf 76' lang='lat' dir='ltr'><strong>coelibatus</strong></span> <span class='ocrx_word' id='word_1_189' title='bbox 1253 2147 1313 2213; x_wconf 83' lang='lat' dir='ltr'><strong>iege</strong></span> <span class='ocrx_word' id='word_1_190' title='bbox 1324 2147 1529 2212; x_wconf 86' lang='lat' dir='ltr'><strong>injunctusnon</strong></span> <span class='ocrx_word' id='word_1_191' title='bbox 1541 2152 1600 2198; x_wconf 87' lang='lat' dir='ltr'><strong>est:</strong></span> 
     </span>
     <span class='ocr_line' id='line_1_20' title="bbox 382 2230 1601 2297; baseline 0.001 -15"><span class='ocrx_word' id='word_1_192' title='bbox 382 2232 483 2283; x_wconf 89' lang='lat' dir='ltr'><strong>babere</strong></span> <span class='ocrx_word' id='word_1_193' title='bbox 502 2235 662 2297; x_wconf 86' lang='lat' dir='ltr'><strong>mutierem,</strong></span> <span class='ocrx_word' id='word_1_194' title='bbox 688 2234 740 2287; x_wconf 90' lang='lat' dir='ltr'><strong>nisi</strong></span> <span class='ocrx_word' id='word_1_195' title='bbox 760 2236 829 2289; x_wconf 89' lang='lat' dir='ltr'><strong>iorte</strong></span> <span class='ocrx_word' id='word_1_196' title='bbox 853 2242 901 2289; x_wconf 92' lang='lat' dir='ltr'><strong>ant</strong></span> <span class='ocrx_word' id='word_1_197' title='bbox 919 2250 975 2289; x_wconf 88' lang='lat' dir='ltr'><strong>ma·</strong></span> <span class='ocrx_word' id='word_1_198' title='bbox 1007 2244 1072 2284; x_wconf 89' lang='lat' dir='ltr'><strong>nam</strong></span> <span class='ocrx_word' id='word_1_199' title='bbox 1106 2232 1264 2285; x_wconf 87' lang='lat' dir='ltr'><strong>sacerdotes</strong></span> <span class='ocrx_word' id='word_1_200' title='bbox 1290 2230 1394 2297; x_wconf 88' lang='lat' dir='ltr'><strong>passim</strong></span> <span class='ocrx_word' id='word_1_201' title='bbox 1418 2231 1526 2283; x_wconf 87' lang='lat' dir='ltr'><strong>inibant</strong></span> <span class='ocrx_word' id='word_1_202' title='bbox 1556 2245 1601 2283; x_wconf 92' lang='lat' dir='ltr'><strong>nu·</strong></span> 
     </span>
     <span class='ocr_line' id='line_1_21' title="bbox 382 2315 1600 2386; baseline 0.011 -19"><span class='ocrx_word' id='word_1_203' title='bbox 382 2321 466 2378; x_wconf 92' lang='lat' dir='ltr'><strong>trem,</strong></span> <span class='ocrx_word' id='word_1_204' title='bbox 485 2322 533 2368; x_wconf 91' lang='lat' dir='ltr'><strong>aut</strong></span> <span class='ocrx_word' id='word_1_205' title='bbox 550 2330 689 2380; x_wconf 89' lang='lat' dir='ltr'><strong>sororem,</strong></span> <span class='ocrx_word' id='word_1_206' title='bbox 710 2324 757 2372; x_wconf 90' lang='lat' dir='ltr'><strong>aut</strong></span> <span class='ocrx_word' id='word_1_207' title='bbox 783 2322 911 2386; x_wconf 90' lang='lat' dir='ltr'><strong>amitam,</strong></span> <span class='ocrx_word' id='word_1_208' title='bbox 930 2324 974 2376; x_wconf 86' lang='lat' dir='ltr'><strong>vei</strong></span> <span class='ocrx_word' id='word_1_209' title='bbox 1008 2315 1097 2381; x_wconf 82' lang='lat' dir='ltr'><strong>ptias;</strong></span> <span class='ocrx_word' id='word_1_210' title='bbox 1119 2316 1219 2381; x_wconf 64' lang='lat' dir='ltr'><strong>quibus</strong></span> <span class='ocrx_word' id='word_1_211' title='bbox 1245 2318 1333 2369; x_wconf 65' lang='lat' dir='ltr'><strong>semel</strong></span> <span class='ocrx_word' id='word_1_212' title='bbox 1350 2316 1426 2369; x_wconf 64' lang='grc' dir='ltr'><strong>ὶῦῑῑῑὸ</strong></span> <span class='ocrx_word' id='word_1_213' title='bbox 1450 2317 1511 2380; x_wconf 69' lang='lat' dir='ltr'><strong>flii,</strong></span> <span class='ocrx_word' id='word_1_214' title='bbox 1530 2322 1600 2371; x_wconf 52' lang='lat' dir='ltr'><strong>Veii</strong></span> 
     </span>
     <span class='ocr_line' id='line_1_22' title="bbox 380 2402 1456 2471; baseline 0.009 -20"><span class='ocrx_word' id='word_1_215' title='bbox 380 2412 429 2452; x_wconf 89' lang='lat' dir='ltr'><strong>eas</strong></span> <span class='ocrx_word' id='word_1_216' title='bbox 450 2406 553 2452; x_wconf 89' lang='lat' dir='ltr'><strong>tanturn</strong></span> <span class='ocrx_word' id='word_1_217' title='bbox 564 2415 697 2467; x_wconf 88' lang='lat' dir='ltr'><strong>personas</strong></span> <span class='ocrx_word' id='word_1_218' title='bbox 714 2417 781 2471; x_wconf 67' lang='lat' dir='ltr'><strong>qua,</strong></span> <span class='ocrx_word' id='word_1_219' title='bbox 788 2406 973 2471; x_wconf 89' lang='lat' dir='ltr'><strong>suspicionem</strong></span> <span class='ocrx_word' id='word_1_220' title='bbox 1006 2413 1067 2452; x_wconf 76' lang='lat' dir='ltr'><strong>rum</strong></span> <span class='ocrx_word' id='word_1_221' title='bbox 1078 2402 1202 2455; x_wconf 76' lang='lat' dir='ltr'><strong>moribus</strong></span> <span class='ocrx_word' id='word_1_222' title='bbox 1219 2409 1262 2455; x_wconf 73' lang='lat' dir='ltr'><strong>esi</strong></span> <span class='ocrx_word' id='word_1_223' title='bbox 1279 2416 1456 2455; x_wconf 74' lang='lat' dir='ltr'><strong>eoncessum·</strong></span> 
     </span>
     <span class='ocr_line' id='line_1_23' title="bbox 384 2483 1601 2554; baseline 0.005 -17"><span class='ocrx_word' id='word_1_224' title='bbox 384 2483 529 2551; x_wconf 81' lang='lat' dir='ltr'><strong>effugiunt.</strong></span> <span class='ocrx_word' id='word_1_225' title='bbox 542 2487 569 2533; x_wconf 75' lang='lat'><strong>»²</strong></span> <span class='ocrx_word' id='word_1_226' title='bbox 1039 2487 1100 2541; x_wconf 71' lang='lat'><strong>253.</strong></span> <span class='ocrx_word' id='word_1_227' title='bbox 1112 2489 1191 2554; x_wconf 73' lang='lat' dir='ltr'><strong>desp.</strong></span> <span class='ocrx_word' id='word_1_228' title='bbox 1204 2492 1269 2552; x_wconf 72' lang='lat' dir='ltr'><strong>Qua</strong></span> <span class='ocrx_word' id='word_1_229' title='bbox 1281 2490 1446 2542; x_wconf 85' lang='lat' dir='ltr'><strong>adduximus</strong></span> <span class='ocrx_word' id='word_1_230' title='bbox 1466 2489 1601 2543; x_wconf 82' lang='lat' dir='ltr'><strong>concilio·</strong></span> 
     </span>
     <span class='ocr_line' id='line_1_24' title="bbox 415 2572 1601 2642; baseline 0.004 -19"><span class='ocrx_word' id='word_1_231' title='bbox 415 2572 473 2623; x_wconf 73' lang='lat'><strong>250.</strong></span> <span class='ocrx_word' id='word_1_232' title='bbox 498 2572 558 2639; x_wconf 80' lang='lat' dir='ltr'><strong>obj.</strong></span> <span class='ocrx_word' id='word_1_233' title='bbox 584 2576 624 2625; x_wconf 88' lang='lat' dir='ltr'><strong>ii.</strong></span> <span class='ocrx_word' id='word_1_234' title='bbox 641 2576 738 2627; x_wconf 79' lang='lat' dir='ltr'><strong>vetant</strong></span> <span class='ocrx_word' id='word_1_235' title='bbox 758 2588 878 2630; x_wconf 90' lang='lat' dir='ltr'><strong>canones</strong></span> <span class='ocrx_word' id='word_1_236' title='bbox 905 2575 974 2642; x_wconf 90' lang='lat' dir='ltr'><strong>ipsis</strong></span> <span class='ocrx_word' id='word_1_237' title='bbox 1006 2585 1068 2624; x_wconf 91' lang='lat' dir='ltr'><strong>rum</strong></span> <span class='ocrx_word' id='word_1_238' title='bbox 1088 2579 1116 2625; x_wconf 90' lang='lat' dir='ltr'><strong>et</strong></span> <span class='ocrx_word' id='word_1_239' title='bbox 1135 2574 1298 2627; x_wconf 76' lang='lat' dir='ltr'><strong>Pontificum</strong></span> <span class='ocrx_word' id='word_1_240' title='bbox 1315 2575 1427 2627; x_wconf 91' lang='lat' dir='ltr'><strong>decreta</strong></span> <span class='ocrx_word' id='word_1_241' title='bbox 1439 2576 1530 2641; x_wconf 76' lang='lat' dir='ltr'><strong>legem</strong></span> <span class='ocrx_word' id='word_1_242' title='bbox 1543 2588 1601 2641; x_wconf 91' lang='lat' dir='ltr'><strong>pro·</strong></span> 
     </span>
     <span class='ocr_line' id='line_1_25' title="bbox 380 2658 1602 2727; baseline 0.002 -18"><span class='ocrx_word' id='word_1_243' title='bbox 380 2658 520 2724; x_wconf 78' lang='lat' dir='ltr'><strong>Episcopis</strong></span> <span class='ocrx_word' id='word_1_244' title='bbox 533 2664 560 2712; x_wconf 93' lang='lat' dir='ltr'><strong>et</strong></span> <span class='ocrx_word' id='word_1_245' title='bbox 572 2660 737 2727; x_wconf 75' lang='lat' dir='ltr'><strong>presbyteris</strong></span> <span class='ocrx_word' id='word_1_246' title='bbox 755 2675 790 2715; x_wconf 87' lang='lat' dir='ltr'><strong>ne</strong></span> <span class='ocrx_word' id='word_1_247' title='bbox 813 2674 924 2714; x_wconf 86' lang='lat' dir='ltr'><strong>uxorem</strong></span> <span class='ocrx_word' id='word_1_248' title='bbox 934 2662 975 2715; x_wconf 92' lang='lat' dir='ltr'><strong>di·</strong></span> <span class='ocrx_word' id='word_1_249' title='bbox 1006 2658 1073 2711; x_wconf 92' lang='lat' dir='ltr'><strong>baut</strong></span> <span class='ocrx_word' id='word_1_250' title='bbox 1084 2667 1182 2725; x_wconf 84' lang='lat' dir='ltr'><strong>quarto</strong></span> <span class='ocrx_word' id='word_1_251' title='bbox 1206 2661 1308 2713; x_wconf 80' lang='lat' dir='ltr'><strong>saecuio</strong></span> <span class='ocrx_word' id='word_1_252' title='bbox 1321 2662 1461 2726; x_wconf 82' lang='lat' dir='ltr'><strong>vigentem</strong></span> <span class='ocrx_word' id='word_1_253' title='bbox 1474 2699 1482 2723; x_wconf 97' lang='lat'><strong>‚</strong></span> <span class='ocrx_word' id='word_1_254' title='bbox 1496 2674 1559 2725; x_wconf 83' lang='lat' dir='ltr'><strong>quae</strong></span> <span class='ocrx_word' id='word_1_255' title='bbox 1570 2661 1602 2713; x_wconf 91' lang='lat' dir='ltr'><strong>ad</strong></span> 
     </span>
     <span class='ocr_line' id='line_1_26' title="bbox 381 2744 1600 2814; baseline 0 -18"><span class='ocrx_word' id='word_1_256' title='bbox 381 2744 489 2798; x_wconf 87' lang='lat' dir='ltr'><strong>mittant</strong></span> <span class='ocrx_word' id='word_1_257' title='bbox 510 2748 603 2798; x_wconf 84' lang='lat' dir='ltr'><strong>canon</strong></span> <span class='ocrx_word' id='word_1_258' title='bbox 617 2747 791 2800; x_wconf 87' lang='lat' dir='ltr'><strong>sextusinter</strong></span> <span class='ocrx_word' id='word_1_259' title='bbox 806 2749 974 2814; x_wconf 88' lang='lat' dir='ltr'><strong>apostolicos</strong></span> <span class='ocrx_word' id='word_1_260' title='bbox 1007 2744 1066 2812; x_wconf 90' lang='lat' dir='ltr'><strong>ipsa</strong></span> <span class='ocrx_word' id='word_1_261' title='bbox 1094 2746 1222 2800; x_wconf 85' lang='lat' dir='ltr'><strong>ticciesiae</strong></span> <span class='ocrx_word' id='word_1_262' title='bbox 1246 2747 1396 2814; x_wconf 89' lang='lat' dir='ltr'><strong>primordia</strong></span> <span class='ocrx_word' id='word_1_263' title='bbox 1425 2746 1600 2801; x_wconf 77' lang='lat' dir='ltr'><strong>referebatur.</strong></span> 
     </span>
     <span class='ocr_line' id='line_1_27' title="bbox 383 2829 1600 2901; baseline 0.005 -20"><span class='ocrx_word' id='word_1_264' title='bbox 383 2829 423 2881; x_wconf 91' lang='lat' dir='ltr'><strong>sic</strong></span> <span class='ocrx_word' id='word_1_265' title='bbox 437 2843 467 2882; x_wconf 84' lang='lat' dir='ltr'><strong>se</strong></span> <span class='ocrx_word' id='word_1_266' title='bbox 479 2829 586 2882; x_wconf 68' lang='lat' dir='ltr'><strong>habeta·</strong></span> <span class='ocrx_word' id='word_1_267' title='bbox 597 2831 748 2898; x_wconf 82' lang='lat' dir='ltr'><strong>Episcopus</strong></span> <span class='ocrx_word' id='word_1_268' title='bbox 761 2838 808 2885; x_wconf 91' lang='lat' dir='ltr'><strong>aut</strong></span> <span class='ocrx_word' id='word_1_269' title='bbox 819 2834 973 2901; x_wconf 84' lang='lat' dir='ltr'><strong>presbyter,</strong></span> <span class='ocrx_word' id='word_1_270' title='bbox 1007 2834 1052 2885; x_wconf 91' lang='lat' dir='ltr'><strong>Sic</strong></span> <span class='ocrx_word' id='word_1_271' title='bbox 1071 2839 1099 2886; x_wconf 94' lang='lat' dir='ltr'><strong>et</strong></span> <span class='ocrx_word' id='word_1_272' title='bbox 1131 2834 1281 2888; x_wconf 84' lang='lat' dir='ltr'><strong>Concilium</strong></span> <span class='ocrx_word' id='word_1_273' title='bbox 1308 2838 1500 2900; x_wconf 70' lang='lat' dir='ltr'><strong>augustanum</strong></span> <span class='ocrx_word' id='word_1_274' title='bbox 1531 2846 1600 2887; x_wconf 90' lang='lat' dir='ltr'><strong>anno</strong></span> 
     </span>
     <span class='ocr_line' id='line_1_28' title="bbox 381 2916 1599 2984; baseline 0.006 -19"><span class='ocrx_word' id='word_1_275' title='bbox 381 2926 493 2965; x_wconf 90' lang='lat' dir='ltr'><strong>uxorem</strong></span> <span class='ocrx_word' id='word_1_276' title='bbox 503 2916 644 2984; x_wconf 88' lang='lat' dir='ltr'><strong>propriam</strong></span> <span class='ocrx_word' id='word_1_277' title='bbox 669 2929 841 2982; x_wconf 82' lang='lat' dir='ltr'><strong>nequaquam</strong></span> <span class='ocrx_word' id='word_1_278' title='bbox 854 2919 906 2970; x_wconf 91' lang='lat' dir='ltr'><strong>sub</strong></span> <span class='ocrx_word' id='word_1_279' title='bbox 923 2920 974 2973; x_wconf 90' lang='lat' dir='ltr'><strong>ob·</strong></span> <span class='ocrx_word' id='word_1_280' title='bbox 1006 2918 1057 2969; x_wconf 79' lang='lat' dir='ltr'><strong>bid</strong></span> <span class='ocrx_word' id='word_1_281' title='bbox 1066 2918 1240 2971; x_wconf 88' lang='lat' dir='ltr'><strong>severissime</strong></span> <span class='ocrx_word' id='word_1_282' title='bbox 1252 2916 1351 2982; x_wconf 89' lang='lat' dir='ltr'><strong>v&#39;etuit,</strong></span> <span class='ocrx_word' id='word_1_283' title='bbox 1364 2933 1399 2972; x_wconf 89' lang='lat' dir='ltr'><strong>ne</strong></span> <span class='ocrx_word' id='word_1_284' title='bbox 1412 2920 1599 2974; x_wconf 88' lang='lat' dir='ltr'><strong>subdiaconus</strong></span> 
     </span>
     <span class='ocr_line' id='line_1_29' title="bbox 381 2998 1600 3070; baseline 0.007 -21"><span class='ocrx_word' id='word_1_285' title='bbox 381 3002 457 3050; x_wconf 90' lang='lat' dir='ltr'><strong>tentu</strong></span> <span class='ocrx_word' id='word_1_286' title='bbox 472 2998 611 3062; x_wconf 76' lang='lat' dir='ltr'><strong>religionis</strong></span> <span class='ocrx_word' id='word_1_287' title='bbox 622 2999 751 3065; x_wconf 88' lang='lat' dir='ltr'><strong>abjiciat,</strong></span> <span class='ocrx_word' id='word_1_288' title='bbox 765 3000 788 3052; x_wconf 92' lang='lat' dir='ltr'><strong>si</strong></span> <span class='ocrx_word' id='word_1_289' title='bbox 800 3015 865 3054; x_wconf 86' lang='lat' dir='ltr'><strong>vero</strong></span> <span class='ocrx_word' id='word_1_290' title='bbox 876 3005 974 3069; x_wconf 82' lang='lat' dir='ltr'><strong>rejece·</strong></span> <span class='ocrx_word' id='word_1_291' title='bbox 1005 3003 1153 3056; x_wconf 75' lang='lat' dir='ltr'><strong>autelarici</strong></span> <span class='ocrx_word' id='word_1_292' title='bbox 1167 3005 1284 3070; x_wconf 81' lang='lat' dir='ltr'><strong>majores</strong></span> <span class='ocrx_word' id='word_1_293' title='bbox 1301 3005 1413 3070; x_wconf 87' lang='lat' dir='ltr'><strong>nuptias</strong></span> <span class='ocrx_word' id='word_1_294' title='bbox 1426 3005 1531 3058; x_wconf 89' lang='lat' dir='ltr'><strong>inirent</strong></span> <span class='ocrx_word' id='word_1_295' title='bbox 1541 3044 1549 3068; x_wconf 92' lang='lat'><strong>,</strong></span> <span class='ocrx_word' id='word_1_296' title='bbox 1561 3006 1600 3058; x_wconf 84' lang='lat' dir='ltr'><strong>rei</strong></span> 
     </span>
     <span class='ocr_line' id='line_1_30' title="bbox 381 3081 1599 3156; baseline 0.007 -22"><span class='ocrx_word' id='word_1_297' title='bbox 381 3081 416 3135; x_wconf 91' lang='lat' dir='ltr'><strong>rit</strong></span> <span class='ocrx_word' id='word_1_298' title='bbox 426 3120 434 3145; x_wconf 94' lang='lat'><strong>,</strong></span> <span class='ocrx_word' id='word_1_299' title='bbox 445 3083 696 3136; x_wconf 89' lang='lat' dir='ltr'><strong>excommunicetur</strong></span> <span class='ocrx_word' id='word_1_300' title='bbox 708 3100 714 3136; x_wconf 91' lang='lat'>:</span> <span class='ocrx_word' id='word_1_301' title='bbox 724 3087 773 3138; x_wconf 90' lang='lat' dir='ltr'><strong>sed</strong></span> <span class='ocrx_word' id='word_1_302' title='bbox 784 3087 806 3138; x_wconf 89' lang='lat' dir='ltr'><strong>si</strong></span> <span class='ocrx_word' id='word_1_303' title='bbox 816 3100 974 3152; x_wconf 89' lang='lat' dir='ltr'><strong>persevera·</strong></span> <span class='ocrx_word' id='word_1_304' title='bbox 1006 3086 1180 3142; x_wconf 86' lang='lat' dir='ltr'><strong>matrimonio</strong></span> <span class='ocrx_word' id='word_1_305' title='bbox 1191 3089 1266 3153; x_wconf 89' lang='lat' dir='ltr'><strong>prius</strong></span> <span class='ocrx_word' id='word_1_306' title='bbox 1278 3089 1346 3143; x_wconf 87' lang='lat' dir='ltr'><strong>inito</strong></span> <span class='ocrx_word' id='word_1_307' title='bbox 1360 3097 1514 3144; x_wconf 80' lang='lat' dir='ltr'><strong>uterentur.</strong></span> <span class='ocrx_word' id='word_1_308' title='bbox 1528 3092 1599 3156; x_wconf 85' lang='lat' dir='ltr'><strong>Quod</strong></span> 
     </span>
     <span class='ocr_line' id='line_1_31' title="bbox 379 3168 1600 3240; baseline 0.007 -18"><span class='ocrx_word' id='word_1_309' title='bbox 379 3168 653 3235; x_wconf 80' lang='lat' dir='ltr'><strong>verit,drjiciatur.»</strong></span> <span class='ocrx_word' id='word_1_310' title='bbox 675 3173 826 3226; x_wconf 78' lang='lat' dir='ltr'><strong>concilium</strong></span> <span class='ocrx_word' id='word_1_311' title='bbox 836 3174 974 3240; x_wconf 79' lang='lat' dir='ltr'><strong>Gangren-</strong></span> <span class='ocrx_word' id='word_1_312' title='bbox 1005 3172 1115 3237; x_wconf 86' lang='lat' dir='ltr'><strong>plurimi</strong></span> <span class='ocrx_word' id='word_1_313' title='bbox 1135 3174 1242 3229; x_wconf 89' lang='lat' dir='ltr'><strong>decimo</strong></span> <span class='ocrx_word' id='word_1_314' title='bbox 1265 3177 1308 3229; x_wconf 84' lang='lat' dir='ltr'><strong>vel</strong></span> <span class='ocrx_word' id='word_1_315' title='bbox 1334 3177 1484 3230; x_wconf 89' lang='lat' dir='ltr'><strong>undecimo</strong></span> <span class='ocrx_word' id='word_1_316' title='bbox 1501 3178 1600 3231; x_wconf 82' lang='lat' dir='ltr'><strong>saecuio</strong></span> 
     </span>
     <span class='ocr_line' id='line_1_32' title="bbox 378 3255 1601 3327; baseline 0.012 -28"><span class='ocrx_word' id='word_1_317' title='bbox 378 3266 409 3305; x_wconf 84' lang='lat' dir='ltr'><strong>se</strong></span> <span class='ocrx_word' id='word_1_318' title='bbox 425 3255 535 3307; x_wconf 77' lang='lat' dir='ltr'><strong>statuit:</strong></span> <span class='ocrx_word' id='word_1_319' title='bbox 553 3276 563 3300; x_wconf 73' lang='lat' dir='ltr'><strong>r</strong></span> <span class='ocrx_word' id='word_1_320' title='bbox 575 3255 602 3307; x_wconf 87' lang='lat' dir='ltr'><strong>si</strong></span> <span class='ocrx_word' id='word_1_321' title='bbox 613 3257 674 3322; x_wconf 82' lang='lat' dir='ltr'><strong>quis</strong></span> <span class='ocrx_word' id='word_1_322' title='bbox 692 3257 823 3312; x_wconf 73' lang='lat' dir='ltr'><strong>discernit</strong></span> <span class='ocrx_word' id='word_1_323' title='bbox 836 3259 973 3327; x_wconf 76' lang='lat' dir='ltr'><strong>presbyte-</strong></span> <span class='ocrx_word' id='word_1_324' title='bbox 1006 3255 1115 3310; x_wconf 87' lang='lat' dir='ltr'><strong>iilieitas</strong></span> <span class='ocrx_word' id='word_1_325' title='bbox 1141 3260 1328 3313; x_wconf 84' lang='lat' dir='ltr'><strong>contraxerint</strong></span> <span class='ocrx_word' id='word_1_326' title='bbox 1351 3262 1482 3326; x_wconf 86' lang='lat' dir='ltr'><strong>nuptias,</strong></span> <span class='ocrx_word' id='word_1_327' title='bbox 1509 3269 1601 3316; x_wconf 86' lang='lat' dir='ltr'><strong>contra</strong></span> 
     </span>
     <span class='ocr_line' id='line_1_33' title="bbox 379 3342 1601 3414; baseline 0.007 -23"><span class='ocrx_word' id='word_1_328' title='bbox 379 3343 645 3408; x_wconf 81' lang='lat' dir='ltr'><strong>rumconjugatum,</strong></span> <span class='ocrx_word' id='word_1_329' title='bbox 671 3349 808 3410; x_wconf 87' lang='lat' dir='ltr'><strong>tamquam</strong></span> <span class='ocrx_word' id='word_1_330' title='bbox 826 3346 972 3399; x_wconf 87' lang='lat' dir='ltr'><strong>occasione</strong></span> <span class='ocrx_word' id='word_1_331' title='bbox 1005 3342 1110 3408; x_wconf 80' lang='lat' dir='ltr'><strong>legem,</strong></span> <span class='ocrx_word' id='word_1_332' title='bbox 1128 3349 1155 3396; x_wconf 91' lang='lat' dir='ltr'><strong>et</strong></span> <span class='ocrx_word' id='word_1_333' title='bbox 1180 3345 1262 3398; x_wconf 92' lang='lat' dir='ltr'><strong>totius</strong></span> <span class='ocrx_word' id='word_1_334' title='bbox 1284 3345 1456 3412; x_wconf 85' lang='lat' dir='ltr'><strong>antiquitatis</strong></span> <span class='ocrx_word' id='word_1_335' title='bbox 1479 3349 1601 3414; x_wconf 88' lang='lat' dir='ltr'><strong>exempla</strong></span> 
     </span>
     <span class='ocr_line' id='line_1_34' title="bbox 379 3428 1600 3500; baseline 0.006 -21"><span class='ocrx_word' id='word_1_336' title='bbox 379 3428 556 3492; x_wconf 89' lang='lat' dir='ltr'><strong>nuptiarum,</strong></span> <span class='ocrx_word' id='word_1_337' title='bbox 573 3430 646 3494; x_wconf 87' lang='lat' dir='ltr'><strong>quod</strong></span> <span class='ocrx_word' id='word_1_338' title='bbox 665 3429 762 3484; x_wconf 79' lang='lat' dir='ltr'><strong>offerre</strong></span> <span class='ocrx_word' id='word_1_339' title='bbox 780 3443 835 3484; x_wconf 90' lang='lat' dir='ltr'><strong>non</strong></span> <span class='ocrx_word' id='word_1_340' title='bbox 853 3432 971 3494; x_wconf 80' lang='lat' dir='ltr'><strong>debeat,</strong></span> <span class='ocrx_word' id='word_1_341' title='bbox 1006 3429 1107 3482; x_wconf 84' lang='lat' dir='ltr'><strong>iactum</strong></span> <span class='ocrx_word' id='word_1_342' title='bbox 1126 3435 1185 3483; x_wconf 74' lang='lat' dir='ltr'><strong>est:</strong></span> <span class='ocrx_word' id='word_1_343' title='bbox 1199 3445 1251 3484; x_wconf 90' lang='lat' dir='ltr'><strong>nec</strong></span> <span class='ocrx_word' id='word_1_344' title='bbox 1266 3433 1338 3485; x_wconf 90' lang='lat' dir='ltr'><strong>enim</strong></span> <span class='ocrx_word' id='word_1_345' title='bbox 1352 3435 1485 3486; x_wconf 88' lang='lat' dir='ltr'><strong>sacerdos</strong></span> <span class='ocrx_word' id='word_1_346' title='bbox 1503 3434 1600 3500; x_wconf 82' lang='lat' dir='ltr'><strong>aliquis</strong></span> 
     </span>
     <span class='ocr_line' id='line_1_35' title="bbox 379 3513 1599 3584; baseline 0.005 -20"><span class='ocrx_word' id='word_1_347' title='bbox 379 3519 408 3565; x_wconf 92' lang='lat' dir='ltr'><strong>et</strong></span> <span class='ocrx_word' id='word_1_348' title='bbox 429 3513 463 3564; x_wconf 93' lang='lat' dir='ltr'><strong>ab</strong></span> <span class='ocrx_word' id='word_1_349' title='bbox 482 3516 541 3579; x_wconf 88' lang='lat' dir='ltr'><strong>ejns</strong></span> <span class='ocrx_word' id='word_1_350' title='bbox 559 3515 698 3569; x_wconf 83' lang='lat' dir='ltr'><strong>oblatione</strong></span> <span class='ocrx_word' id='word_1_351' title='bbox 715 3517 776 3570; x_wconf 92' lang='lat' dir='ltr'><strong>ideo</strong></span> <span class='ocrx_word' id='word_1_352' title='bbox 790 3531 820 3570; x_wconf 91' lang='lat' dir='ltr'><strong>sc</strong></span> <span class='ocrx_word' id='word_1_353' title='bbox 835 3518 971 3579; x_wconf 86' lang='lat' dir='ltr'><strong>abstinet;</strong></span> <span class='ocrx_word' id='word_1_354' title='bbox 1006 3516 1129 3568; x_wconf 88' lang='lat' dir='ltr'><strong>noscitur</strong></span> <span class='ocrx_word' id='word_1_355' title='bbox 1157 3517 1186 3570; x_wconf 90' lang='lat' dir='ltr'><strong>in</strong></span> <span class='ocrx_word' id='word_1_356' title='bbox 1207 3525 1311 3570; x_wconf 89' lang='lat' dir='ltr'><strong>tanturn</strong></span> <span class='ocrx_word' id='word_1_357' title='bbox 1325 3517 1458 3584; x_wconf 75' lang='lat' dir='ltr'><strong>flagitium</strong></span> <span class='ocrx_word' id='word_1_358' title='bbox 1471 3519 1599 3573; x_wconf 88' lang='lat' dir='ltr'><strong>incidisse</strong></span> 
     </span>
     <span class='ocr_line' id='line_1_36' title="bbox 379 3597 1599 3670; baseline 0.007 -22"><span class='ocrx_word' id='word_1_359' title='bbox 379 3597 523 3648; x_wconf 83' lang='lat' dir='ltr'><strong>anathema</strong></span> <span class='ocrx_word' id='word_1_360' title='bbox 539 3599 585 3650; x_wconf 89' lang='lat' dir='ltr'><strong>sit.</strong></span> <span class='ocrx_word' id='word_1_361' title='bbox 597 3619 608 3644; x_wconf 78' lang='lat' dir='ltr'><strong>n</strong></span> <span class='ocrx_word' id='word_1_362' title='bbox 623 3599 634 3631; x_wconf 82' lang='lat'><strong>³</strong></span> <span class='ocrx_word' id='word_1_363' title='bbox 652 3601 793 3667; x_wconf 81' lang='lat' dir='ltr'><strong>Episcopae</strong></span> <span class='ocrx_word' id='word_1_364' title='bbox 818 3609 845 3654; x_wconf 92' lang='lat' dir='ltr'><strong>et</strong></span> <span class='ocrx_word' id='word_1_365' title='bbox 863 3605 974 3670; x_wconf 84' lang='lat' dir='ltr'><strong>presby.</strong></span> <span class='ocrx_word' id='word_1_366' title='bbox 1006 3606 1069 3654; x_wconf 90' lang='lat' dir='ltr'><strong>ante</strong></span> <span class='ocrx_word' id='word_1_367' title='bbox 1083 3601 1165 3654; x_wconf 84' lang='lat' dir='ltr'><strong>finem</strong></span> <span class='ocrx_word' id='word_1_368' title='bbox 1178 3603 1244 3655; x_wconf 93' lang='lat' dir='ltr'><strong>noni</strong></span> <span class='ocrx_word' id='word_1_369' title='bbox 1262 3603 1366 3656; x_wconf 79' lang='lat' dir='ltr'><strong>saecuti.</strong></span> <span class='ocrx_word' id='word_1_370' title='bbox 1378 3604 1392 3637; x_wconf 68' lang='lat' dir='ltr'><strong>-i</strong></span> <span class='ocrx_word' id='word_1_371' title='bbox 1406 3607 1530 3657; x_wconf 81' lang='lat' dir='ltr'><strong>Fuerunt</strong></span> <span class='ocrx_word' id='word_1_372' title='bbox 1541 3605 1599 3670; x_wconf 82' lang='lat' dir='ltr'><strong>oui·</strong></span> 
     </span>
     <span class='ocr_line' id='line_1_37' title="bbox 380 3681 1598 3756; baseline 0.009 -26"><span class='ocrx_word' id='word_1_373' title='bbox 380 3685 446 3731; x_wconf 87' lang='lat' dir='ltr'><strong>terae</strong></span> <span class='ocrx_word' id='word_1_374' title='bbox 472 3681 575 3743; x_wconf 90' lang='lat' dir='ltr'><strong>etiarn,</strong></span> <span class='ocrx_word' id='word_1_375' title='bbox 597 3696 694 3735; x_wconf 87' lang='lat' dir='ltr'><strong>uxores</strong></span> <span class='ocrx_word' id='word_1_376' title='bbox 709 3686 812 3738; x_wconf 82' lang='lat' dir='ltr'><strong>scilicet</strong></span> <span class='ocrx_word' id='word_1_377' title='bbox 825 3687 973 3754; x_wconf 86' lang='lat' dir='ltr'><strong>Episcopo·</strong></span> <span class='ocrx_word' id='word_1_378' title='bbox 1006 3687 1070 3740; x_wconf 93' lang='lat' dir='ltr'><strong>dem</strong></span> <span class='ocrx_word' id='word_1_379' title='bbox 1088 3689 1226 3754; x_wconf 92' lang='lat' dir='ltr'><strong>prioribus</strong></span> <span class='ocrx_word' id='word_1_380' title='bbox 1246 3690 1357 3743; x_wconf 86' lang='lat' dir='ltr'><strong>saeculis</strong></span> <span class='ocrx_word' id='word_1_381' title='bbox 1376 3691 1424 3756; x_wconf 82' lang='lat' dir='ltr'><strong>qui</strong></span> <span class='ocrx_word' id='word_1_382' title='bbox 1453 3691 1598 3744; x_wconf 90' lang='lat' dir='ltr'><strong>utebantur</strong></span> 
     </span>
     <span class='ocr_line' id='line_1_38' title="bbox 380 3767 1596 3843; baseline 0.01 -27"><span class='ocrx_word' id='word_1_383' title='bbox 380 3778 442 3816; x_wconf 89' lang='lat' dir='ltr'><strong>rum</strong></span> <span class='ocrx_word' id='word_1_384' title='bbox 457 3772 484 3818; x_wconf 89' lang='lat' dir='ltr'><strong>et</strong></span> <span class='ocrx_word' id='word_1_385' title='bbox 498 3767 846 3836; x_wconf 80' lang='lat' dir='ltr'><strong>presbyterorum,passim</strong></span> <span class='ocrx_word' id='word_1_386' title='bbox 857 3773 884 3826; x_wconf 94' lang='lat' dir='ltr'><strong>in</strong></span> <span class='ocrx_word' id='word_1_387' title='bbox 896 3783 973 3830; x_wconf 85' lang='lat' dir='ltr'><strong>vete-</strong></span> <span class='ocrx_word' id='word_1_388' title='bbox 1005 3776 1180 3829; x_wconf 90' lang='lat' dir='ltr'><strong>matrimonio</strong></span> <span class='ocrx_word' id='word_1_389' title='bbox 1209 3783 1273 3829; x_wconf 91' lang='lat' dir='ltr'><strong>ante</strong></span> <span class='ocrx_word' id='word_1_390' title='bbox 1307 3779 1422 3830; x_wconf 81' lang='lat' dir='ltr'><strong>Ordines</strong></span> <span class='ocrx_word' id='word_1_391' title='bbox 1455 3783 1596 3843; x_wconf 89' lang='lat' dir='ltr'><strong>susceptos</strong></span> 
     </span>
     <span class='ocr_line' id='line_1_39' title="bbox 379 3849 1596 3929; baseline 0.009 -28"><span class='ocrx_word' id='word_1_392' title='bbox 379 3849 455 3902; x_wconf 88' lang='lat' dir='ltr'><strong>ribus</strong></span> <span class='ocrx_word' id='word_1_393' title='bbox 473 3851 644 3905; x_wconf 88' lang='lat' dir='ltr'><strong>documentis</strong></span> <span class='ocrx_word' id='word_1_394' title='bbox 654 3855 839 3910; x_wconf 89' lang='lat' dir='ltr'><strong>nominantur.</strong></span> <span class='ocrx_word' id='word_1_395' title='bbox 884 3921 887 3928; x_wconf 21' lang='lat'><strong>⁴</strong></span> <span class='ocrx_word' id='word_1_396' title='bbox 1007 3861 1357 3924; x_wconf 82' lang='lat' dir='ltr'><strong>inito,sedauimadrertit</strong></span> <span class='ocrx_word' id='word_1_397' title='bbox 1369 3865 1397 3914; x_wconf 84' lang='lat' dir='ltr'><strong>S.</strong></span> <span class='ocrx_word' id='word_1_398' title='bbox 1419 3863 1596 3929; x_wconf 75' lang='lat' dir='ltr'><strong>Epiphanius,</strong></span> 
     </span>
     <span class='ocr_line' id='line_1_40' title="bbox 414 3935 1596 4011; baseline 0.012 -25"><span class='ocrx_word' id='word_1_399' title='bbox 414 3935 472 3987; x_wconf 75' lang='lat' dir='ltr'><strong>iot.</strong></span> <span class='ocrx_word' id='word_1_400' title='bbox 486 3937 565 4003; x_wconf 74' lang='lat' dir='ltr'><strong>desp.</strong></span> <span class='ocrx_word' id='word_1_401' title='bbox 586 3941 710 3994; x_wconf 82' lang='lat' dir='ltr'><strong>canones</strong></span> <span class='ocrx_word' id='word_1_402' title='bbox 732 3942 797 3996; x_wconf 91' lang='lat' dir='ltr'><strong>dicti</strong></span> <span class='ocrx_word' id='word_1_403' title='bbox 828 3947 972 4011; x_wconf 86' lang='lat' dir='ltr'><strong>apostotici</strong></span> <span class='ocrx_word' id='word_1_404' title='bbox 1008 3949 1090 4001; x_wconf 73' lang='lat' dir='ltr'><strong>inon</strong></span> <span class='ocrx_word' id='word_1_405' title='bbox 1108 3948 1174 4000; x_wconf 84' lang='lat' dir='ltr'><strong>iilud</strong></span> <span class='ocrx_word' id='word_1_406' title='bbox 1198 3962 1232 4001; x_wconf 88' lang='lat' dir='ltr'><strong>ex</strong></span> <span class='ocrx_word' id='word_1_407' title='bbox 1243 3948 1356 4001; x_wconf 87' lang='lat' dir='ltr'><strong>canonis</strong></span> <span class='ocrx_word' id='word_1_408' title='bbox 1375 3949 1540 4002; x_wconf 88' lang='lat' dir='ltr'><strong>auctoritate</strong></span> <span class='ocrx_word' id='word_1_409' title='bbox 1550 3948 1596 4000; x_wconf 89' lang='lat' dir='ltr'><strong>iie-</strong></span> 
     </span>
     <span class='ocr_line' id='line_1_41' title="bbox 380 4025 1596 4100; baseline 0.009 -27"><span class='ocrx_word' id='word_1_410' title='bbox 380 4030 531 4076; x_wconf 90' lang='lat' dir='ltr'><strong>noscuntur</strong></span> <span class='ocrx_word' id='word_1_411' title='bbox 545 4025 621 4090; x_wconf 87' lang='lat' dir='ltr'><strong>ptura</strong></span> <span class='ocrx_word' id='word_1_412' title='bbox 634 4028 775 4082; x_wconf 89' lang='lat' dir='ltr'><strong>continere</strong></span> <span class='ocrx_word' id='word_1_413' title='bbox 795 4044 856 4096; x_wconf 87' lang='lat' dir='ltr'><strong>quae</strong></span> <span class='ocrx_word' id='word_1_414' title='bbox 868 4031 972 4099; x_wconf 91' lang='lat' dir='ltr'><strong>impro-</strong></span> <span class='ocrx_word' id='word_1_415' title='bbox 1006 4035 1038 4086; x_wconf 90' lang='lat' dir='ltr'><strong>ri.</strong></span> <span class='ocrx_word' id='word_1_416' title='bbox 1052 4034 1089 4082; x_wconf 76' lang='lat'><strong>»⁸</strong></span> <span class='ocrx_word' id='word_1_417' title='bbox 1102 4035 1305 4088; x_wconf 81' lang='lat' dir='ltr'><strong>continentiam</strong></span> <span class='ocrx_word' id='word_1_418' title='bbox 1325 4049 1341 4088; x_wconf 91' lang='lat' dir='ltr'><strong>a</strong></span> <span class='ocrx_word' id='word_1_419' title='bbox 1361 4037 1519 4090; x_wconf 89' lang='lat' dir='ltr'><strong>canonibus</strong></span> <span class='ocrx_word' id='word_1_420' title='bbox 1528 4034 1596 4100; x_wconf 81' lang='lat' dir='ltr'><strong>exigi</strong></span> 
     </span>
     <span class='ocr_line' id='line_1_42' title="bbox 379 4107 1595 4187; baseline 0.01 -28"><span class='ocrx_word' id='word_1_421' title='bbox 379 4107 470 4162; x_wconf 90' lang='lat' dir='ltr'><strong>banda</strong></span> <span class='ocrx_word' id='word_1_422' title='bbox 486 4117 550 4162; x_wconf 90' lang='lat' dir='ltr'><strong>sunt</strong></span> <span class='ocrx_word' id='word_1_423' title='bbox 561 4150 569 4174; x_wconf 89' lang='lat'>‚</span> <span class='ocrx_word' id='word_1_424' title='bbox 580 4117 607 4164; x_wconf 89' lang='lat' dir='ltr'><strong>et</strong></span> <span class='ocrx_word' id='word_1_425' title='bbox 618 4112 653 4164; x_wconf 92' lang='lat' dir='ltr'><strong>ab</strong></span> <span class='ocrx_word' id='word_1_426' title='bbox 666 4114 801 4168; x_wconf 87' lang='lat' dir='ltr'><strong>baereticis</strong></span> <span class='ocrx_word' id='word_1_427' title='bbox 824 4119 972 4172; x_wconf 89' lang='lat' dir='ltr'><strong>sanctioni·</strong></span> <span class='ocrx_word' id='word_1_428' title='bbox 997 4118 1079 4186; x_wconf 84' lang='lat' dir='ltr'><strong>‘juxta</strong></span> <span class='ocrx_word' id='word_1_429' title='bbox 1098 4121 1220 4186; x_wconf 79' lang='lat' dir='ltr'><strong>Apostoli</strong></span> <span class='ocrx_word' id='word_1_430' title='bbox 1231 4121 1314 4174; x_wconf 85' lang='lat' dir='ltr'><strong>verba</strong></span> <span class='ocrx_word' id='word_1_431' title='bbox 1323 4121 1595 4187; x_wconf 82' lang='lat' dir='ltr'><strong>quaeirrterpretntur,</strong></span> 
     </span>
     <span class='ocr_line' id='line_1_43' title="bbox 378 4191 1596 4273; baseline 0.011 -29"><span class='ocrx_word' id='word_1_432' title='bbox 378 4191 431 4246; x_wconf 89' lang='lat' dir='ltr'><strong>bus</strong></span> <span class='ocrx_word' id='word_1_433' title='bbox 443 4196 579 4248; x_wconf 84' lang='lat' dir='ltr'><strong>veteribus</strong></span> <span class='ocrx_word' id='word_1_434' title='bbox 589 4197 775 4252; x_wconf 80' lang='lat' dir='ltr'><strong>fraudulenter</strong></span> <span class='ocrx_word' id='word_1_435' title='bbox 786 4201 972 4256; x_wconf 78' lang='lat' dir='ltr'><strong>admixtacae·</strong></span> <span class='ocrx_word' id='word_1_436' title='bbox 1004 4206 1106 4258; x_wconf 90' lang='lat' dir='ltr'><strong>docet:</strong></span> <span class='ocrx_word' id='word_1_437' title='bbox 1123 4206 1214 4270; x_wconf 78' lang='lat' dir='ltr'><strong>«Quin</strong></span> <span class='ocrx_word' id='word_1_438' title='bbox 1232 4218 1294 4258; x_wconf 90' lang='lat' dir='ltr'><strong>eum</strong></span> <span class='ocrx_word' id='word_1_439' title='bbox 1309 4207 1431 4272; x_wconf 87' lang='lat' dir='ltr'><strong>insuper,</strong></span> <span class='ocrx_word' id='word_1_440' title='bbox 1450 4207 1596 4273; x_wconf 80' lang='lat' dir='ltr'><strong>qniadtruc</strong></span> 
     </span>
     <span class='ocr_line' id='line_1_44' title="bbox 380 4281 1596 4361; baseline 0.015 -33"><span class='ocrx_word' id='word_1_441' title='bbox 380 4281 468 4330; x_wconf 90' lang='lat' dir='ltr'><strong>terum</strong></span> <span class='ocrx_word' id='word_1_442' title='bbox 488 4281 551 4333; x_wconf 88' lang='lat' dir='ltr'><strong>iicet</strong></span> <span class='ocrx_word' id='word_1_443' title='bbox 568 4283 705 4348; x_wconf 84' lang='lat' dir='ltr'><strong>obiectum</strong></span> <span class='ocrx_word' id='word_1_444' title='bbox 718 4285 857 4338; x_wconf 89' lang='lat' dir='ltr'><strong>decretum</strong></span> <span class='ocrx_word' id='word_1_445' title='bbox 871 4288 969 4341; x_wconf 88' lang='lat' dir='ltr'><strong>intetii-</strong></span> <span class='ocrx_word' id='word_1_446' title='bbox 1004 4290 1032 4342; x_wconf 90' lang='lat' dir='ltr'><strong>in</strong></span> <span class='ocrx_word' id='word_1_447' title='bbox 1044 4291 1219 4361; x_wconf 89' lang='lat' dir='ltr'><strong>matrimonio</strong></span> <span class='ocrx_word' id='word_1_448' title='bbox 1241 4292 1357 4358; x_wconf 82' lang='lat' dir='ltr'><strong>degitac</strong></span> <span class='ocrx_word' id='word_1_449' title='bbox 1369 4292 1464 4344; x_wconf 89' lang='lat' dir='ltr'><strong>tiberis</strong></span> <span class='ocrx_word' id='word_1_450' title='bbox 1473 4293 1522 4345; x_wconf 91' lang='lat' dir='ltr'><strong>dat</strong></span> <span class='ocrx_word' id='word_1_451' title='bbox 1532 4304 1596 4357; x_wconf 83' lang='lat' dir='ltr'><strong>ope-</strong></span> 
     </span>
     <span class='ocr_line' id='line_1_45' title="bbox 379 4365 1597 4442; baseline 0.012 -27"><span class='ocrx_word' id='word_1_452' title='bbox 379 4375 444 4429; x_wconf 74' lang='lat' dir='ltr'><strong>gere</strong></span> <span class='ocrx_word' id='word_1_453' title='bbox 457 4365 555 4419; x_wconf 89' lang='lat' dir='ltr'><strong>denon</strong></span> <span class='ocrx_word' id='word_1_454' title='bbox 567 4368 719 4421; x_wconf 91' lang='lat' dir='ltr'><strong>deserenda</strong></span> <span class='ocrx_word' id='word_1_455' title='bbox 738 4384 836 4436; x_wconf 91' lang='lat' dir='ltr'><strong>uxore,</strong></span> <span class='ocrx_word' id='word_1_456' title='bbox 854 4373 898 4425; x_wconf 91' lang='lat' dir='ltr'><strong>cui</strong></span> <span class='ocrx_word' id='word_1_457' title='bbox 916 4374 968 4427; x_wconf 92' lang='lat' dir='ltr'><strong>sci·</strong></span> <span class='ocrx_word' id='word_1_458' title='bbox 1002 4388 1079 4440; x_wconf 88' lang='lat' dir='ltr'><strong>ram,</strong></span> <span class='ocrx_word' id='word_1_459' title='bbox 1099 4377 1207 4430; x_wconf 89' lang='lat' dir='ltr'><strong>tametsi</strong></span> <span class='ocrx_word' id='word_1_460' title='bbox 1218 4376 1300 4429; x_wconf 90' lang='lat' dir='ltr'><strong>unius</strong></span> <span class='ocrx_word' id='word_1_461' title='bbox 1311 4377 1347 4430; x_wconf 89' lang='lat' dir='ltr'><strong>sit</strong></span> <span class='ocrx_word' id='word_1_462' title='bbox 1360 4383 1454 4430; x_wconf 90' lang='lat' dir='ltr'><strong>uxoris</strong></span> <span class='ocrx_word' id='word_1_463' title='bbox 1471 4377 1524 4442; x_wconf 87' lang='lat' dir='ltr'><strong>vir,</strong></span> <span class='ocrx_word' id='word_1_464' title='bbox 1548 4390 1597 4430; x_wconf 91' lang='lat' dir='ltr'><strong>ne-</strong></span> 
     </span>
    </p>
   </div>
   <div class='ocr_carea' id='block_1_3' title="bbox 403 4645 1597 4724">
    <p class='ocr_par' dir='ltr' id='par_1_3' title="bbox 403 4645 1597 4724">
     <span class='ocr_line' id='line_1_46' title="bbox 403 4645 1597 4724; baseline 0.015 -41"><span class='ocrx_word' id='word_1_465' title='bbox 403 4645 430 4697; x_wconf 83' lang='lat' dir='ltr'><strong>(t)</strong></span> <span class='ocrx_word' id='word_1_466' title='bbox 440 4645 492 4685; x_wconf 85' lang='lat' dir='ltr'><strong>Vide</strong></span> <span class='ocrx_word' id='word_1_467' title='bbox 508 4658 563 4698; x_wconf 85' lang='lat' dir='ltr'><strong>opus</strong></span> <span class='ocrx_word' id='word_1_468' title='bbox 579 4649 625 4698; x_wconf 78' lang='lat' dir='ltr'><strong>jam</strong></span> <span class='ocrx_word' id='word_1_469' title='bbox 635 4650 745 4692; x_wconf 77' lang='lat' dir='ltr'><strong>laudatum</strong></span> <span class='ocrx_word' id='word_1_470' title='bbox 755 4653 782 4692; x_wconf 81' lang='lat' dir='ltr'><strong>Le</strong></span> <span class='ocrx_word' id='word_1_471' title='bbox 790 4652 875 4695; x_wconf 64' lang='lat' dir='ltr'><strong>celibrat</strong></span> <span class='ocrx_word' id='word_1_472' title='bbox 883 4654 974 4696; x_wconf 71' lang='lat' dir='ltr'><strong>ncctest·</strong></span> <span class='ocrx_word' id='word_1_473' title='bbox 1033 4655 1061 4708; x_wconf 82' lang='lat' dir='ltr'><strong>(t)</strong></span> <span class='ocrx_word' id='word_1_474' title='bbox 1071 4657 1124 4698; x_wconf 72' lang='lat' dir='ltr'><strong>Vide</strong></span> <span class='ocrx_word' id='word_1_475' title='bbox 1133 4658 1243 4698; x_wconf 78' lang='lat' dir='ltr'><strong>Flentium</strong></span> <span class='ocrx_word' id='word_1_476' title='bbox 1256 4658 1309 4699; x_wconf 79' lang='lat' dir='ltr'><strong>bist.</strong></span> <span class='ocrx_word' id='word_1_477' title='bbox 1319 4659 1374 4699; x_wconf 77' lang='lat' dir='ltr'><strong>Ecci-</strong></span> <span class='ocrx_word' id='word_1_478' title='bbox 1384 4659 1399 4698; x_wconf 89' lang='lat' dir='ltr'><strong>i.</strong></span> <span class='ocrx_word' id='word_1_479' title='bbox 1410 4658 1446 4700; x_wconf 79' lang='lat' dir='ltr'><strong>iix.</strong></span> <span class='ocrx_word' id='word_1_480' title='bbox 1456 4660 1496 4700; x_wconf 78' lang='lat' dir='ltr'><strong>b&#39;o.</strong></span> <span class='ocrx_word' id='word_1_481' title='bbox 1504 4660 1537 4724; x_wconf 72' lang='lat' dir='ltr'><strong>ie.</strong></span> <span class='ocrx_word' id='word_1_482' title='bbox 1547 4665 1570 4701; x_wconf 77' lang='lat' dir='ltr'><strong>et</strong></span> <span class='ocrx_word' id='word_1_483' title='bbox 1578 4666 1597 4701; x_wconf 66' lang='grc' dir='ltr'><strong>ὅ.</strong></span> 
     </span>
    </p>
   </div>
   <div class='ocr_carea' id='block_1_4' title="bbox 379 4713 1384 4849">
    <p class='ocr_par' dir='ltr' id='par_1_4' title="bbox 379 4713 1384 4849">
     <span class='ocr_line' id='line_1_47' title="bbox 379 4713 1384 4768; baseline 0.013 -15"><span class='ocrx_word' id='word_1_484' title='bbox 379 4713 467 4765; x_wconf 69' lang='lat' dir='ltr'><strong>natique</strong></span> <span class='ocrx_word' id='word_1_485' title='bbox 478 4713 532 4765; x_wconf 77' lang='lat' dir='ltr'><strong>§.ix</strong></span> <span class='ocrx_word' id='word_1_486' title='bbox 542 4727 562 4767; x_wconf 91' lang='lat' dir='ltr'><strong>p.</strong></span> <span class='ocrx_word' id='word_1_487' title='bbox 572 4723 604 4757; x_wconf 79' lang='lat' dir='ltr'><strong>att.</strong></span> <span class='ocrx_word' id='word_1_488' title='bbox 929 4723 945 4766; x_wconf 62' lang='lat' dir='ltr'><strong><em>f</em></strong></span> <span class='ocrx_word' id='word_1_489' title='bbox 1002 4725 1226 4768; x_wconf 71' lang='lat' dir='ltr'><strong>birronmcrtbirt</strong></span> <span class='ocrx_word' id='word_1_490' title='bbox 1235 4727 1384 4768; x_wconf 60' lang='lat' dir='ltr'><strong>metricis.</strong></span> 
     </span>
     <span class='ocr_line' id='line_1_48' title="bbox 405 4782 1169 4849; baseline 0.024 -29"><span class='ocrx_word' id='word_1_491' title='bbox 405 4784 435 4834; x_wconf 72' lang='lat'><strong>(¹)</strong></span> <span class='ocrx_word' id='word_1_492' title='bbox 445 4782 511 4824; x_wconf 85' lang='lat' dir='ltr'><strong>Cone.</strong></span> <span class='ocrx_word' id='word_1_493' title='bbox 520 4785 564 4826; x_wconf 83' lang='lat' dir='ltr'><strong>Nic.</strong></span> <span class='ocrx_word' id='word_1_494' title='bbox 573 4787 631 4838; x_wconf 76' lang='lat' dir='ltr'><strong>apud</strong></span> <span class='ocrx_word' id='word_1_495' title='bbox 641 4788 707 4829; x_wconf 83' lang='lat' dir='ltr'><strong>Labb.</strong></span> <span class='ocrx_word' id='word_1_496' title='bbox 717 4794 732 4829; x_wconf 88' lang='lat' dir='ltr'><strong>t.</strong></span> <span class='ocrx_word' id='word_1_497' title='bbox 742 4789 764 4829; x_wconf 88' lang='lat' dir='ltr'><strong>ii.</strong></span> <span class='ocrx_word' id='word_1_498' title='bbox 773 4802 796 4843; x_wconf 88' lang='lat' dir='ltr'><strong>p.</strong></span> <span class='ocrx_word' id='word_1_499' title='bbox 805 4797 833 4832; x_wconf 83' lang='lat' dir='ltr'><strong>te</strong></span> <span class='ocrx_word' id='word_1_500' title='bbox 850 4793 876 4845; x_wconf 71' lang='lat' dir='ltr'><strong>(a)</strong></span> <span class='ocrx_word' id='word_1_501' title='bbox 886 4794 969 4837; x_wconf 74' lang='lat' dir='ltr'><strong>Canit-</strong></span> <span class='ocrx_word' id='word_1_502' title='bbox 1028 4797 1055 4849; x_wconf 73' lang='grc'><strong>(5)</strong></span> <span class='ocrx_word' id='word_1_503' title='bbox 1065 4797 1122 4837; x_wconf 71' lang='lat' dir='ltr'><strong>lior.</strong></span> <span class='ocrx_word' id='word_1_504' title='bbox 1133 4798 1169 4838; x_wconf 86' lang='lat' dir='ltr'><strong>iix.</strong></span> 
     </span>
    </p>
   </div>
   <div class='ocr_carea' id='block_1_5' title="bbox 0 0 1900 5550">
    <p class='ocr_par' dir='ltr' id='par_1_5' title="bbox 0 0 1900 5550">
     <span class='ocr_line' id='line_1_49' title="bbox 0 0 1900 5550; baseline 0 2"><span class='ocrx_word' id='word_1_505' title='bbox 0 0 1900 5550; x_wconf 95' lang='lat' dir='ltr'><strong> </strong></span> 
     </span>
    </p>
   </div>
  </div>
 </body>
</html>
