<?xml version="1.0" encoding="UTF-8"?>
<!DOCTYPE html PUBLIC "-//W3C//DTD XHTML 1.0 Transitional//EN"
    "http://www.w3.org/TR/xhtml1/DTD/xhtml1-transitional.dtd">
<html xmlns="http://www.w3.org/1999/xhtml" xml:lang="en" lang="en">
 <head>
  <title>
</title>
<meta http-equiv="Content-Type" content="text/html;charset=utf-8" />
  <meta name='ocr-system' content='tesseract 3.04.00' />
  <meta name='ocr-capabilities' content='ocr_page ocr_carea ocr_par ocr_line ocrx_word'/>
</head>
<body>
  <div class='ocr_page' id='page_1' title='image "./theologiadogmat02kenrgoog_0076.png"; bbox 0 0 3792 5550; ppageno 0'>
   <div class='ocr_carea' id='block_1_1' title="bbox 369 516 1238 583">
    <p class='ocr_par' dir='ltr' id='par_1_1' title="bbox 369 516 1238 583">
     <span class='ocr_line' id='line_1_1' title="bbox 369 516 1238 583; baseline 0.016 -16"><span class='ocrx_word' id='word_1_1' title='bbox 369 516 403 567; x_wconf 68' lang='lat' dir='ltr'><strong>ob</strong></span> <span class='ocrx_word' id='word_1_2' title='bbox 701 521 815 574; x_wconf 71' lang='lat' dir='ltr'><strong>abach.</strong></span> <span class='ocrx_word' id='word_1_3' title='bbox 833 523 889 574; x_wconf 80' lang='lat' dir='ltr'><strong>xli.</strong></span> <span class='ocrx_word' id='word_1_4' title='bbox 909 525 952 577; x_wconf 78' lang='lat' dir='ltr'><strong>bb</strong></span> <span class='ocrx_word' id='word_1_5' title='bbox 969 524 1238 583; x_wconf 76' lang='lat' dir='ltr'><strong>cohbltthlarlohh.</strong></span> 
     </span>
    </p>
   </div>
   <div class='ocr_carea' id='block_1_2' title="bbox 369 632 1598 879">
    <p class='ocr_par' dir='ltr' id='par_1_2' title="bbox 369 632 1598 879">
     <span class='ocr_line' id='line_1_2' title="bbox 369 632 1592 707; baseline 0.011 -23"><span class='ocrx_word' id='word_1_6' title='bbox 369 632 507 698; x_wconf 77' lang='lat' dir='ltr'>aliquibus</span> <span class='ocrx_word' id='word_1_7' title='bbox 519 635 631 689; x_wconf 83' lang='lat' dir='ltr'><strong>mutatis</strong></span> <span class='ocrx_word' id='word_1_8' title='bbox 642 641 670 688; x_wconf 87' lang='lat' dir='ltr'><strong>et</strong></span> <span class='ocrx_word' id='word_1_9' title='bbox 681 636 807 703; x_wconf 84' lang='lat' dir='ltr'><strong>adjectis,</strong></span> <span class='ocrx_word' id='word_1_10' title='bbox 820 638 966 705; x_wconf 86' lang='lat' dir='ltr'><strong>desumpta</strong></span> <span class='ocrx_word' id='word_1_11' title='bbox 999 646 1139 702; x_wconf 64' lang='lat' dir='ltr'><strong>mentum</strong></span> <span class='ocrx_word' id='word_1_12' title='bbox 1154 647 1201 695; x_wconf 93' lang='lat' dir='ltr'><strong>aut</strong></span> <span class='ocrx_word' id='word_1_13' title='bbox 1218 642 1285 697; x_wconf 91' lang='lat' dir='ltr'><strong>olim</strong></span> <span class='ocrx_word' id='word_1_14' title='bbox 1304 642 1372 696; x_wconf 86' lang='lat' dir='ltr'><strong>nihil</strong></span> <span class='ocrx_word' id='word_1_15' title='bbox 1392 642 1466 697; x_wconf 91' lang='lat' dir='ltr'><strong>aliud</strong></span> <span class='ocrx_word' id='word_1_16' title='bbox 1486 642 1592 707; x_wconf 84' lang='lat' dir='ltr'><strong>tuisse,</strong></span> 
     </span>
     <span class='ocr_line' id='line_1_3' title="bbox 370 721 1597 795; baseline 0.011 -25"><span class='ocrx_word' id='word_1_17' title='bbox 370 722 421 771; x_wconf 88' lang='lat' dir='ltr'><strong>est.</strong></span> <span class='ocrx_word' id='word_1_18' title='bbox 440 721 535 775; x_wconf 85' lang='lat' dir='ltr'><strong>llanus</strong></span> <span class='ocrx_word' id='word_1_19' title='bbox 547 721 662 787; x_wconf 80' lang='lat' dir='ltr'><strong>singulis</strong></span> <span class='ocrx_word' id='word_1_20' title='bbox 671 722 802 788; x_wconf 88' lang='lat' dir='ltr'><strong>deinceps</strong></span> <span class='ocrx_word' id='word_1_21' title='bbox 823 722 940 789; x_wconf 85' lang='lat' dir='ltr'><strong>imponit</strong></span> <span class='ocrx_word' id='word_1_22' title='bbox 955 765 962 787; x_wconf 98' lang='lat'><strong>,</strong></span> <span class='ocrx_word' id='word_1_23' title='bbox 999 740 1081 794; x_wconf 87' lang='lat' dir='ltr'><strong>quam</strong></span> <span class='ocrx_word' id='word_1_24' title='bbox 1094 728 1259 781; x_wconf 84' lang='lat' dir='ltr'><strong>catechesim</strong></span> <span class='ocrx_word' id='word_1_25' title='bbox 1272 728 1434 795; x_wconf 86' lang='lat' dir='ltr'><strong>quamdam,</strong></span> <span class='ocrx_word' id='word_1_26' title='bbox 1448 740 1503 795; x_wconf 87' lang='lat' dir='ltr'><strong>qua</strong></span> <span class='ocrx_word' id='word_1_27' title='bbox 1522 729 1597 783; x_wconf 90' lang='lat' dir='ltr'><strong>ado-</strong></span> 
     </span>
     <span class='ocr_line' id='line_1_4' title="bbox 369 806 1598 879; baseline 0.007 -22"><span class='ocrx_word' id='word_1_28' title='bbox 369 818 486 871; x_wconf 88' lang='lat' dir='ltr'><strong>precans</strong></span> <span class='ocrx_word' id='word_1_29' title='bbox 498 810 527 858; x_wconf 91' lang='lat' dir='ltr'><strong>ut</strong></span> <span class='ocrx_word' id='word_1_30' title='bbox 537 806 667 858; x_wconf 88' lang='lat' dir='ltr'><strong>bominus</strong></span> <span class='ocrx_word' id='word_1_31' title='bbox 675 808 871 873; x_wconf 86' lang='lat' dir='ltr'><strong>bunopuerum</strong></span> <span class='ocrx_word' id='word_1_32' title='bbox 882 822 963 862; x_wconf 90' lang='lat' dir='ltr'><strong>suum</strong></span> <span class='ocrx_word' id='word_1_33' title='bbox 999 813 1138 866; x_wconf 83' lang='lat' dir='ltr'><strong>lescentiae</strong></span> <span class='ocrx_word' id='word_1_34' title='bbox 1160 813 1275 879; x_wconf 82' lang='lat' dir='ltr'><strong>proximi</strong></span> <span class='ocrx_word' id='word_1_35' title='bbox 1295 812 1358 865; x_wconf 89' lang='lat' dir='ltr'><strong>fidei</strong></span> <span class='ocrx_word' id='word_1_36' title='bbox 1376 824 1432 865; x_wconf 86' lang='lat' dir='ltr'><strong>suae</strong></span> <span class='ocrx_word' id='word_1_37' title='bbox 1454 812 1598 865; x_wconf 88' lang='lat' dir='ltr'><strong>rationem</strong></span> 
     </span>
    </p>
   </div>
   <div class='ocr_carea' id='block_1_3' title="bbox 370 889 1595 1043">
    <p class='ocr_par' dir='ltr' id='par_1_3' title="bbox 370 889 1595 1043">
     <span class='ocr_line' id='line_1_5' title="bbox 371 889 1595 965; baseline 0.007 -24"><span class='ocrx_word' id='word_1_38' title='bbox 371 890 457 956; x_wconf 77' lang='lat' dir='ltr'><strong>gratia</strong></span> <span class='ocrx_word' id='word_1_39' title='bbox 479 889 583 943; x_wconf 84' lang='lat' dir='ltr'><strong>eoelesti</strong></span> <span class='ocrx_word' id='word_1_40' title='bbox 604 890 751 956; x_wconf 76' lang='lat' dir='ltr'><strong>defendat,</strong></span> <span class='ocrx_word' id='word_1_41' title='bbox 768 898 798 947; x_wconf 88' lang='lat' dir='ltr'><strong>ut</strong></span> <span class='ocrx_word' id='word_1_42' title='bbox 817 893 844 946; x_wconf 90' lang='lat' dir='ltr'><strong>ln</strong></span> <span class='ocrx_word' id='word_1_43' title='bbox 865 909 964 961; x_wconf 90' lang='lat' dir='ltr'><strong>perpe·</strong></span> <span class='ocrx_word' id='word_1_44' title='bbox 1000 910 1092 952; x_wconf 90' lang='lat' dir='ltr'><strong>coram</strong></span> <span class='ocrx_word' id='word_1_45' title='bbox 1103 898 1223 952; x_wconf 81' lang='lat' dir='ltr'><strong>Ecclesia</strong></span> <span class='ocrx_word' id='word_1_46' title='bbox 1240 898 1427 965; x_wconf 79' lang='lat' dir='ltr'><strong>exponebant3</strong></span> <span class='ocrx_word' id='word_1_47' title='bbox 1441 898 1595 951; x_wconf 85' lang='lat' dir='ltr'><strong>anathema</strong></span> 
     </span>
     <span class='ocr_line' id='line_1_6' title="bbox 370 975 1094 1043; baseline 0.017 -16"><span class='ocrx_word' id='word_1_48' title='bbox 370 979 448 1027; x_wconf 90' lang='lat' dir='ltr'><strong>tuum</strong></span> <span class='ocrx_word' id='word_1_49' title='bbox 478 975 551 1027; x_wconf 81' lang='lat' dir='ltr'><strong>illius</strong></span> <span class='ocrx_word' id='word_1_50' title='bbox 581 976 637 1040; x_wconf 88' lang='lat' dir='ltr'><strong>sit,</strong></span> <span class='ocrx_word' id='word_1_51' title='bbox 661 981 689 1030; x_wconf 88' lang='lat' dir='ltr'><strong>et</strong></span> <span class='ocrx_word' id='word_1_52' title='bbox 710 979 833 1043; x_wconf 78' lang='lat' dir='ltr'><strong>quotidie</strong></span> <span class='ocrx_word' id='word_1_53' title='bbox 868 986 965 1035; x_wconf 88' lang='lat' dir='ltr'><strong>sancto</strong></span> <span class='ocrx_word' id='word_1_54' title='bbox 1000 984 1044 1038; x_wconf 85' lang='lat' dir='ltr'><strong>sit.</strong></span> <span class='ocrx_word' id='word_1_55' title='bbox 1059 982 1094 1031; x_wconf 78' lang='lat'><strong>»⁸</strong></span> 
     </span>
    </p>
   </div>
   <div class='ocr_carea' id='block_1_4' title="bbox 371 1060 1598 1902">
    <p class='ocr_par' dir='ltr' id='par_1_4' title="bbox 372 1060 966 1127">
     <span class='ocr_line' id='line_1_7' title="bbox 372 1060 966 1127; baseline 0.012 -14"><span class='ocrx_word' id='word_1_56' title='bbox 372 1060 473 1126; x_wconf 90' lang='lat' dir='ltr'><strong>spiritu</strong></span> <span class='ocrx_word' id='word_1_57' title='bbox 482 1063 783 1127; x_wconf 78' lang='lat' dir='ltr'><strong>augeatur.0rationem</strong></span> <span class='ocrx_word' id='word_1_58' title='bbox 796 1067 966 1120; x_wconf 90' lang='lat' dir='ltr'><strong>bominicam</strong></span> 
     </span>
    </p>

    <p class='ocr_par' dir='ltr' id='par_1_5' title="bbox 371 1147 1381 1219">
     <span class='ocr_line' id='line_1_8' title="bbox 371 1147 1381 1219; baseline 0.001 -17"><span class='ocrx_word' id='word_1_59' title='bbox 371 1162 433 1202; x_wconf 89' lang='lat' dir='ltr'><strong>cum</strong></span> <span class='ocrx_word' id='word_1_60' title='bbox 460 1147 567 1201; x_wconf 90' lang='lat' dir='ltr'><strong>duabus</strong></span> <span class='ocrx_word' id='word_1_61' title='bbox 586 1149 647 1202; x_wconf 91' lang='lat' dir='ltr'><strong>aliis</strong></span> <span class='ocrx_word' id='word_1_62' title='bbox 674 1151 845 1205; x_wconf 89' lang='lat' dir='ltr'><strong>orationibus</strong></span> <span class='ocrx_word' id='word_1_63' title='bbox 870 1159 966 1219; x_wconf 84' lang='lat' dir='ltr'><strong>postea</strong></span> <span class='ocrx_word' id='word_1_64' title='bbox 1236 1151 1341 1203; x_wconf 81' lang='lat' dir='ltr'><strong>CAPUT</strong></span> <span class='ocrx_word' id='word_1_65' title='bbox 1362 1152 1381 1203; x_wconf 93' lang='lat' dir='ltr'><strong>l.</strong></span> 
     </span>
    </p>

    <p class='ocr_par' dir='ltr' id='par_1_6' title="bbox 372 1234 966 1298">
     <span class='ocr_line' id='line_1_9' title="bbox 372 1234 966 1298; baseline 0.008 -12"><span class='ocrx_word' id='word_1_66' title='bbox 372 1234 488 1298; x_wconf 76' lang='lat' dir='ltr'><strong>recitat,</strong></span> <span class='ocrx_word' id='word_1_67' title='bbox 521 1240 549 1289; x_wconf 91' lang='lat' dir='ltr'><strong>et</strong></span> <span class='ocrx_word' id='word_1_68' title='bbox 577 1235 631 1289; x_wconf 90' lang='lat' dir='ltr'><strong>illis</strong></span> <span class='ocrx_word' id='word_1_69' title='bbox 660 1237 808 1293; x_wconf 78' lang='lat' dir='ltr'><strong>benedicit.</strong></span> <span class='ocrx_word' id='word_1_70' title='bbox 840 1241 966 1293; x_wconf 81' lang='lat' dir='ltr'><strong>Attamen</strong></span> 
     </span>
    </p>

    <p class='ocr_par' dir='ltr' id='par_1_7' title="bbox 372 1320 1406 1389">
     <span class='ocr_line' id='line_1_10' title="bbox 372 1320 1406 1389; baseline -0.003 -16"><span class='ocrx_word' id='word_1_71' title='bbox 372 1320 519 1385; x_wconf 83' lang='lat' dir='ltr'><strong>scriptores</strong></span> <span class='ocrx_word' id='word_1_72' title='bbox 533 1320 617 1386; x_wconf 86' lang='lat' dir='ltr'><strong>aliqui</strong></span> <span class='ocrx_word' id='word_1_73' title='bbox 638 1321 777 1389; x_wconf 77' lang='lat' dir='ltr'><strong>Anglicanl</strong></span> <span class='ocrx_word' id='word_1_74' title='bbox 799 1328 827 1376; x_wconf 91' lang='lat' dir='ltr'><strong>et</strong></span> <span class='ocrx_word' id='word_1_75' title='bbox 850 1324 897 1389; x_wconf 83' lang='lat' dir='ltr'><strong>qul</strong></span> <span class='ocrx_word' id='word_1_76' title='bbox 916 1335 966 1376; x_wconf 85' lang='lat' dir='ltr'><strong>eos</strong></span> <span class='ocrx_word' id='word_1_77' title='bbox 1186 1334 1218 1372; x_wconf 79' lang='lat' dir='ltr'><strong>na</strong></span> <span class='ocrx_word' id='word_1_78' title='bbox 1235 1332 1406 1373; x_wconf 77' lang='lat' dir='ltr'><strong>sanaturum.</strong></span> 
     </span>
    </p>

    <p class='ocr_par' dir='ltr' id='par_1_8' title="bbox 373 1407 968 1475">
     <span class='ocr_line' id='line_1_11' title="bbox 373 1407 968 1475; baseline 0.007 -17"><span class='ocrx_word' id='word_1_79' title='bbox 373 1407 402 1459; x_wconf 93' lang='lat' dir='ltr'><strong>in</strong></span> <span class='ocrx_word' id='word_1_80' title='bbox 422 1409 474 1459; x_wconf 86' lang='lat' dir='ltr'><strong>hac</strong></span> <span class='ocrx_word' id='word_1_81' title='bbox 502 1407 615 1473; x_wconf 84' lang='lat' dir='ltr'><strong>regione</strong></span> <span class='ocrx_word' id='word_1_82' title='bbox 642 1414 797 1475; x_wconf 82' lang='lat' dir='ltr'><strong>sequuntur</strong></span> <span class='ocrx_word' id='word_1_83' title='bbox 819 1409 968 1475; x_wconf 78' lang='lat' dir='ltr'><strong>Episcopa-</strong></span> 
     </span>
    </p>

    <p class='ocr_par' dir='ltr' id='par_1_9' title="bbox 372 1492 1380 1559">
     <span class='ocr_line' id='line_1_12' title="bbox 372 1492 1380 1559; baseline 0 -15"><span class='ocrx_word' id='word_1_84' title='bbox 372 1492 429 1554; x_wconf 84' lang='lat' dir='ltr'><strong>lea,</strong></span> <span class='ocrx_word' id='word_1_85' title='bbox 445 1492 646 1545; x_wconf 83' lang='lat' dir='ltr'><strong>catholicorum</strong></span> <span class='ocrx_word' id='word_1_86' title='bbox 663 1493 720 1545; x_wconf 84' lang='lat' dir='ltr'><strong>lere</strong></span> <span class='ocrx_word' id='word_1_87' title='bbox 740 1505 838 1554; x_wconf 91' lang='lat' dir='ltr'><strong>more,</strong></span> <span class='ocrx_word' id='word_1_88' title='bbox 857 1493 892 1546; x_wconf 88' lang='lat' dir='ltr'><strong>de</strong></span> <span class='ocrx_word' id='word_1_89' title='bbox 914 1495 968 1547; x_wconf 86' lang='lat' dir='ltr'><strong>hoc</strong></span> <span class='ocrx_word' id='word_1_90' title='bbox 1217 1493 1380 1559; x_wconf 75' lang='lat' dir='ltr'><strong>Proposito.</strong></span> 
     </span>
    </p>

    <p class='ocr_par' dir='ltr' id='par_1_10' title="bbox 373 1577 1598 1717">
     <span class='ocr_line' id='line_1_13' title="bbox 373 1577 1598 1645; baseline 0.002 -15"><span class='ocrx_word' id='word_1_91' title='bbox 373 1579 548 1631; x_wconf 83' lang='lat' dir='ltr'><strong>sacramento</strong></span> <span class='ocrx_word' id='word_1_92' title='bbox 573 1578 732 1643; x_wconf 83' lang='lat' dir='ltr'><strong>loquuntur.</strong></span> <span class='ocrx_word' id='word_1_93' title='bbox 761 1577 771 1611; x_wconf 86' lang='lat'>¹</span> <span class='ocrx_word' id='word_1_94' title='bbox 803 1578 968 1631; x_wconf 85' lang='lat' dir='ltr'><strong>Leibnitziua</strong></span> <span class='ocrx_word' id='word_1_95' title='bbox 1036 1577 1211 1632; x_wconf 84' lang='lat' dir='ltr'><strong>Confirmatio</strong></span> <span class='ocrx_word' id='word_1_96' title='bbox 1230 1584 1272 1632; x_wconf 87' lang='lat' dir='ltr'><strong>est</strong></span> <span class='ocrx_word' id='word_1_97' title='bbox 1286 1592 1380 1634; x_wconf 88' lang='lat' dir='ltr'><strong>verum</strong></span> <span class='ocrx_word' id='word_1_98' title='bbox 1398 1590 1429 1631; x_wconf 89' lang='lat' dir='ltr'><strong>ac</strong></span> <span class='ocrx_word' id='word_1_99' title='bbox 1450 1578 1598 1645; x_wconf 88' lang='lat' dir='ltr'><strong>proprium</strong></span> 
     </span>
     <span class='ocr_line' id='line_1_14' title="bbox 373 1662 1218 1717; baseline 0 -2"><span class='ocrx_word' id='word_1_100' title='bbox 373 1662 519 1716; x_wconf 80' lang='lat' dir='ltr'><strong>Catholicis</strong></span> <span class='ocrx_word' id='word_1_101' title='bbox 547 1664 598 1716; x_wconf 86' lang='lat' dir='ltr'><strong>har</strong></span> <span class='ocrx_word' id='word_1_102' title='bbox 625 1662 654 1714; x_wconf 92' lang='lat' dir='ltr'><strong>in</strong></span> <span class='ocrx_word' id='word_1_103' title='bbox 684 1676 715 1715; x_wconf 88' lang='lat' dir='ltr'><strong>re</strong></span> <span class='ocrx_word' id='word_1_104' title='bbox 742 1675 873 1715; x_wconf 90' lang='lat' dir='ltr'><strong>assensus</strong></span> <span class='ocrx_word' id='word_1_105' title='bbox 892 1668 935 1717; x_wconf 89' lang='lat' dir='ltr'><strong>est</strong></span> <span class='ocrx_word' id='word_1_106' title='bbox 960 1679 967 1715; x_wconf 91' lang='lat'>:</span> <span class='ocrx_word' id='word_1_107' title='bbox 1003 1665 1218 1717; x_wconf 87' lang='lat' dir='ltr'><strong>Sacramentum.</strong></span> 
     </span>
    </p>

    <p class='ocr_par' dir='ltr' id='par_1_11' title="bbox 373 1747 1597 1902">
     <span class='ocr_line' id='line_1_15' title="bbox 374 1747 1596 1815; baseline 0.005 -17"><span class='ocrx_word' id='word_1_108' title='bbox 374 1747 449 1800; x_wconf 89' lang='lat' dir='ltr'><strong>baub</strong></span> <span class='ocrx_word' id='word_1_109' title='bbox 467 1751 494 1799; x_wconf 86' lang='lat' dir='ltr'><strong>et</strong></span> <span class='ocrx_word' id='word_1_110' title='bbox 512 1747 618 1800; x_wconf 78' lang='lat' dir='ltr'><strong>Fessler</strong></span> <span class='ocrx_word' id='word_1_111' title='bbox 636 1747 707 1799; x_wconf 89' lang='lat' dir='ltr'><strong>inter</strong></span> <span class='ocrx_word' id='word_1_112' title='bbox 719 1748 885 1801; x_wconf 80' lang='lat' dir='ltr'><strong>recentiores</strong></span> <span class='ocrx_word' id='word_1_113' title='bbox 902 1749 969 1802; x_wconf 85' lang='lat' dir='ltr'><strong>sori·</strong></span> <span class='ocrx_word' id='word_1_114' title='bbox 1035 1751 1060 1801; x_wconf 83' lang='lat' dir='ltr'><strong>t.</strong></span> <span class='ocrx_word' id='word_1_115' title='bbox 1078 1749 1216 1803; x_wconf 74' lang='lat' dir='ltr'><strong>Probatur</strong></span> <span class='ocrx_word' id='word_1_116' title='bbox 1237 1752 1260 1801; x_wconf 89' lang='lat' dir='ltr'><strong>l.</strong></span> <span class='ocrx_word' id='word_1_117' title='bbox 1286 1762 1322 1802; x_wconf 79' lang='lat' dir='ltr'><strong>ex</strong></span> <span class='ocrx_word' id='word_1_118' title='bbox 1344 1749 1503 1815; x_wconf 69' lang='lat' dir='ltr'><strong>scripturo.</strong></span> <span class='ocrx_word' id='word_1_119' title='bbox 1528 1753 1596 1804; x_wconf 80' lang='lat' dir='ltr'><strong>Post</strong></span> 
     </span>
     <span class='ocr_line' id='line_1_16' title="bbox 373 1833 1597 1902; baseline 0 -15"><span class='ocrx_word' id='word_1_120' title='bbox 373 1839 467 1902; x_wconf 90' lang='lat' dir='ltr'><strong>ptores</strong></span> <span class='ocrx_word' id='word_1_121' title='bbox 485 1833 695 1899; x_wconf 88' lang='lat' dir='ltr'><strong>protestanticos</strong></span> <span class='ocrx_word' id='word_1_122' title='bbox 717 1833 785 1886; x_wconf 92' lang='lat' dir='ltr'><strong>illud</strong></span> <span class='ocrx_word' id='word_1_123' title='bbox 805 1840 967 1901; x_wconf 78' lang='lat' dir='ltr'><strong>agnoscunt.</strong></span> <span class='ocrx_word' id='word_1_124' title='bbox 1003 1836 1116 1888; x_wconf 88' lang='lat' dir='ltr'><strong>relatam</strong></span> <span class='ocrx_word' id='word_1_125' title='bbox 1132 1835 1325 1887; x_wconf 86' lang='lat' dir='ltr'><strong>Samaritarum</strong></span> <span class='ocrx_word' id='word_1_126' title='bbox 1341 1835 1375 1887; x_wconf 92' lang='lat' dir='ltr'><strong>ad</strong></span> <span class='ocrx_word' id='word_1_127' title='bbox 1388 1835 1470 1887; x_wconf 88' lang='lat' dir='ltr'><strong>tidem</strong></span> <span class='ocrx_word' id='word_1_128' title='bbox 1481 1847 1597 1889; x_wconf 88' lang='lat' dir='ltr'><strong>conver·</strong></span> 
     </span>
    </p>
   </div>
   <div class='ocr_carea' id='block_1_5' title="bbox 282 1914 1596 1987">
    <p class='ocr_par' dir='ltr' id='par_1_12' title="bbox 282 1914 1596 1987">
     <span class='ocr_line' id='line_1_17' title="bbox 282 1914 1596 1987; baseline 0.005 -20"><span class='ocrx_word' id='word_1_129' title='bbox 282 1941 286 1950; x_wconf 85' lang='lat'><em>·</em></span> <span class='ocrx_word' id='word_1_130' title='bbox 375 1919 563 1972; x_wconf 76' lang='lat' dir='ltr'><strong>rosenmuller</strong></span> <span class='ocrx_word' id='word_1_131' title='bbox 573 1925 636 1984; x_wconf 93' lang='lat' dir='ltr'><strong>post</strong></span> <span class='ocrx_word' id='word_1_132' title='bbox 647 1918 842 1972; x_wconf 81' lang='lat' dir='ltr'><strong>Eiehhornium</strong></span> <span class='ocrx_word' id='word_1_133' title='bbox 853 1923 970 1986; x_wconf 77' lang='lat' dir='ltr'><strong>aposto·</strong></span> <span class='ocrx_word' id='word_1_134' title='bbox 1003 1920 1110 1972; x_wconf 89' lang='lat' dir='ltr'><strong>sionem</strong></span> <span class='ocrx_word' id='word_1_135' title='bbox 1132 1920 1220 1987; x_wconf 82' lang='lat' dir='ltr'><strong>pergit</strong></span> <span class='ocrx_word' id='word_1_136' title='bbox 1237 1914 1349 1972; x_wconf 84' lang='lat' dir='ltr'><strong>Lucas:</strong></span> <span class='ocrx_word' id='word_1_137' title='bbox 1373 1940 1385 1965; x_wconf 76' lang='grc' dir='ltr'>α</span> <span class='ocrx_word' id='word_1_138' title='bbox 1411 1933 1474 1972; x_wconf 93' lang='lat' dir='ltr'><strong>cum</strong></span> <span class='ocrx_word' id='word_1_139' title='bbox 1500 1926 1596 1973; x_wconf 87' lang='lat' dir='ltr'><strong>autem</strong></span> 
     </span>
    </p>
   </div>
   <div class='ocr_carea' id='block_1_6' title="bbox 317 2004 1599 2753">
    <p class='ocr_par' dir='ltr' id='par_1_13' title="bbox 374 2004 1598 2412">
     <span class='ocr_line' id='line_1_18' title="bbox 374 2004 1596 2073; baseline 0.002 -15"><span class='ocrx_word' id='word_1_140' title='bbox 374 2006 464 2059; x_wconf 91' lang='lat' dir='ltr'><strong>lorum</strong></span> <span class='ocrx_word' id='word_1_141' title='bbox 477 2020 525 2073; x_wconf 80' lang='lat' dir='ltr'><strong>ges</strong></span> <span class='ocrx_word' id='word_1_142' title='bbox 537 2012 628 2073; x_wconf 80' lang='lat' dir='ltr'><strong>gestas</strong></span> <span class='ocrx_word' id='word_1_143' title='bbox 648 2006 762 2073; x_wconf 82' lang='lat' dir='ltr'><strong>explieat</strong></span> <span class='ocrx_word' id='word_1_144' title='bbox 783 2007 888 2060; x_wconf 88' lang='lat' dir='ltr'><strong>ratione</strong></span> <span class='ocrx_word' id='word_1_145' title='bbox 907 2019 969 2073; x_wconf 82' lang='lat' dir='ltr'><strong>quae</strong></span> <span class='ocrx_word' id='word_1_146' title='bbox 1003 2004 1147 2057; x_wconf 87' lang='lat' dir='ltr'><strong>audissent</strong></span> <span class='ocrx_word' id='word_1_147' title='bbox 1165 2004 1303 2070; x_wconf 80' lang='lat' dir='ltr'><strong>Apostoli,</strong></span> <span class='ocrx_word' id='word_1_148' title='bbox 1324 2004 1371 2070; x_wconf 85' lang='lat' dir='ltr'><strong>qui</strong></span> <span class='ocrx_word' id='word_1_149' title='bbox 1388 2011 1466 2059; x_wconf 89' lang='lat' dir='ltr'><strong>erant</strong></span> <span class='ocrx_word' id='word_1_150' title='bbox 1481 2007 1596 2060; x_wconf 75' lang='lat' dir='ltr'><strong>leroso-</strong></span> 
     </span>
     <span class='ocr_line' id='line_1_19' title="bbox 375 2089 1598 2159; baseline -0.001 -15"><span class='ocrx_word' id='word_1_151' title='bbox 375 2092 522 2145; x_wconf 85' lang='lat' dir='ltr'><strong>catholieis</strong></span> <span class='ocrx_word' id='word_1_152' title='bbox 538 2091 618 2144; x_wconf 81' lang='lat' dir='ltr'><strong>lavet.</strong></span> <span class='ocrx_word' id='word_1_153' title='bbox 633 2091 761 2156; x_wconf 85' lang='lat' dir='ltr'><strong>Baptistae</strong></span> <span class='ocrx_word' id='word_1_154' title='bbox 773 2103 905 2142; x_wconf 90' lang='lat' dir='ltr'><strong>manuum</strong></span> <span class='ocrx_word' id='word_1_155' title='bbox 918 2089 970 2141; x_wconf 91' lang='lat' dir='ltr'><strong>im·</strong></span> <span class='ocrx_word' id='word_1_156' title='bbox 1003 2089 1099 2155; x_wconf 87' lang='lat' dir='ltr'><strong>lymis,</strong></span> <span class='ocrx_word' id='word_1_157' title='bbox 1117 2089 1192 2156; x_wconf 88' lang='lat' dir='ltr'><strong>quod</strong></span> <span class='ocrx_word' id='word_1_158' title='bbox 1209 2089 1358 2155; x_wconf 88' lang='lat' dir='ltr'><strong>recepisset</strong></span> <span class='ocrx_word' id='word_1_159' title='bbox 1384 2089 1505 2159; x_wconf 78' lang='lat' dir='ltr'><strong>Samaria</strong></span> <span class='ocrx_word' id='word_1_160' title='bbox 1532 2103 1598 2149; x_wconf 67' lang='lat' dir='ltr'><strong>ver7</strong></span> 
     </span>
     <span class='ocr_line' id='line_1_20' title="bbox 375 2174 1595 2241; baseline 0.002 -12"><span class='ocrx_word' id='word_1_161' title='bbox 375 2176 542 2241; x_wconf 90' lang='lat' dir='ltr'><strong>positionem</strong></span> <span class='ocrx_word' id='word_1_162' title='bbox 554 2175 732 2227; x_wconf 75' lang='lat' dir='ltr'><strong>interemisti</strong></span> <span class='ocrx_word' id='word_1_163' title='bbox 744 2174 867 2227; x_wconf 89' lang='lat' dir='ltr'><strong>instituta</strong></span> <span class='ocrx_word' id='word_1_164' title='bbox 877 2187 970 2228; x_wconf 88' lang='lat' dir='ltr'><strong>recen·</strong></span> <span class='ocrx_word' id='word_1_165' title='bbox 1002 2175 1067 2227; x_wconf 92' lang='lat' dir='ltr'><strong>bum</strong></span> <span class='ocrx_word' id='word_1_166' title='bbox 1085 2174 1151 2239; x_wconf 90' lang='lat' dir='ltr'><strong>bei,</strong></span> <span class='ocrx_word' id='word_1_167' title='bbox 1173 2176 1308 2229; x_wconf 89' lang='lat' dir='ltr'><strong>miserunt</strong></span> <span class='ocrx_word' id='word_1_168' title='bbox 1324 2176 1358 2228; x_wconf 86' lang='lat' dir='ltr'><strong>ad</strong></span> <span class='ocrx_word' id='word_1_169' title='bbox 1371 2188 1420 2229; x_wconf 88' lang='lat' dir='ltr'><strong>eos</strong></span> <span class='ocrx_word' id='word_1_170' title='bbox 1442 2179 1551 2230; x_wconf 78' lang='lat' dir='ltr'><strong>Petrum</strong></span> <span class='ocrx_word' id='word_1_171' title='bbox 1564 2182 1595 2231; x_wconf 87' lang='lat' dir='ltr'><strong>et</strong></span> 
     </span>
     <span class='ocr_line' id='line_1_21' title="bbox 376 2257 1597 2325; baseline 0 -12"><span class='ocrx_word' id='word_1_172' title='bbox 376 2266 458 2321; x_wconf 89' lang='lat' dir='ltr'><strong>sont,</strong></span> <span class='ocrx_word' id='word_1_173' title='bbox 473 2273 591 2324; x_wconf 82' lang='lat' dir='ltr'><strong>eamque</strong></span> <span class='ocrx_word' id='word_1_174' title='bbox 609 2260 669 2311; x_wconf 86' lang='lat' dir='ltr'><strong>deri</strong></span> <span class='ocrx_word' id='word_1_175' title='bbox 689 2258 791 2311; x_wconf 89' lang='lat' dir='ltr'><strong>docent</strong></span> <span class='ocrx_word' id='word_1_176' title='bbox 803 2258 837 2310; x_wconf 89' lang='lat' dir='ltr'><strong>ad</strong></span> <span class='ocrx_word' id='word_1_177' title='bbox 854 2257 969 2325; x_wconf 80' lang='lat' dir='ltr'><strong>gratiam</strong></span> <span class='ocrx_word' id='word_1_178' title='bbox 1002 2262 1145 2313; x_wconf 83' lang='lat' dir='ltr'><strong>loannem.</strong></span> <span class='ocrx_word' id='word_1_179' title='bbox 1157 2260 1206 2323; x_wconf 83' lang='lat' dir='ltr'><strong>Qui</strong></span> <span class='ocrx_word' id='word_1_180' title='bbox 1218 2261 1437 2324; x_wconf 81' lang='lat' dir='ltr'><strong>cumvenissent,</strong></span> <span class='ocrx_word' id='word_1_181' title='bbox 1447 2267 1597 2315; x_wconf 86' lang='lat' dir='ltr'><strong>oraverunt</strong></span> 
     </span>
     <span class='ocr_line' id='line_1_22' title="bbox 376 2341 1596 2412; baseline 0.001 -16"><span class='ocrx_word' id='word_1_182' title='bbox 376 2344 492 2409; x_wconf 85' lang='lat' dir='ltr'><strong>Spiritus</strong></span> <span class='ocrx_word' id='word_1_183' title='bbox 517 2342 605 2396; x_wconf 87' lang='lat' dir='ltr'><strong>sancti</strong></span> <span class='ocrx_word' id='word_1_184' title='bbox 622 2341 892 2396; x_wconf 88' lang='lat' dir='ltr'><strong>communicandam.</strong></span> <span class='ocrx_word' id='word_1_185' title='bbox 907 2342 919 2376; x_wconf 83' lang='lat'><strong>¹</strong></span> <span class='ocrx_word' id='word_1_186' title='bbox 1003 2356 1052 2411; x_wconf 94' lang='lat' dir='ltr'><strong>pro</strong></span> <span class='ocrx_word' id='word_1_187' title='bbox 1066 2344 1146 2410; x_wconf 88' lang='lat' dir='ltr'><strong>ipsis,</strong></span> <span class='ocrx_word' id='word_1_188' title='bbox 1160 2350 1190 2396; x_wconf 90' lang='lat' dir='ltr'><strong>ut</strong></span> <span class='ocrx_word' id='word_1_189' title='bbox 1209 2344 1363 2411; x_wconf 86' lang='lat' dir='ltr'><strong>acciperent</strong></span> <span class='ocrx_word' id='word_1_190' title='bbox 1380 2345 1510 2412; x_wconf 90' lang='lat' dir='ltr'><strong>Spiritum</strong></span> <span class='ocrx_word' id='word_1_191' title='bbox 1528 2359 1596 2399; x_wconf 86' lang='lat' dir='ltr'><strong>san·</strong></span> 
     </span>
    </p>

    <p class='ocr_par' dir='ltr' id='par_1_14' title="bbox 317 2426 1599 2753">
     <span class='ocr_line' id='line_1_23' title="bbox 409 2426 1598 2497; baseline 0.002 -16"><span class='ocrx_word' id='word_1_192' title='bbox 409 2432 435 2481; x_wconf 76' lang='lat'><strong>3.</strong></span> <span class='ocrx_word' id='word_1_193' title='bbox 448 2427 598 2481; x_wconf 84' lang='lat' dir='ltr'><strong>concilium</strong></span> <span class='ocrx_word' id='word_1_194' title='bbox 611 2426 801 2480; x_wconf 71' lang='lat' dir='ltr'><strong>tridentinum</strong></span> <span class='ocrx_word' id='word_1_195' title='bbox 814 2428 971 2480; x_wconf 88' lang='lat' dir='ltr'><strong>Sacramen-</strong></span> <span class='ocrx_word' id='word_1_196' title='bbox 1003 2433 1077 2482; x_wconf 90' lang='lat' dir='ltr'><strong>otum</strong></span> <span class='ocrx_word' id='word_1_197' title='bbox 1096 2445 1103 2481; x_wconf 76' lang='grc' dir='ltr'>ε</span> <span class='ocrx_word' id='word_1_198' title='bbox 1125 2429 1248 2483; x_wconf 92' lang='lat' dir='ltr'><strong>noudum</strong></span> <span class='ocrx_word' id='word_1_199' title='bbox 1276 2428 1349 2482; x_wconf 89' lang='lat' dir='ltr'><strong>enim</strong></span> <span class='ocrx_word' id='word_1_200' title='bbox 1375 2430 1403 2482; x_wconf 91' lang='lat' dir='ltr'><strong>in</strong></span> <span class='ocrx_word' id='word_1_201' title='bbox 1426 2444 1598 2497; x_wconf 84' lang='lat' dir='ltr'><strong>quemquam</strong></span> 
     </span>
     <span class='ocr_line' id='line_1_24' title="bbox 377 2511 1597 2581; baseline 0.002 -16"><span class='ocrx_word' id='word_1_202' title='bbox 377 2517 436 2566; x_wconf 89' lang='lat' dir='ltr'><strong>turn</strong></span> <span class='ocrx_word' id='word_1_203' title='bbox 446 2515 499 2567; x_wconf 92' lang='lat' dir='ltr'><strong>hoc</strong></span> <span class='ocrx_word' id='word_1_204' title='bbox 510 2519 606 2566; x_wconf 88' lang='lat' dir='ltr'><strong>contra</strong></span> <span class='ocrx_word' id='word_1_205' title='bbox 619 2516 781 2565; x_wconf 90' lang='lat' dir='ltr'><strong>novatorum</strong></span> <span class='ocrx_word' id='word_1_206' title='bbox 801 2511 921 2578; x_wconf 76' lang='lat' dir='ltr'><strong>argutias</strong></span> <span class='ocrx_word' id='word_1_207' title='bbox 939 2517 971 2564; x_wconf 90' lang='lat' dir='ltr'><strong>ut</strong></span> <span class='ocrx_word' id='word_1_208' title='bbox 1004 2516 1114 2568; x_wconf 92' lang='lat' dir='ltr'><strong>illorum</strong></span> <span class='ocrx_word' id='word_1_209' title='bbox 1125 2522 1255 2580; x_wconf 88' lang='lat' dir='ltr'><strong>venerat,</strong></span> <span class='ocrx_word' id='word_1_210' title='bbox 1269 2516 1317 2569; x_wconf 87' lang='lat' dir='ltr'><strong>sed</strong></span> <span class='ocrx_word' id='word_1_211' title='bbox 1333 2514 1467 2581; x_wconf 88' lang='lat' dir='ltr'><strong>baptizati</strong></span> <span class='ocrx_word' id='word_1_212' title='bbox 1484 2520 1597 2569; x_wconf 88' lang='lat' dir='ltr'><strong>tantum</strong></span> 
     </span>
     <span class='ocr_line' id='line_1_25' title="bbox 317 2596 1598 2659; baseline -0.003 -10"><span class='ocrx_word' id='word_1_213' title='bbox 317 2640 322 2649; x_wconf 78' lang='grc'>.</span> <span class='ocrx_word' id='word_1_214' title='bbox 377 2599 550 2659; x_wconf 75' lang='lat' dir='ltr'><strong>defenderet,</strong></span> <span class='ocrx_word' id='word_1_215' title='bbox 567 2600 641 2650; x_wconf 78' lang='lat' dir='ltr'><strong>huno</strong></span> <span class='ocrx_word' id='word_1_216' title='bbox 652 2596 739 2650; x_wconf 88' lang='lat' dir='ltr'><strong>edidit</strong></span> <span class='ocrx_word' id='word_1_217' title='bbox 751 2598 969 2649; x_wconf 78' lang='lat' dir='ltr'><strong>canonemt«Si</strong></span> <span class='ocrx_word' id='word_1_218' title='bbox 1003 2607 1081 2654; x_wconf 73' lang='lat' dir='ltr'><strong>erant</strong></span> <span class='ocrx_word' id='word_1_219' title='bbox 1100 2601 1129 2653; x_wconf 87' lang='lat' dir='ltr'><strong>ill</strong></span> <span class='ocrx_word' id='word_1_220' title='bbox 1156 2602 1269 2654; x_wconf 79' lang='lat' dir='ltr'><strong>nomine</strong></span> <span class='ocrx_word' id='word_1_221' title='bbox 1286 2599 1393 2652; x_wconf 81' lang='lat' dir='ltr'><strong>Domini</strong></span> <span class='ocrx_word' id='word_1_222' title='bbox 1413 2601 1488 2652; x_wconf 85' lang='lat' dir='ltr'><strong>Jesu,</strong></span> <span class='ocrx_word' id='word_1_223' title='bbox 1517 2603 1598 2653; x_wconf 82' lang='lat' dir='ltr'><strong>Tunc</strong></span> 
     </span>
     <span class='ocr_line' id='line_1_26' title="bbox 378 2681 1599 2753; baseline 0 -16"><span class='ocrx_word' id='word_1_224' title='bbox 378 2684 440 2750; x_wconf 83' lang='lat' dir='ltr'><strong>quis</strong></span> <span class='ocrx_word' id='word_1_225' title='bbox 458 2683 558 2736; x_wconf 82' lang='lat' dir='ltr'><strong>dixerit</strong></span> <span class='ocrx_word' id='word_1_226' title='bbox 579 2681 821 2735; x_wconf 81' lang='lat' dir='ltr'><strong>confirmationem</strong></span> <span class='ocrx_word' id='word_1_227' title='bbox 846 2681 969 2747; x_wconf 88' lang='lat' dir='ltr'><strong>baptiza·</strong></span> <span class='ocrx_word' id='word_1_228' title='bbox 1003 2687 1181 2753; x_wconf 78' lang='lat' dir='ltr'><strong>imponebant</strong></span> <span class='ocrx_word' id='word_1_229' title='bbox 1195 2700 1292 2740; x_wconf 85' lang='lat' dir='ltr'><strong>manus</strong></span> <span class='ocrx_word' id='word_1_230' title='bbox 1307 2699 1391 2751; x_wconf 87' lang='lat' dir='ltr'><strong>super</strong></span> <span class='ocrx_word' id='word_1_231' title='bbox 1410 2686 1489 2749; x_wconf 90' lang='lat' dir='ltr'><strong>illos,</strong></span> <span class='ocrx_word' id='word_1_232' title='bbox 1508 2690 1535 2737; x_wconf 90' lang='lat' dir='ltr'><strong>et</strong></span> <span class='ocrx_word' id='word_1_233' title='bbox 1548 2698 1599 2738; x_wconf 85' lang='lat' dir='ltr'><strong>ac·</strong></span> 
     </span>
    </p>
   </div>
   <div class='ocr_carea' id='block_1_7' title="bbox 378 2765 1605 2921">
    <p class='ocr_par' dir='ltr' id='par_1_15' title="bbox 378 2765 1605 2921">
     <span class='ocr_line' id='line_1_27' title="bbox 378 2765 1600 2840; baseline -0.006 -18"><span class='ocrx_word' id='word_1_234' title='bbox 378 2775 469 2822; x_wconf 91' lang='lat' dir='ltr'><strong>torum</strong></span> <span class='ocrx_word' id='word_1_235' title='bbox 491 2767 608 2821; x_wconf 88' lang='lat' dir='ltr'><strong>otiosam</strong></span> <span class='ocrx_word' id='word_1_236' title='bbox 635 2765 826 2819; x_wconf 89' lang='lat' dir='ltr'><strong>caeremoniam</strong></span> <span class='ocrx_word' id='word_1_237' title='bbox 846 2779 923 2831; x_wconf 85' lang='lat' dir='ltr'><strong>esse,</strong></span> <span class='ocrx_word' id='word_1_238' title='bbox 941 2772 969 2820; x_wconf 88' lang='lat' dir='ltr'><strong>et</strong></span> <span class='ocrx_word' id='word_1_239' title='bbox 1003 2772 1138 2840; x_wconf 83' lang='lat' dir='ltr'><strong>cipiebant</strong></span> <span class='ocrx_word' id='word_1_240' title='bbox 1156 2772 1284 2838; x_wconf 89' lang='lat' dir='ltr'><strong>Spiritum</strong></span> <span class='ocrx_word' id='word_1_241' title='bbox 1301 2776 1436 2824; x_wconf 75' lang='lat' dir='ltr'><strong>sanctum.</strong></span> <span class='ocrx_word' id='word_1_242' title='bbox 1450 2789 1462 2815; x_wconf 70' lang='lat' dir='ltr'><strong>s</strong></span> <span class='ocrx_word' id='word_1_243' title='bbox 1476 2769 1600 2836; x_wconf 67' lang='lat' dir='ltr'><strong>‘Liquet</strong></span> 
     </span>
     <span class='ocr_line' id='line_1_28' title="bbox 378 2851 1605 2921; baseline 0.001 -14"><span class='ocrx_word' id='word_1_244' title='bbox 378 2867 434 2907; x_wconf 90' lang='lat' dir='ltr'><strong>non</strong></span> <span class='ocrx_word' id='word_1_245' title='bbox 449 2855 541 2920; x_wconf 90' lang='lat' dir='ltr'><strong>potius</strong></span> <span class='ocrx_word' id='word_1_246' title='bbox 558 2865 654 2907; x_wconf 80' lang='lat' dir='ltr'><strong>rerum</strong></span> <span class='ocrx_word' id='word_1_247' title='bbox 672 2856 699 2905; x_wconf 88' lang='lat' dir='ltr'><strong>et</strong></span> <span class='ocrx_word' id='word_1_248' title='bbox 721 2851 862 2918; x_wconf 90' lang='lat' dir='ltr'><strong>proprium</strong></span> <span class='ocrx_word' id='word_1_249' title='bbox 880 2853 970 2906; x_wconf 88' lang='lat' dir='ltr'><strong>Sacra·</strong></span> <span class='ocrx_word' id='word_1_250' title='bbox 1004 2857 1076 2908; x_wconf 88' lang='lat' dir='ltr'><strong>illam</strong></span> <span class='ocrx_word' id='word_1_251' title='bbox 1106 2869 1237 2908; x_wconf 90' lang='lat' dir='ltr'><strong>manuum</strong></span> <span class='ocrx_word' id='word_1_252' title='bbox 1269 2853 1472 2921; x_wconf 88' lang='lat' dir='ltr'><strong>impositionem</strong></span> <span class='ocrx_word' id='word_1_253' title='bbox 1508 2853 1605 2908; x_wconf 86' lang='lat' dir='ltr'><strong>luisse</strong></span> 
     </span>
    </p>
   </div>
   <div class='ocr_carea' id='block_1_8' title="bbox 377 3111 1607 3310">
    <p class='ocr_par' dir='ltr' id='par_1_16' title="bbox 377 3111 1607 3310">
     <span class='ocr_line' id='line_1_29' title="bbox 379 3111 1605 3170; baseline 0 -13"><span class='ocrx_word' id='word_1_254' title='bbox 379 3111 383 3118; x_wconf 78' lang='grc'><strong>’</strong></span> <span class='ocrx_word' id='word_1_255' title='bbox 406 3114 645 3170; x_wconf 65' lang='lat' dir='ltr'><strong>(liscondrmationis</strong></span> <span class='ocrx_word' id='word_1_256' title='bbox 654 3115 691 3154; x_wconf 86' lang='lat' dir='ltr'><strong>the</strong></span> <span class='ocrx_word' id='word_1_257' title='bbox 699 3113 817 3166; x_wconf 73' lang='lat' dir='ltr'><strong>perfectiora</strong></span> <span class='ocrx_word' id='word_1_258' title='bbox 829 3113 854 3154; x_wconf 77' lang='lat' dir='ltr'><strong>ot</strong></span> <span class='ocrx_word' id='word_1_259' title='bbox 865 3114 970 3166; x_wconf 77' lang='lat' dir='ltr'><strong>Baptista.</strong></span> <span class='ocrx_word' id='word_1_260' title='bbox 1004 3116 1298 3170; x_wconf 68' lang='lat' dir='ltr'><strong>ioys&#39;ngonoslsondstsrith</strong></span> <span class='ocrx_word' id='word_1_261' title='bbox 1312 3114 1404 3169; x_wconf 53' lang='lat' dir='ltr'><strong>prayer)</strong></span> <span class='ocrx_word' id='word_1_262' title='bbox 1423 3125 1484 3168; x_wconf 84' lang='lat' dir='ltr'><strong>upon</strong></span> <span class='ocrx_word' id='word_1_263' title='bbox 1500 3115 1605 3168; x_wconf 82' lang='lat' dir='ltr'><strong>hapsised:</strong></span> 
     </span>
     <span class='ocr_line' id='line_1_30' title="bbox 378 3181 1605 3237; baseline -0.002 -8"><span class='ocrx_word' id='word_1_264' title='bbox 378 3188 491 3229; x_wconf 81' lang='lat' dir='ltr'><strong>Thellocr</strong></span> <span class='ocrx_word' id='word_1_265' title='bbox 499 3187 569 3228; x_wconf 77' lang='lat' dir='ltr'><strong>osen</strong></span> <span class='ocrx_word' id='word_1_266' title='bbox 582 3185 686 3227; x_wconf 81' lang='lat' dir='ltr'><strong>descende</strong></span> <span class='ocrx_word' id='word_1_267' title='bbox 702 3181 804 3236; x_wconf 70' lang='lat' dir='ltr'><strong>invisibly</strong></span> <span class='ocrx_word' id='word_1_268' title='bbox 813 3194 872 3236; x_wconf 83' lang='lat' dir='ltr'><strong>upon</strong></span> <span class='ocrx_word' id='word_1_269' title='bbox 881 3183 936 3224; x_wconf 87' lang='lat' dir='ltr'><strong>such</strong></span> <span class='ocrx_word' id='word_1_270' title='bbox 945 3195 971 3224; x_wconf 88' lang='lat' dir='ltr'><strong>as</strong></span> <span class='ocrx_word' id='word_1_271' title='bbox 1004 3185 1108 3226; x_wconf 83' lang='lat' dir='ltr'><strong>belierars</strong></span> <span class='ocrx_word' id='word_1_272' title='bbox 1116 3196 1140 3227; x_wconf 90' lang='lat' dir='ltr'><strong>aa</strong></span> <span class='ocrx_word' id='word_1_273' title='bbox 1149 3186 1204 3227; x_wconf 88' lang='lat' dir='ltr'><strong>such</strong></span> <span class='ocrx_word' id='word_1_274' title='bbox 1213 3214 1221 3237; x_wconf 90' lang='lat'><strong>,</strong></span> <span class='ocrx_word' id='word_1_275' title='bbox 1230 3185 1250 3226; x_wconf 91' lang='lat' dir='ltr'><strong>is</strong></span> <span class='ocrx_word' id='word_1_276' title='bbox 1260 3196 1287 3225; x_wconf 89' lang='lat' dir='ltr'><strong>an</strong></span> <span class='ocrx_word' id='word_1_277' title='bbox 1297 3184 1417 3226; x_wconf 80' lang='lat' dir='ltr'><strong>Ordinsnee</strong></span> <span class='ocrx_word' id='word_1_278' title='bbox 1427 3184 1452 3224; x_wconf 85' lang='lat' dir='ltr'><strong>oi</strong></span> <span class='ocrx_word' id='word_1_279' title='bbox 1461 3183 1548 3236; x_wconf 88' lang='lat' dir='ltr'><strong>Christ,</strong></span> <span class='ocrx_word' id='word_1_280' title='bbox 1556 3185 1605 3226; x_wconf 62' lang='lat' dir='ltr'><strong>andi</strong></span> 
     </span>
     <span class='ocr_line' id='line_1_31' title="bbox 377 3252 1607 3310; baseline -0.004 -11"><span class='ocrx_word' id='word_1_281' title='bbox 377 3257 500 3310; x_wconf 74' lang='lat' dir='ltr'><strong>arerightlp</strong></span> <span class='ocrx_word' id='word_1_282' title='bbox 512 3255 647 3310; x_wconf 83' lang='lat' dir='ltr'><strong>preparedto</strong></span> <span class='ocrx_word' id='word_1_283' title='bbox 661 3252 806 3294; x_wconf 76' lang='lat' dir='ltr'><strong>resciresueh</strong></span> <span class='ocrx_word' id='word_1_284' title='bbox 823 3263 836 3293; x_wconf 89' lang='lat' dir='ltr'><strong>a</strong></span> <span class='ocrx_word' id='word_1_285' title='bbox 854 3252 970 3305; x_wconf 71' lang='lat' dir='ltr'><strong>hleaainn,</strong></span> <span class='ocrx_word' id='word_1_286' title='bbox 1005 3255 1074 3306; x_wconf 79' lang='lat' dir='ltr'><strong>ought</strong></span> <span class='ocrx_word' id='word_1_287' title='bbox 1083 3255 1140 3296; x_wconf 91' lang='lat' dir='ltr'><strong>tobe</strong></span> <span class='ocrx_word' id='word_1_288' title='bbox 1155 3254 1270 3296; x_wconf 87' lang='lat' dir='ltr'><strong>submitted</strong></span> <span class='ocrx_word' id='word_1_289' title='bbox 1280 3255 1332 3295; x_wconf 84' lang='lat' dir='ltr'><strong>uhto</strong></span> <span class='ocrx_word' id='word_1_290' title='bbox 1349 3253 1376 3306; x_wconf 76' lang='lat' dir='ltr'><strong>by</strong></span> <span class='ocrx_word' id='word_1_291' title='bbox 1393 3253 1421 3294; x_wconf 89' lang='lat' dir='ltr'><strong>all</strong></span> <span class='ocrx_word' id='word_1_292' title='bbox 1437 3253 1492 3293; x_wconf 92' lang='lat' dir='ltr'><strong>such</strong></span> <span class='ocrx_word' id='word_1_293' title='bbox 1508 3263 1607 3306; x_wconf 65' lang='lat' dir='ltr'><strong>persons</strong></span> 
     </span>
    </p>
   </div>
   <div class='ocr_carea' id='block_1_9' title="bbox 378 3321 1665 3377">
    <p class='ocr_par' dir='ltr' id='par_1_17' title="bbox 378 3321 1665 3377">
     <span class='ocr_line' id='line_1_32' title="bbox 378 3321 1665 3377; baseline -0.012 -6"><span class='ocrx_word' id='word_1_294' title='bbox 378 3342 403 3372; x_wconf 87' lang='lat' dir='ltr'><strong>aa</strong></span> <span class='ocrx_word' id='word_1_295' title='bbox 412 3335 434 3370; x_wconf 92' lang='lat' dir='ltr'><strong>at</strong></span> <span class='ocrx_word' id='word_1_296' title='bbox 451 3330 488 3370; x_wconf 87' lang='lat' dir='ltr'><strong>tha</strong></span> <span class='ocrx_word' id='word_1_297' title='bbox 497 3329 543 3370; x_wconf 87' lang='lat' dir='ltr'><strong>drat</strong></span> <span class='ocrx_word' id='word_1_298' title='bbox 560 3327 592 3368; x_wconf 82' lang='lat' dir='ltr'><strong>lla</strong></span> <span class='ocrx_word' id='word_1_299' title='bbox 608 3337 669 3367; x_wconf 90' lang='lat' dir='ltr'><strong>came</strong></span> <span class='ocrx_word' id='word_1_300' title='bbox 685 3324 763 3377; x_wconf 72' lang='lat' dir='ltr'><strong>risiblp</strong></span> <span class='ocrx_word' id='word_1_301' title='bbox 774 3334 834 3376; x_wconf 85' lang='lat' dir='ltr'><strong>upon</strong></span> <span class='ocrx_word' id='word_1_302' title='bbox 843 3323 906 3365; x_wconf 85' lang='lat' dir='ltr'><strong>thoas</strong></span> <span class='ocrx_word' id='word_1_303' title='bbox 924 3322 972 3363; x_wconf 85' lang='lat' dir='ltr'><strong>thal</strong></span> <span class='ocrx_word' id='word_1_304' title='bbox 1005 3324 1052 3365; x_wconf 87' lang='lat' dir='ltr'><strong>that</strong></span> <span class='ocrx_word' id='word_1_305' title='bbox 1063 3335 1100 3365; x_wconf 88' lang='lat' dir='ltr'><strong>are</strong></span> <span class='ocrx_word' id='word_1_306' title='bbox 1109 3321 1372 3376; x_wconf 82' lang='lat' dir='ltr'><strong>admittedtopartalreol</strong></span> <span class='ocrx_word' id='word_1_307' title='bbox 1378 3321 1496 3362; x_wconf 81' lang='lat' dir='ltr'><strong>thabord&#39;a</strong></span> <span class='ocrx_word' id='word_1_308' title='bbox 1506 3321 1606 3374; x_wconf 67' lang='lat' dir='ltr'><strong>Snpper,</strong></span> <span class='ocrx_word' id='word_1_309' title='bbox 1652 3337 1665 3356; x_wconf 66' lang='lat' dir='ltr'><strong>a</strong></span> 
     </span>
    </p>
   </div>
   <div class='ocr_carea' id='block_1_10' title="bbox 378 3389 1609 4765">
    <p class='ocr_par' dir='ltr' id='par_1_18' title="bbox 378 3389 1609 4765">
     <span class='ocr_line' id='line_1_33' title="bbox 378 3389 1601 3451; baseline -0.009 -10"><span class='ocrx_word' id='word_1_310' title='bbox 378 3395 595 3451; x_wconf 84' lang='lat' dir='ltr'><strong>badbeenbaptised.</strong></span> <span class='ocrx_word' id='word_1_311' title='bbox 608 3394 711 3447; x_wconf 81' lang='lat' dir='ltr'><strong>»Bishop</strong></span> <span class='ocrx_word' id='word_1_312' title='bbox 718 3392 820 3433; x_wconf 78' lang='lat' dir='ltr'><strong>wilson&#39;s</strong></span> <span class='ocrx_word' id='word_1_313' title='bbox 837 3391 973 3433; x_wconf 67' lang='lat' dir='ltr'><strong>Heditations</strong></span> <span class='ocrx_word' id='word_1_314' title='bbox 1005 3392 1048 3434; x_wconf 89' lang='lat' dir='ltr'><strong>and</strong></span> <span class='ocrx_word' id='word_1_315' title='bbox 1056 3393 1104 3433; x_wconf 88' lang='lat' dir='ltr'><strong>that</strong></span> <span class='ocrx_word' id='word_1_316' title='bbox 1112 3393 1148 3434; x_wconf 89' lang='lat' dir='ltr'><strong>the</strong></span> <span class='ocrx_word' id='word_1_317' title='bbox 1157 3393 1198 3434; x_wconf 89' lang='lat' dir='ltr'><strong>end</strong></span> <span class='ocrx_word' id='word_1_318' title='bbox 1209 3393 1234 3433; x_wconf 78' lang='lat' dir='ltr'><strong>ot</strong></span> <span class='ocrx_word' id='word_1_319' title='bbox 1239 3392 1283 3433; x_wconf 87' lang='lat' dir='ltr'><strong>thia</strong></span> <span class='ocrx_word' id='word_1_320' title='bbox 1292 3390 1408 3432; x_wconf 87' lang='lat' dir='ltr'><strong>ordinance</strong></span> <span class='ocrx_word' id='word_1_321' title='bbox 1424 3389 1444 3431; x_wconf 85' lang='lat' dir='ltr'><strong>ia</strong></span> <span class='ocrx_word' id='word_1_322' title='bbox 1459 3395 1497 3430; x_wconf 86' lang='lat' dir='ltr'><strong>not</strong></span> <span class='ocrx_word' id='word_1_323' title='bbox 1513 3390 1547 3430; x_wconf 85' lang='lat' dir='ltr'><strong>lor</strong></span> <span class='ocrx_word' id='word_1_324' title='bbox 1561 3390 1601 3432; x_wconf 81' lang='lat' dir='ltr'><strong>tha</strong></span> 
     </span>
     <span class='ocr_line' id='line_1_34' title="bbox 378 3454 1600 3515; baseline -0.01 -2"><span class='ocrx_word' id='word_1_325' title='bbox 378 3480 407 3510; x_wconf 82' lang='lat' dir='ltr'><strong>on</strong></span> <span class='ocrx_word' id='word_1_326' title='bbox 415 3468 450 3509; x_wconf 81' lang='lat' dir='ltr'><strong>his</strong></span> <span class='ocrx_word' id='word_1_327' title='bbox 466 3454 541 3508; x_wconf 62' lang='lat' dir='ltr'><strong>nond</strong></span> <span class='ocrx_word' id='word_1_328' title='bbox 555 3465 616 3506; x_wconf 64' lang='lat' dir='ltr'><strong>offitio</strong></span> <span class='ocrx_word' id='word_1_329' title='bbox 626 3478 631 3511; x_wconf 81' lang='lat' dir='ltr'><strong>t</strong></span> <span class='ocrx_word' id='word_1_330' title='bbox 642 3462 721 3505; x_wconf 68' lang='lat' dir='ltr'><strong>0¹f⁰td</strong></span> <span class='ocrx_word' id='word_1_331' title='bbox 730 3463 818 3511; x_wconf 77' lang='lat' dir='ltr'><strong>Tracta,</strong></span> <span class='ocrx_word' id='word_1_332' title='bbox 826 3460 868 3501; x_wconf 83' lang='lat' dir='ltr'><strong>roi.</strong></span> <span class='ocrx_word' id='word_1_333' title='bbox 878 3461 896 3500; x_wconf 83' lang='lat' dir='ltr'><strong>l.</strong></span> <span class='ocrx_word' id='word_1_334' title='bbox 904 3461 930 3500; x_wconf 80' lang='lat' dir='ltr'><strong>N.</strong></span> <span class='ocrx_word' id='word_1_335' title='bbox 940 3463 974 3500; x_wconf 69' lang='lat' dir='ltr'><strong>ot.</strong></span> <span class='ocrx_word' id='word_1_336' title='bbox 1006 3462 1163 3515; x_wconf 74' lang='lat' dir='ltr'><strong>entraordinarp</strong></span> <span class='ocrx_word' id='word_1_337' title='bbox 1171 3462 1223 3513; x_wconf 73' lang='lat' dir='ltr'><strong>gitta</strong></span> <span class='ocrx_word' id='word_1_338' title='bbox 1231 3462 1256 3502; x_wconf 77' lang='lat' dir='ltr'><strong>oi</strong></span> <span class='ocrx_word' id='word_1_339' title='bbox 1262 3462 1298 3502; x_wconf 90' lang='lat' dir='ltr'><strong>the</strong></span> <span class='ocrx_word' id='word_1_340' title='bbox 1308 3461 1375 3514; x_wconf 87' lang='lat' dir='ltr'><strong>Spirit</strong></span> <span class='ocrx_word' id='word_1_341' title='bbox 1384 3488 1391 3512; x_wconf 91' lang='lat'>‚</span> <span class='ocrx_word' id='word_1_342' title='bbox 1399 3460 1438 3501; x_wconf 89' lang='lat' dir='ltr'><strong>bnt</strong></span> <span class='ocrx_word' id='word_1_343' title='bbox 1450 3459 1484 3500; x_wconf 83' lang='lat' dir='ltr'><strong>ior</strong></span> <span class='ocrx_word' id='word_1_344' title='bbox 1496 3460 1600 3501; x_wconf 73' lang='lat' dir='ltr'><strong>asanber</strong></span> 
     </span>
     <span class='ocr_line' id='line_1_35' title="bbox 379 3527 1601 3584; baseline -0.008 -6"><span class='ocrx_word' id='word_1_345' title='bbox 379 3537 510 3578; x_wconf 79' lang='lat' dir='ltr'><strong>oxonienses</strong></span> <span class='ocrx_word' id='word_1_346' title='bbox 518 3534 629 3575; x_wconf 86' lang='lat' dir='ltr'><strong>insinuant</strong></span> <span class='ocrx_word' id='word_1_347' title='bbox 642 3532 706 3572; x_wconf 84' lang='lat' dir='ltr'><strong>tidem</strong></span> <span class='ocrx_word' id='word_1_348' title='bbox 714 3531 742 3570; x_wconf 89' lang='lat' dir='ltr'><strong>de</strong></span> <span class='ocrx_word' id='word_1_349' title='bbox 751 3529 821 3580; x_wconf 66' lang='lat' dir='ltr'><strong>gratia</strong></span> <span class='ocrx_word' id='word_1_350' title='bbox 830 3527 897 3578; x_wconf 79' lang='lat' dir='ltr'><strong>hujus</strong></span> <span class='ocrx_word' id='word_1_351' title='bbox 905 3528 974 3579; x_wconf 81' lang='lat' dir='ltr'><strong>ritus,</strong></span> <span class='ocrx_word' id='word_1_352' title='bbox 1007 3531 1114 3582; x_wconf 81' lang='lat' dir='ltr'><strong>receptior</strong></span> <span class='ocrx_word' id='word_1_353' title='bbox 1130 3531 1155 3572; x_wconf 82' lang='lat' dir='ltr'><strong>ot</strong></span> <span class='ocrx_word' id='word_1_354' title='bbox 1170 3531 1207 3571; x_wconf 87' lang='lat' dir='ltr'><strong>the</strong></span> <span class='ocrx_word' id='word_1_355' title='bbox 1222 3532 1279 3584; x_wconf 76' lang='lat' dir='ltr'><strong>hloly</strong></span> <span class='ocrx_word' id='word_1_356' title='bbox 1295 3531 1362 3582; x_wconf 85' lang='lat' dir='ltr'><strong>spirit</strong></span> <span class='ocrx_word' id='word_1_357' title='bbox 1370 3530 1395 3571; x_wconf 84' lang='lat' dir='ltr'><strong>oi</strong></span> <span class='ocrx_word' id='word_1_358' title='bbox 1406 3530 1517 3583; x_wconf 81' lang='lat' dir='ltr'><strong>promise,</strong></span> <span class='ocrx_word' id='word_1_359' title='bbox 1533 3529 1601 3570; x_wconf 77' lang='lat' dir='ltr'><strong>orior</strong></span> 
     </span>
     <span class='ocr_line' id='line_1_36' title="bbox 379 3595 1603 3652; baseline -0.007 -6"><span class='ocrx_word' id='word_1_360' title='bbox 379 3605 436 3647; x_wconf 84' lang='lat' dir='ltr'><strong>aient</strong></span> <span class='ocrx_word' id='word_1_361' title='bbox 451 3609 473 3644; x_wconf 84' lang='lat' dir='ltr'><strong>et</strong></span> <span class='ocrx_word' id='word_1_362' title='bbox 488 3605 516 3644; x_wconf 89' lang='lat' dir='ltr'><strong>de</strong></span> <span class='ocrx_word' id='word_1_363' title='bbox 532 3599 668 3642; x_wconf 85' lang='lat' dir='ltr'><strong>absolutione</strong></span> <span class='ocrx_word' id='word_1_364' title='bbox 683 3602 705 3638; x_wconf 92' lang='lat' dir='ltr'><strong>et</strong></span> <span class='ocrx_word' id='word_1_365' title='bbox 720 3595 875 3645; x_wconf 86' lang='lat' dir='ltr'><strong>ordinatione,</strong></span> <span class='ocrx_word' id='word_1_366' title='bbox 890 3595 913 3635; x_wconf 90' lang='lat' dir='ltr'><strong>in</strong></span> <span class='ocrx_word' id='word_1_367' title='bbox 932 3606 974 3636; x_wconf 82' lang='lat' dir='ltr'><strong>sna</strong></span> <span class='ocrx_word' id='word_1_368' title='bbox 1007 3599 1043 3638; x_wconf 89' lang='lat' dir='ltr'><strong>the</strong></span> <span class='ocrx_word' id='word_1_369' title='bbox 1052 3598 1148 3639; x_wconf 73' lang='lat' dir='ltr'><strong>addition</strong></span> <span class='ocrx_word' id='word_1_370' title='bbox 1165 3600 1316 3650; x_wconf 72' lang='lat' dir='ltr'><strong>otthegraees</strong></span> <span class='ocrx_word' id='word_1_371' title='bbox 1329 3599 1354 3639; x_wconf 79' lang='lat' dir='ltr'><strong>ot</strong></span> <span class='ocrx_word' id='word_1_372' title='bbox 1365 3599 1402 3639; x_wconf 87' lang='lat' dir='ltr'><strong>the</strong></span> <span class='ocrx_word' id='word_1_373' title='bbox 1419 3599 1487 3652; x_wconf 85' lang='lat' dir='ltr'><strong>Spirit</strong></span> <span class='ocrx_word' id='word_1_374' title='bbox 1496 3627 1503 3651; x_wconf 91' lang='lat'><strong>,</strong></span> <span class='ocrx_word' id='word_1_375' title='bbox 1513 3599 1603 3640; x_wconf 85' lang='lat' dir='ltr'><strong>andtbe</strong></span> 
     </span>
     <span class='ocr_line' id='line_1_37' title="bbox 378 3663 1601 3721; baseline -0.004 -7"><span class='ocrx_word' id='word_1_376' title='bbox 378 3678 437 3715; x_wconf 84' lang='lat' dir='ltr'><strong>secta</strong></span> <span class='ocrx_word' id='word_1_377' title='bbox 445 3672 499 3713; x_wconf 88' lang='lat' dir='ltr'><strong>orali</strong></span> <span class='ocrx_word' id='word_1_378' title='bbox 507 3669 622 3711; x_wconf 80' lang='lat' dir='ltr'><strong>traditione</strong></span> <span class='ocrx_word' id='word_1_379' title='bbox 629 3664 839 3708; x_wconf 73' lang='lat' dir='ltr'><strong>semumlssome</strong></span> <span class='ocrx_word' id='word_1_380' title='bbox 846 3663 973 3715; x_wconf 61' lang='lat' dir='ltr'><strong>(moines)</strong></span> <span class='ocrx_word' id='word_1_381' title='bbox 1007 3666 1126 3710; x_wconf 88' lang='lat' dir='ltr'><strong>intluenoea</strong></span> <span class='ocrx_word' id='word_1_382' title='bbox 1141 3669 1240 3718; x_wconf 72' lang='lat' dir='ltr'><strong>aberent,</strong></span> <span class='ocrx_word' id='word_1_383' title='bbox 1257 3673 1279 3708; x_wconf 89' lang='lat' dir='ltr'><strong>to</strong></span> <span class='ocrx_word' id='word_1_384' title='bbox 1294 3667 1399 3721; x_wconf 79' lang='lat' dir='ltr'><strong>confirm,</strong></span> <span class='ocrx_word' id='word_1_385' title='bbox 1415 3669 1541 3720; x_wconf 76' lang='lat' dir='ltr'><strong>strengthen</strong></span> <span class='ocrx_word' id='word_1_386' title='bbox 1558 3667 1601 3709; x_wconf 86' lang='lat' dir='ltr'><strong>and</strong></span> 
     </span>
     <span class='ocr_line' id='line_1_38' title="bbox 379 3735 1603 3793; baseline -0.009 -6"><span class='ocrx_word' id='word_1_387' title='bbox 379 3745 495 3787; x_wconf 75' lang='lat' dir='ltr'><strong>lincheon</strong></span> <span class='ocrx_word' id='word_1_388' title='bbox 505 3741 600 3784; x_wconf 73' lang='lat' dir='ltr'><strong>retained</strong></span> <span class='ocrx_word' id='word_1_389' title='bbox 612 3740 641 3793; x_wconf 69' lang='lat' dir='ltr'><strong>by</strong></span> <span class='ocrx_word' id='word_1_390' title='bbox 657 3738 704 3779; x_wconf 85' lang='lat' dir='ltr'><strong>oral</strong></span> <span class='ocrx_word' id='word_1_391' title='bbox 721 3735 839 3788; x_wconf 76' lang='lat' dir='ltr'><strong>tradition,</strong></span> <span class='ocrx_word' id='word_1_392' title='bbox 854 3735 896 3776; x_wconf 88' lang='lat' dir='ltr'><strong>and</strong></span> <span class='ocrx_word' id='word_1_393' title='bbox 906 3735 975 3775; x_wconf 83' lang='lat' dir='ltr'><strong>main-</strong></span> <span class='ocrx_word' id='word_1_394' title='bbox 1007 3736 1098 3778; x_wconf 75' lang='lat' dir='ltr'><strong>comfort</strong></span> <span class='ocrx_word' id='word_1_395' title='bbox 1114 3738 1204 3778; x_wconf 84' lang='lat' dir='ltr'><strong>thamin</strong></span> <span class='ocrx_word' id='word_1_396' title='bbox 1222 3737 1295 3780; x_wconf 87' lang='lat' dir='ltr'><strong>Christ</strong></span> <span class='ocrx_word' id='word_1_397' title='bbox 1308 3738 1371 3778; x_wconf 85' lang='lat' dir='ltr'><strong>Jeaus</strong></span> <span class='ocrx_word' id='word_1_398' title='bbox 1379 3753 1386 3784; x_wconf 65' lang='grc' dir='ltr'><strong>ς</strong></span> <span class='ocrx_word' id='word_1_399' title='bbox 1403 3737 1421 3778; x_wconf 81' lang='lat' dir='ltr'><strong>it</strong></span> <span class='ocrx_word' id='word_1_400' title='bbox 1435 3737 1500 3789; x_wconf 75' lang='lat' dir='ltr'><strong>being</strong></span> <span class='ocrx_word' id='word_1_401' title='bbox 1517 3735 1603 3777; x_wconf 82' lang='lat' dir='ltr'><strong>ratided</strong></span> 
     </span>
     <span class='ocr_line' id='line_1_39' title="bbox 378 3804 1603 3868; baseline -0.01 -10"><span class='ocrx_word' id='word_1_402' title='bbox 378 3816 450 3858; x_wconf 84' lang='lat' dir='ltr'><strong>tained</strong></span> <span class='ocrx_word' id='word_1_403' title='bbox 459 3816 486 3868; x_wconf 76' lang='lat' dir='ltr'><strong>hy</strong></span> <span class='ocrx_word' id='word_1_404' title='bbox 502 3814 541 3854; x_wconf 92' lang='lat' dir='ltr'><strong>her</strong></span> <span class='ocrx_word' id='word_1_405' title='bbox 553 3809 647 3852; x_wconf 82' lang='lat' dir='ltr'><strong>uniiosm</strong></span> <span class='ocrx_word' id='word_1_406' title='bbox 659 3807 723 3860; x_wconf 77' lang='lat' dir='ltr'><strong>spirit</strong></span> <span class='ocrx_word' id='word_1_407' title='bbox 736 3806 761 3848; x_wconf 84' lang='lat' dir='ltr'><strong>oi</strong></span> <span class='ocrx_word' id='word_1_408' title='bbox 775 3806 886 3847; x_wconf 84' lang='lat' dir='ltr'><strong>delerence</strong></span> <span class='ocrx_word' id='word_1_409' title='bbox 898 3810 921 3845; x_wconf 84' lang='lat' dir='ltr'><strong>tu</strong></span> <span class='ocrx_word' id='word_1_410' title='bbox 937 3804 975 3844; x_wconf 89' lang='lat' dir='ltr'><strong>the</strong></span> <span class='ocrx_word' id='word_1_411' title='bbox 1008 3805 1050 3847; x_wconf 86' lang='lat' dir='ltr'><strong>and</strong></span> <span class='ocrx_word' id='word_1_412' title='bbox 1059 3806 1189 3848; x_wconf 77' lang='lat' dir='ltr'><strong>established</strong></span> <span class='ocrx_word' id='word_1_413' title='bbox 1206 3805 1233 3859; x_wconf 72' lang='lat' dir='ltr'><strong>by</strong></span> <span class='ocrx_word' id='word_1_414' title='bbox 1248 3807 1286 3847; x_wconf 89' lang='lat' dir='ltr'><strong>the</strong></span> <span class='ocrx_word' id='word_1_415' title='bbox 1298 3807 1457 3860; x_wconf 76' lang='lat' dir='ltr'><strong>extraordinary</strong></span> <span class='ocrx_word' id='word_1_416' title='bbox 1473 3806 1524 3858; x_wconf 69' lang='lat' dir='ltr'><strong>gitta</strong></span> <span class='ocrx_word' id='word_1_417' title='bbox 1533 3805 1603 3847; x_wconf 86' lang='lat' dir='ltr'><strong>olthe</strong></span> 
     </span>
     <span class='ocr_line' id='line_1_40' title="bbox 380 3873 1605 3938; baseline -0.009 -11"><span class='ocrx_word' id='word_1_418' title='bbox 380 3876 746 3938; x_wconf 56' lang='lat' dir='ltr'><strong>earlJChnrchffhosehallosed</strong></span> <span class='ocrx_word' id='word_1_419' title='bbox 760 3876 819 3928; x_wconf 85' lang='lat' dir='ltr'><strong>lamp</strong></span> <span class='ocrx_word' id='word_1_420' title='bbox 836 3874 876 3915; x_wconf 91' lang='lat' dir='ltr'><strong>she</strong></span> <span class='ocrx_word' id='word_1_421' title='bbox 893 3873 973 3914; x_wconf 85' lang='lat' dir='ltr'><strong>carries</strong></span> <span class='ocrx_word' id='word_1_422' title='bbox 1009 3874 1076 3928; x_wconf 80' lang='lat' dir='ltr'><strong>spirit</strong></span> <span class='ocrx_word' id='word_1_423' title='bbox 1091 3874 1113 3916; x_wconf 90' lang='lat' dir='ltr'><strong>in</strong></span> <span class='ocrx_word' id='word_1_424' title='bbox 1133 3875 1171 3916; x_wconf 87' lang='lat' dir='ltr'><strong>the</strong></span> <span class='ocrx_word' id='word_1_425' title='bbox 1189 3875 1298 3928; x_wconf 80' lang='lat' dir='ltr'><strong>primitive</strong></span> <span class='ocrx_word' id='word_1_426' title='bbox 1315 3874 1391 3926; x_wconf 85' lang='lat' dir='ltr'><strong>times,</strong></span> <span class='ocrx_word' id='word_1_427' title='bbox 1404 3881 1426 3917; x_wconf 91' lang='lat' dir='ltr'><strong>to</strong></span> <span class='ocrx_word' id='word_1_428' title='bbox 1449 3875 1511 3917; x_wconf 88' lang='lat' dir='ltr'><strong>abide</strong></span> <span class='ocrx_word' id='word_1_429' title='bbox 1523 3875 1546 3915; x_wconf 91' lang='lat' dir='ltr'><strong>in</strong></span> <span class='ocrx_word' id='word_1_430' title='bbox 1563 3875 1605 3916; x_wconf 81' lang='lat' dir='ltr'><strong>ths</strong></span> 
     </span>
     <span class='ocr_line' id='line_1_41' title="bbox 380 3943 1602 4002; baseline -0.011 -5"><span class='ocrx_word' id='word_1_431' title='bbox 380 3966 425 4002; x_wconf 87' lang='lat' dir='ltr'><strong>on,</strong></span> <span class='ocrx_word' id='word_1_432' title='bbox 440 3953 481 3994; x_wconf 88' lang='lat' dir='ltr'><strong>and</strong></span> <span class='ocrx_word' id='word_1_433' title='bbox 491 3952 564 3995; x_wconf 71' lang='lat' dir='ltr'><strong>whose</strong></span> <span class='ocrx_word' id='word_1_434' title='bbox 578 3946 695 3989; x_wconf 84' lang='lat' dir='ltr'><strong>haudmaid</strong></span> <span class='ocrx_word' id='word_1_435' title='bbox 710 3947 751 3987; x_wconf 88' lang='lat' dir='ltr'><strong>she</strong></span> <span class='ocrx_word' id='word_1_436' title='bbox 766 3945 793 3986; x_wconf 89' lang='lat' dir='ltr'><strong>is.</strong></span> <span class='ocrx_word' id='word_1_437' title='bbox 804 3944 863 3986; x_wconf 81' lang='lat' dir='ltr'><strong>Such</strong></span> <span class='ocrx_word' id='word_1_438' title='bbox 873 3971 880 3995; x_wconf 94' lang='lat'>‚</span> <span class='ocrx_word' id='word_1_439' title='bbox 893 3943 927 3984; x_wconf 77' lang='lat' dir='ltr'><strong>ior</strong></span> <span class='ocrx_word' id='word_1_440' title='bbox 940 3943 973 3984; x_wconf 89' lang='lat' dir='ltr'><strong>in-</strong></span> <span class='ocrx_word' id='word_1_441' title='bbox 1005 3945 1092 3988; x_wconf 80' lang='lat' dir='ltr'><strong>chureh</strong></span> <span class='ocrx_word' id='word_1_442' title='bbox 1102 3956 1126 3987; x_wconf 85' lang='lat' dir='ltr'><strong>aa</strong></span> <span class='ocrx_word' id='word_1_443' title='bbox 1134 3945 1228 3997; x_wconf 76' lang='lat' dir='ltr'><strong>meeting</strong></span> <span class='ocrx_word' id='word_1_444' title='bbox 1238 3945 1336 3997; x_wconf 76' lang='lat' dir='ltr'><strong>together</strong></span> <span class='ocrx_word' id='word_1_445' title='bbox 1343 3957 1371 3986; x_wconf 90' lang='lat' dir='ltr'><strong>on</strong></span> <span class='ocrx_word' id='word_1_446' title='bbox 1381 3945 1418 3985; x_wconf 88' lang='lat' dir='ltr'><strong>the</strong></span> <span class='ocrx_word' id='word_1_447' title='bbox 1425 3945 1473 3986; x_wconf 78' lang='lat' dir='ltr'><strong>first</strong></span> <span class='ocrx_word' id='word_1_448' title='bbox 1483 3944 1524 3997; x_wconf 73' lang='lat' dir='ltr'><strong>dap</strong></span> <span class='ocrx_word' id='word_1_449' title='bbox 1533 3943 1558 3984; x_wconf 77' lang='lat' dir='ltr'><strong>oi</strong></span> <span class='ocrx_word' id='word_1_450' title='bbox 1563 3944 1602 3984; x_wconf 87' lang='lat' dir='ltr'><strong>tha</strong></span> 
     </span>
     <span class='ocr_line' id='line_1_42' title="bbox 381 4013 1603 4077; baseline -0.011 -12"><span class='ocrx_word' id='word_1_451' title='bbox 381 4029 470 4074; x_wconf 84' lang='lat' dir='ltr'><strong>stance,</strong></span> <span class='ocrx_word' id='word_1_452' title='bbox 485 4023 504 4063; x_wconf 89' lang='lat' dir='ltr'><strong>is</strong></span> <span class='ocrx_word' id='word_1_453' title='bbox 516 4021 555 4062; x_wconf 88' lang='lat' dir='ltr'><strong>her</strong></span> <span class='ocrx_word' id='word_1_454' title='bbox 569 4018 623 4062; x_wconf 75' lang='lat' dir='ltr'><strong>view</strong></span> <span class='ocrx_word' id='word_1_455' title='bbox 639 4017 711 4059; x_wconf 80' lang='lat' dir='ltr'><strong>otthe</strong></span> <span class='ocrx_word' id='word_1_456' title='bbox 726 4013 827 4069; x_wconf 84' lang='lat' dir='ltr'><strong>spiritual</strong></span> <span class='ocrx_word' id='word_1_457' title='bbox 843 4014 933 4077; x_wconf 72' lang='lat' dir='ltr'><strong>beneffls</strong></span> <span class='ocrx_word' id='word_1_458' title='bbox 950 4013 975 4054; x_wconf 82' lang='lat' dir='ltr'><strong>ot</strong></span> <span class='ocrx_word' id='word_1_459' title='bbox 1006 4015 1064 4057; x_wconf 59' lang='grc' dir='ltr'><strong>περὶ</strong></span> <span class='ocrx_word' id='word_1_460' title='bbox 1083 4027 1128 4057; x_wconf 75' lang='lat' dir='ltr'><strong>uras</strong></span> <span class='ocrx_word' id='word_1_461' title='bbox 1146 4016 1193 4056; x_wconf 87' lang='lat' dir='ltr'><strong>that</strong></span> <span class='ocrx_word' id='word_1_462' title='bbox 1210 4013 1276 4066; x_wconf 74' lang='lat' dir='ltr'><strong>being</strong></span> <span class='ocrx_word' id='word_1_463' title='bbox 1298 4015 1335 4054; x_wconf 89' lang='lat' dir='ltr'><strong>the</strong></span> <span class='ocrx_word' id='word_1_464' title='bbox 1354 4013 1395 4067; x_wconf 72' lang='lat' dir='ltr'><strong>dap</strong></span> <span class='ocrx_word' id='word_1_465' title='bbox 1412 4013 1436 4054; x_wconf 85' lang='lat' dir='ltr'><strong>oi</strong></span> <span class='ocrx_word' id='word_1_466' title='bbox 1448 4013 1562 4065; x_wconf 71' lang='lat' dir='ltr'><strong>worship,</strong></span> <span class='ocrx_word' id='word_1_467' title='bbox 1576 4017 1603 4052; x_wconf 81' lang='lat' dir='ltr'><strong>or</strong></span> 
     </span>
     <span class='ocr_line' id='line_1_43' title="bbox 381 4081 1603 4137; baseline -0.01 -4"><span class='ocrx_word' id='word_1_468' title='bbox 381 4090 504 4134; x_wconf 72' lang='lat' dir='ltr'><strong>absolutionc</strong></span> <span class='ocrx_word' id='word_1_469' title='bbox 520 4089 562 4130; x_wconf 88' lang='lat' dir='ltr'><strong>and</strong></span> <span class='ocrx_word' id='word_1_470' title='bbox 578 4085 745 4137; x_wconf 73' lang='lat' dir='ltr'><strong>confirmation,</strong></span> <span class='ocrx_word' id='word_1_471' title='bbox 769 4096 795 4126; x_wconf 90' lang='lat' dir='ltr'><strong>or</strong></span> <span class='ocrx_word' id='word_1_472' title='bbox 813 4084 850 4124; x_wconf 86' lang='lat' dir='ltr'><strong>the</strong></span> <span class='ocrx_word' id='word_1_473' title='bbox 872 4082 973 4136; x_wconf 82' lang='lat' dir='ltr'><strong>spiritual</strong></span> <span class='ocrx_word' id='word_1_474' title='bbox 1007 4083 1117 4126; x_wconf 80' lang='lat' dir='ltr'><strong>Christian</strong></span> <span class='ocrx_word' id='word_1_475' title='bbox 1135 4084 1248 4134; x_wconf 83' lang='lat' dir='ltr'><strong>sabbath,</strong></span> <span class='ocrx_word' id='word_1_476' title='bbox 1265 4083 1333 4124; x_wconf 89' lang='lat' dir='ltr'><strong>under</strong></span> <span class='ocrx_word' id='word_1_477' title='bbox 1350 4083 1387 4124; x_wconf 89' lang='lat' dir='ltr'><strong>the</strong></span> <span class='ocrx_word' id='word_1_478' title='bbox 1405 4081 1502 4134; x_wconf 85' lang='lat' dir='ltr'><strong>Gospel,</strong></span> <span class='ocrx_word' id='word_1_479' title='bbox 1518 4081 1561 4122; x_wconf 85' lang='lat' dir='ltr'><strong>and</strong></span> <span class='ocrx_word' id='word_1_480' title='bbox 1577 4091 1603 4122; x_wconf 81' lang='lat' dir='ltr'><strong>as</strong></span> 
     </span>
     <span class='ocr_line' id='line_1_44' title="bbox 382 4151 1604 4214; baseline -0.007 -13"><span class='ocrx_word' id='word_1_481' title='bbox 382 4160 433 4213; x_wconf 63' lang='lat' dir='ltr'><strong>gros</strong></span> <span class='ocrx_word' id='word_1_482' title='bbox 441 4160 464 4201; x_wconf 90' lang='lat' dir='ltr'><strong>in</strong></span> <span class='ocrx_word' id='word_1_483' title='bbox 471 4157 601 4206; x_wconf 79' lang='lat' dir='ltr'><strong>ordination,</strong></span> <span class='ocrx_word' id='word_1_484' title='bbox 609 4155 680 4197; x_wconf 69' lang='lat' dir='ltr'><strong>ehieh</strong></span> <span class='ocrx_word' id='word_1_485' title='bbox 689 4165 726 4196; x_wconf 89' lang='lat' dir='ltr'><strong>ara</strong></span> <span class='ocrx_word' id='word_1_486' title='bbox 733 4152 974 4205; x_wconf 67' lang='lat' dir='ltr'><strong>aasunedtobegreat</strong></span> <span class='ocrx_word' id='word_1_487' title='bbox 1007 4154 1125 4209; x_wconf 69' lang='lat' dir='ltr'><strong>preaching</strong></span> <span class='ocrx_word' id='word_1_488' title='bbox 1140 4154 1245 4196; x_wconf 73' lang='lat' dir='ltr'><strong>thenord</strong></span> <span class='ocrx_word' id='word_1_489' title='bbox 1262 4164 1321 4214; x_wconf 67' lang='lat' dir='ltr'><strong>nas,</strong></span> <span class='ocrx_word' id='word_1_490' title='bbox 1333 4153 1375 4194; x_wconf 86' lang='lat' dir='ltr'><strong>and</strong></span> <span class='ocrx_word' id='word_1_491' title='bbox 1391 4164 1416 4193; x_wconf 87' lang='lat' dir='ltr'><strong>as</strong></span> <span class='ocrx_word' id='word_1_492' title='bbox 1429 4151 1523 4205; x_wconf 78' lang='lat' dir='ltr'><strong>baptism</strong></span> <span class='ocrx_word' id='word_1_493' title='bbox 1542 4161 1604 4202; x_wconf 80' lang='lat' dir='ltr'><strong>aras,</strong></span> 
     </span>
     <span class='ocr_line' id='line_1_45' title="bbox 383 4221 1604 4277; baseline -0.008 -5"><span class='ocrx_word' id='word_1_494' title='bbox 383 4230 425 4271; x_wconf 85' lang='lat' dir='ltr'><strong>and</strong></span> <span class='ocrx_word' id='word_1_495' title='bbox 442 4230 485 4270; x_wconf 90' lang='lat' dir='ltr'><strong>real</strong></span> <span class='ocrx_word' id='word_1_496' title='bbox 498 4229 570 4271; x_wconf 70' lang='lat' dir='ltr'><strong>ahere</strong></span> <span class='ocrx_word' id='word_1_497' title='bbox 584 4227 645 4268; x_wconf 86' lang='lat' dir='ltr'><strong>theae</strong></span> <span class='ocrx_word' id='word_1_498' title='bbox 661 4225 789 4267; x_wconf 87' lang='lat' dir='ltr'><strong>ordinanees</strong></span> <span class='ocrx_word' id='word_1_499' title='bbox 807 4234 845 4264; x_wconf 87' lang='lat' dir='ltr'><strong>are</strong></span> <span class='ocrx_word' id='word_1_500' title='bbox 860 4222 912 4275; x_wconf 70' lang='lat' dir='ltr'><strong>duty</strong></span> <span class='ocrx_word' id='word_1_501' title='bbox 932 4221 975 4262; x_wconf 88' lang='lat' dir='ltr'><strong>and</strong></span> <span class='ocrx_word' id='word_1_502' title='bbox 1008 4223 1050 4266; x_wconf 85' lang='lat' dir='ltr'><strong>and</strong></span> <span class='ocrx_word' id='word_1_503' title='bbox 1068 4234 1211 4277; x_wconf 71' lang='lat' dir='ltr'><strong>preparata,</strong></span> <span class='ocrx_word' id='word_1_504' title='bbox 1226 4224 1269 4264; x_wconf 87' lang='lat' dir='ltr'><strong>and</strong></span> <span class='ocrx_word' id='word_1_505' title='bbox 1282 4222 1370 4274; x_wconf 66' lang='lat' dir='ltr'><strong>ainging</strong></span> <span class='ocrx_word' id='word_1_506' title='bbox 1384 4222 1467 4275; x_wconf 87' lang='lat' dir='ltr'><strong>psalma</strong></span> <span class='ocrx_word' id='word_1_507' title='bbox 1481 4226 1523 4262; x_wconf 85' lang='lat' dir='ltr'><strong>etc.</strong></span> <span class='ocrx_word' id='word_1_508' title='bbox 1541 4232 1604 4272; x_wconf 69' lang='lat' dir='ltr'><strong>was,</strong></span> 
     </span>
     <span class='ocr_line' id='line_1_46' title="bbox 383 4290 1608 4352; baseline -0.007 -12"><span class='ocrx_word' id='word_1_509' title='bbox 383 4299 589 4352; x_wconf 66' lang='lat' dir='ltr'><strong>northilpreeeirem</strong></span> <span class='ocrx_word' id='word_1_510' title='bbox 598 4299 637 4340; x_wconf 91' lang='lat' dir='ltr'><strong>bnt</strong></span> <span class='ocrx_word' id='word_1_511' title='bbox 646 4293 976 4350; x_wconf 64' lang='lat' dir='ltr'><strong>whattheparedsnotdogma-</strong></span> <span class='ocrx_word' id='word_1_512' title='bbox 1009 4303 1034 4334; x_wconf 90' lang='lat' dir='ltr'><strong>ao</strong></span> <span class='ocrx_word' id='word_1_513' title='bbox 1043 4291 1087 4332; x_wconf 89' lang='lat' dir='ltr'><strong>thia</strong></span> <span class='ocrx_word' id='word_1_514' title='bbox 1101 4292 1125 4332; x_wconf 85' lang='lat' dir='ltr'><strong>ci</strong></span> <span class='ocrx_word' id='word_1_515' title='bbox 1137 4292 1210 4345; x_wconf 71' lang='lat' dir='ltr'><strong>lupiag</strong></span> <span class='ocrx_word' id='word_1_516' title='bbox 1224 4302 1252 4332; x_wconf 89' lang='lat' dir='ltr'><strong>on</strong></span> <span class='ocrx_word' id='word_1_517' title='bbox 1269 4291 1295 4332; x_wconf 86' lang='lat' dir='ltr'><strong>ol</strong></span> <span class='ocrx_word' id='word_1_518' title='bbox 1308 4291 1378 4332; x_wconf 88' lang='lat' dir='ltr'><strong>hands</strong></span> <span class='ocrx_word' id='word_1_519' title='bbox 1395 4301 1447 4334; x_wconf 68' lang='lat' dir='ltr'><strong>aas.</strong></span> <span class='ocrx_word' id='word_1_520' title='bbox 1468 4291 1510 4332; x_wconf 81' lang='lat' dir='ltr'><strong>For</strong></span> <span class='ocrx_word' id='word_1_521' title='bbox 1522 4301 1548 4332; x_wconf 93' lang='lat' dir='ltr'><strong>as</strong></span> <span class='ocrx_word' id='word_1_522' title='bbox 1566 4290 1608 4332; x_wconf 85' lang='lat' dir='ltr'><strong>the</strong></span> 
     </span>
     <span class='ocr_line' id='line_1_47' title="bbox 383 4358 1607 4420; baseline -0.005 -14"><span class='ocrx_word' id='word_1_523' title='bbox 383 4367 604 4420; x_wconf 76' lang='lat' dir='ltr'><strong>tieallpenuneiated,</strong></span> <span class='ocrx_word' id='word_1_524' title='bbox 617 4367 682 4418; x_wconf 66' lang='lat' dir='ltr'><strong>being</strong></span> <span class='ocrx_word' id='word_1_525' title='bbox 699 4363 976 4420; x_wconf 70' lang='lat' dir='ltr'><strong>preauppoaedssalreadp</strong></span> <span class='ocrx_word' id='word_1_526' title='bbox 1010 4359 1162 4412; x_wconf 71' lang='lat' dir='ltr'><strong>wholegospel</strong></span> <span class='ocrx_word' id='word_1_527' title='bbox 1174 4358 1386 4412; x_wconf 77' lang='lat' dir='ltr'><strong>wasconstrmsddy</strong></span> <span class='ocrx_word' id='word_1_528' title='bbox 1403 4359 1464 4411; x_wconf 74' lang='lat' dir='ltr'><strong>signa</strong></span> <span class='ocrx_word' id='word_1_529' title='bbox 1481 4359 1530 4400; x_wconf 76' lang='lat' dir='ltr'><strong>aad</strong></span> <span class='ocrx_word' id='word_1_530' title='bbox 1546 4369 1607 4401; x_wconf 76' lang='lat' dir='ltr'><strong>ston-</strong></span> 
     </span>
     <span class='ocr_line' id='line_1_48' title="bbox 384 4427 1607 4487; baseline -0.007 -11"><span class='ocrx_word' id='word_1_531' title='bbox 384 4437 474 4487; x_wconf 78' lang='lat' dir='ltr'><strong>hnotrn,</strong></span> <span class='ocrx_word' id='word_1_532' title='bbox 485 4435 581 4487; x_wconf 73' lang='lat' dir='ltr'><strong>through</strong></span> <span class='ocrx_word' id='word_1_533' title='bbox 594 4433 761 4476; x_wconf 77' lang='lat' dir='ltr'><strong>thesucoesaire</strong></span> <span class='ocrx_word' id='word_1_534' title='bbox 775 4431 877 4483; x_wconf 73' lang='lat' dir='ltr'><strong>teacbing</strong></span> <span class='ocrx_word' id='word_1_535' title='bbox 897 4431 922 4471; x_wconf 80' lang='lat' dir='ltr'><strong>ot</strong></span> <span class='ocrx_word' id='word_1_536' title='bbox 937 4431 977 4470; x_wconf 92' lang='lat' dir='ltr'><strong>her</strong></span> <span class='ocrx_word' id='word_1_537' title='bbox 1010 4428 1070 4476; x_wconf 78' lang='lat' dir='ltr'><strong>ders,</strong></span> <span class='ocrx_word' id='word_1_538' title='bbox 1080 4427 1128 4468; x_wconf 78' lang='lat' dir='ltr'><strong>aad</strong></span> <span class='ocrx_word' id='word_1_539' title='bbox 1135 4427 1207 4470; x_wconf 76' lang='lat' dir='ltr'><strong>divers</strong></span> <span class='ocrx_word' id='word_1_540' title='bbox 1217 4427 1376 4470; x_wconf 68' lang='lat' dir='ltr'><strong>murmurant</strong></span> <span class='ocrx_word' id='word_1_541' title='bbox 1390 4427 1443 4481; x_wconf 62' lang='lat' dir='ltr'><strong>gusta</strong></span> <span class='ocrx_word' id='word_1_542' title='bbox 1458 4427 1485 4479; x_wconf 87' lang='lat' dir='ltr'><strong>os</strong></span> <span class='ocrx_word' id='word_1_543' title='bbox 1496 4427 1535 4469; x_wconf 75' lang='lat' dir='ltr'><strong>sie</strong></span> <span class='ocrx_word' id='word_1_544' title='bbox 1547 4427 1607 4483; x_wconf 76' lang='lat' dir='ltr'><strong>Holy</strong></span> 
     </span>
     <span class='ocr_line' id='line_1_49' title="bbox 384 4495 1609 4555; baseline -0.012 -9"><span class='ocrx_word' id='word_1_545' title='bbox 384 4505 499 4547; x_wconf 68' lang='lat' dir='ltr'><strong>liniarem.</strong></span> <span class='ocrx_word' id='word_1_546' title='bbox 513 4516 525 4542; x_wconf 72' lang='lat' dir='ltr'><strong>a</strong></span> <span class='ocrx_word' id='word_1_547' title='bbox 539 4504 618 4547; x_wconf 81' lang='lat' dir='ltr'><strong>Ostord</strong></span> <span class='ocrx_word' id='word_1_548' title='bbox 626 4505 710 4555; x_wconf 77' lang='lat' dir='ltr'><strong>Tracta,</strong></span> <span class='ocrx_word' id='word_1_549' title='bbox 720 4503 768 4544; x_wconf 77' lang='lat' dir='ltr'><strong>Vol.</strong></span> <span class='ocrx_word' id='word_1_550' title='bbox 777 4502 812 4543; x_wconf 76' lang='lat' dir='ltr'><strong>lv.</strong></span> <span class='ocrx_word' id='word_1_551' title='bbox 822 4503 847 4542; x_wconf 80' lang='lat' dir='ltr'><strong>N.</strong></span> <span class='ocrx_word' id='word_1_552' title='bbox 856 4506 889 4541; x_wconf 83' lang='lat' dir='ltr'><strong>tlt.</strong></span> <span class='ocrx_word' id='word_1_553' title='bbox 1012 4495 1079 4538; x_wconf 80' lang='lat' dir='ltr'><strong>Glsoat</strong></span> <span class='ocrx_word' id='word_1_554' title='bbox 1089 4495 1112 4536; x_wconf 88' lang='lat' dir='ltr'><strong>in</strong></span> <span class='ocrx_word' id='word_1_555' title='bbox 1118 4496 1218 4548; x_wconf 72' lang='lat' dir='ltr'><strong>general,</strong></span> <span class='ocrx_word' id='word_1_556' title='bbox 1234 4507 1259 4538; x_wconf 85' lang='lat' dir='ltr'><strong>so</strong></span> <span class='ocrx_word' id='word_1_557' title='bbox 1267 4505 1311 4539; x_wconf 75' lang='lat' dir='ltr'><strong>tras</strong></span> <span class='ocrx_word' id='word_1_558' title='bbox 1323 4507 1386 4550; x_wconf 68' lang='lat' dir='ltr'><strong>every</strong></span> <span class='ocrx_word' id='word_1_559' title='bbox 1403 4495 1521 4538; x_wconf 72' lang='lat' dir='ltr'><strong>ordinariae</strong></span> <span class='ocrx_word' id='word_1_560' title='bbox 1536 4495 1559 4538; x_wconf 74' lang='lat' dir='ltr'><strong>in</strong></span> <span class='ocrx_word' id='word_1_561' title='bbox 1568 4496 1609 4538; x_wconf 68' lang='lat' dir='ltr'><strong>tha</strong></span> 
     </span>
     <span class='ocr_line' id='line_1_50' title="bbox 410 4564 1469 4625; baseline -0.009 -11"><span class='ocrx_word' id='word_1_562' title='bbox 410 4574 437 4625; x_wconf 81' lang='lat' dir='ltr'><strong>(t)</strong></span> <span class='ocrx_word' id='word_1_563' title='bbox 446 4574 471 4614; x_wconf 90' lang='lat' dir='ltr'><strong>ln</strong></span> <span class='ocrx_word' id='word_1_564' title='bbox 479 4571 669 4613; x_wconf 83' lang='lat' dir='ltr'><strong>tldeiconiessione</strong></span> <span class='ocrx_word' id='word_1_565' title='bbox 681 4581 748 4623; x_wconf 84' lang='lat' dir='ltr'><strong>qnam</strong></span> <span class='ocrx_word' id='word_1_566' title='bbox 756 4570 887 4623; x_wconf 83' lang='lat' dir='ltr'><strong>adoptarunt</strong></span> <span class='ocrx_word' id='word_1_567' title='bbox 905 4567 979 4619; x_wconf 86' lang='lat' dir='ltr'><strong>Bapti-</strong></span> <span class='ocrx_word' id='word_1_568' title='bbox 1011 4565 1055 4606; x_wconf 81' lang='lat' dir='ltr'><strong>lile</strong></span> <span class='ocrx_word' id='word_1_569' title='bbox 1063 4576 1154 4606; x_wconf 85' lang='lat' dir='ltr'><strong>manner</strong></span> <span class='ocrx_word' id='word_1_570' title='bbox 1161 4564 1278 4606; x_wconf 77' lang='lat' dir='ltr'><strong>confirmed</strong></span> <span class='ocrx_word' id='word_1_571' title='bbox 1288 4565 1310 4606; x_wconf 88' lang='lat' dir='ltr'><strong>in</strong></span> <span class='ocrx_word' id='word_1_572' title='bbox 1319 4564 1443 4618; x_wconf 85' lang='lat' dir='ltr'><strong>particular.</strong></span> <span class='ocrx_word' id='word_1_573' title='bbox 1457 4577 1469 4604; x_wconf 82' lang='lat' dir='ltr'><strong>n</strong></span> 
     </span>
     <span class='ocr_line' id='line_1_51' title="bbox 386 4633 1416 4692; baseline -0.008 -10"><span class='ocrx_word' id='word_1_574' title='bbox 386 4648 425 4682; x_wconf 77' lang='lat' dir='ltr'><strong>sta</strong></span> <span class='ocrx_word' id='word_1_575' title='bbox 433 4641 456 4681; x_wconf 86' lang='lat' dir='ltr'><strong>in</strong></span> <span class='ocrx_word' id='word_1_576' title='bbox 470 4646 527 4682; x_wconf 80' lang='lat' dir='ltr'><strong>eoetn</strong></span> <span class='ocrx_word' id='word_1_577' title='bbox 544 4639 659 4691; x_wconf 76' lang='lat' dir='ltr'><strong>generali,</strong></span> <span class='ocrx_word' id='word_1_578' title='bbox 674 4638 829 4692; x_wconf 76' lang='lat' dir='ltr'><strong>Philadelphie</strong></span> <span class='ocrx_word' id='word_1_579' title='bbox 841 4665 849 4690; x_wconf 94' lang='lat'><strong>,</strong></span> <span class='ocrx_word' id='word_1_580' title='bbox 863 4638 922 4689; x_wconf 84' lang='lat' dir='ltr'><strong>sept.</strong></span> <span class='ocrx_word' id='word_1_581' title='bbox 938 4640 980 4686; x_wconf 78' lang='lat' dir='ltr'><strong>at,</strong></span> <span class='ocrx_word' id='word_1_582' title='bbox 1039 4633 1065 4686; x_wconf 81' lang='lat' dir='ltr'><strong>(b)</strong></span> <span class='ocrx_word' id='word_1_583' title='bbox 1075 4633 1133 4675; x_wconf 84' lang='lat' dir='ltr'><strong>Sese.</strong></span> <span class='ocrx_word' id='word_1_584' title='bbox 1141 4633 1242 4676; x_wconf 69' lang='lat' dir='ltr'><strong>vii‘Can.</strong></span> <span class='ocrx_word' id='word_1_585' title='bbox 1251 4634 1266 4675; x_wconf 89' lang='lat' dir='ltr'><strong>i.</strong></span> <span class='ocrx_word' id='word_1_586' title='bbox 1276 4634 1303 4676; x_wconf 85' lang='lat' dir='ltr'><strong>de</strong></span> <span class='ocrx_word' id='word_1_587' title='bbox 1313 4633 1416 4677; x_wconf 77' lang='lat' dir='ltr'><strong>cenom.</strong></span> 
     </span>
     <span class='ocr_line' id='line_1_52' title="bbox 386 4701 1221 4765; baseline -0.01 -13"><span class='ocrx_word' id='word_1_588' title='bbox 386 4713 446 4763; x_wconf 71' lang='lat' dir='ltr'><strong>ml,</strong></span> <span class='ocrx_word' id='word_1_589' title='bbox 453 4722 500 4765; x_wconf 86' lang='lat' dir='ltr'><strong>esp.</strong></span> <span class='ocrx_word' id='word_1_590' title='bbox 510 4715 531 4752; x_wconf 77' lang='lat' dir='ltr'><strong>at</strong></span> <span class='ocrx_word' id='word_1_591' title='bbox 543 4711 587 4751; x_wconf 80' lang='lat' dir='ltr'><strong>hac</strong></span> <span class='ocrx_word' id='word_1_592' title='bbox 599 4709 736 4763; x_wconf 79' lang='lat' dir='ltr'><strong>reperiuntur</strong></span> <span class='ocrx_word' id='word_1_593' title='bbox 745 4731 767 4740; x_wconf 93' lang='lat'><em>-</em></span> <span class='ocrx_word' id='word_1_594' title='bbox 777 4723 788 4748; x_wconf 83' lang='lat' dir='ltr'><strong>a</strong></span> <span class='ocrx_word' id='word_1_595' title='bbox 797 4708 836 4749; x_wconf 81' lang='lat' dir='ltr'><strong>We</strong></span> <span class='ocrx_word' id='word_1_596' title='bbox 844 4705 926 4749; x_wconf 82' lang='lat' dir='ltr'><strong>beliere</strong></span> <span class='ocrx_word' id='word_1_597' title='bbox 934 4704 981 4745; x_wconf 87' lang='lat' dir='ltr'><strong>that</strong></span> <span class='ocrx_word' id='word_1_598' title='bbox 1040 4701 1066 4754; x_wconf 72' lang='lat' dir='ltr'><strong>(t)</strong></span> <span class='ocrx_word' id='word_1_599' title='bbox 1076 4702 1121 4743; x_wconf 75' lang='lat' dir='ltr'><strong>Act.</strong></span> <span class='ocrx_word' id='word_1_600' title='bbox 1131 4701 1177 4744; x_wconf 84' lang='lat' dir='ltr'><strong>viii.</strong></span> <span class='ocrx_word' id='word_1_601' title='bbox 1189 4707 1221 4744; x_wconf 82' lang='lat' dir='ltr'><strong>lt.</strong></span> 
     </span>
    </p>
   </div>
   <div class='ocr_carea' id='block_1_11' title="bbox 0 0 1920 5550">
    <p class='ocr_par' dir='ltr' id='par_1_19' title="bbox 0 0 1920 5550">
     <span class='ocr_line' id='line_1_53' title="bbox 0 0 1920 5550; baseline 0 0"><span class='ocrx_word' id='word_1_602' title='bbox 0 0 1920 5550; x_wconf 95' lang='lat' dir='ltr'><strong> </strong></span> 
     </span>
    </p>
   </div>
  </div>
 </body>
</html>
