<?xml version="1.0" encoding="UTF-8"?>
<!DOCTYPE html PUBLIC "-//W3C//DTD XHTML 1.0 Transitional//EN"
    "http://www.w3.org/TR/xhtml1/DTD/xhtml1-transitional.dtd">
<html xmlns="http://www.w3.org/1999/xhtml" xml:lang="en" lang="en">
 <head>
  <title>
</title>
<meta http-equiv="Content-Type" content="text/html;charset=utf-8" />
  <meta name='ocr-system' content='tesseract 3.04.00' />
  <meta name='ocr-capabilities' content='ocr_page ocr_carea ocr_par ocr_line ocrx_word'/>
</head>
<body>
  <div class='ocr_page' id='page_1' title='image "./theologiadogmat02kenrgoog_0099.png"; bbox 0 0 3792 5550; ppageno 0'>
   <div class='ocr_carea' id='block_1_1' title="bbox 692 542 1561 600">
    <p class='ocr_par' dir='ltr' id='par_1_1' title="bbox 692 542 1561 600">
     <span class='ocr_line' id='line_1_1' title="bbox 692 542 1561 600; baseline 0.009 -8"><span class='ocrx_word' id='word_1_1' title='bbox 692 542 762 597; x_wconf 69' lang='lat' dir='ltr'>cult.</span> <span class='ocrx_word' id='word_1_2' title='bbox 782 542 813 593; x_wconf 90' lang='lat' dir='ltr'>ll.</span> <span class='ocrx_word' id='word_1_3' title='bbox 831 543 874 593; x_wconf 80' lang='lat' dir='ltr'>DE</span> <span class='ocrx_word' id='word_1_4' title='bbox 892 543 934 594; x_wconf 83' lang='lat' dir='ltr'>ltu</span> <span class='ocrx_word' id='word_1_5' title='bbox 958 542 1193 596; x_wconf 77' lang='lat' dir='ltr'>nucualtlsthll.</span> <span class='ocrx_word' id='word_1_6' title='bbox 1526 548 1561 600; x_wconf 78' lang='grc'>85</span> 
     </span>
    </p>
   </div>
   <div class='ocr_carea' id='block_1_2' title="bbox 336 655 1565 3109">
    <p class='ocr_par' dir='ltr' id='par_1_2' title="bbox 338 655 1560 1065">
     <span class='ocr_line' id='line_1_2' title="bbox 341 655 1560 727; baseline 0.002 -14"><span class='ocrx_word' id='word_1_7' title='bbox 341 670 417 713; x_wconf 85' lang='lat' dir='ltr'>anno</span> <span class='ocrx_word' id='word_1_8' title='bbox 431 660 493 711; x_wconf 83' lang='lat' dir='ltr'>l8l&#39;l</span> <span class='ocrx_word' id='word_1_9' title='bbox 507 655 607 724; x_wconf 93' lang='lat' dir='ltr'>prodiit</span> <span class='ocrx_word' id='word_1_10' title='bbox 617 655 735 710; x_wconf 89' lang='lat' dir='ltr'>edictum</span> <span class='ocrx_word' id='word_1_11' title='bbox 748 656 873 709; x_wconf 87' lang='lat' dir='ltr'>Gulielmi</span> <span class='ocrx_word' id='word_1_12' title='bbox 887 656 932 707; x_wconf 93' lang='lat' dir='ltr'>lll.</span> <span class='ocrx_word' id='word_1_13' title='bbox 968 655 1084 709; x_wconf 89' lang='lat' dir='ltr'>subierit</span> <span class='ocrx_word' id='word_1_14' title='bbox 1099 656 1173 711; x_wconf 83' lang='lat' dir='ltr'>vices</span> <span class='ocrx_word' id='word_1_15' title='bbox 1193 656 1320 725; x_wconf 72' lang='lat' dir='ltr'>hisernia</span> <span class='ocrx_word' id='word_1_16' title='bbox 1340 659 1508 727; x_wconf 69' lang='lat' dir='ltr'>Aeolicam,</span> <span class='ocrx_word' id='word_1_17' title='bbox 1529 666 1560 715; x_wconf 92' lang='lat' dir='ltr'>ut</span> 
     </span>
     <span class='ocr_line' id='line_1_3' title="bbox 339 741 1558 814; baseline 0.001 -16"><span class='ocrx_word' id='word_1_18' title='bbox 339 744 414 813; x_wconf 74' lang='lat' dir='ltr'>regis</span> <span class='ocrx_word' id='word_1_19' title='bbox 430 743 564 797; x_wconf 78' lang='lat' dir='ltr'>borussiae</span> <span class='ocrx_word' id='word_1_20' title='bbox 578 754 650 809; x_wconf 94' lang='lat' dir='ltr'>‚quo</span> <span class='ocrx_word' id='word_1_21' title='bbox 672 742 754 795; x_wconf 79' lang='lat' dir='ltr'>sectae</span> <span class='ocrx_word' id='word_1_22' title='bbox 769 741 822 794; x_wconf 87' lang='lat' dir='ltr'>illae</span> <span class='ocrx_word' id='word_1_23' title='bbox 833 741 935 795; x_wconf 91' lang='lat' dir='ltr'>discor·</span> <span class='ocrx_word' id='word_1_24' title='bbox 968 746 1130 814; x_wconf 83' lang='lat' dir='ltr'>novatorum</span> <span class='ocrx_word' id='word_1_25' title='bbox 1155 742 1409 797; x_wconf 75' lang='lat' dir='ltr'><strong>accommodaretur</strong></span> <span class='ocrx_word' id='word_1_26' title='bbox 1433 744 1558 811; x_wconf 86' lang='lat' dir='ltr'>placitis,</span> 
     </span>
     <span class='ocr_line' id='line_1_4' title="bbox 338 827 1559 896; baseline 0.001 -13"><span class='ocrx_word' id='word_1_27' title='bbox 338 830 390 883; x_wconf 91' lang='lat' dir='ltr'>des</span> <span class='ocrx_word' id='word_1_28' title='bbox 399 830 487 882; x_wconf 86' lang='lat' dir='ltr'>arnico</span> <span class='ocrx_word' id='word_1_29' title='bbox 495 830 647 896; x_wconf 83' lang='lat' dir='ltr'>junguntur</span> <span class='ocrx_word' id='word_1_30' title='bbox 666 828 767 880; x_wconf 89' lang='lat' dir='ltr'>loedere</span> <span class='ocrx_word' id='word_1_31' title='bbox 780 864 788 890; x_wconf 95' lang='lat'>,</span> <span class='ocrx_word' id='word_1_32' title='bbox 800 827 827 879; x_wconf 92' lang='lat' dir='ltr'>in</span> <span class='ocrx_word' id='word_1_33' title='bbox 848 840 934 878; x_wconf 87' lang='lat' dir='ltr'>unum</span> <span class='ocrx_word' id='word_1_34' title='bbox 968 828 1136 880; x_wconf 84' lang='lat' dir='ltr'><strong>oxonienses</strong></span> <span class='ocrx_word' id='word_1_35' title='bbox 1149 828 1274 881; x_wconf 81' lang='lat' dir='ltr'>dolenter</span> <span class='ocrx_word' id='word_1_36' title='bbox 1292 829 1435 881; x_wconf 89' lang='lat' dir='ltr'>narrant.¹</span> <span class='ocrx_word' id='word_1_37' title='bbox 1453 831 1559 884; x_wconf 85' lang='lat' dir='ltr'>llduar-</span> 
     </span>
     <span class='ocr_line' id='line_1_5' title="bbox 338 910 1560 979; baseline 0.001 -11"><span class='ocrx_word' id='word_1_38' title='bbox 338 916 543 977; x_wconf 89' lang='lat' dir='ltr'>coalescentes,</span> <span class='ocrx_word' id='word_1_39' title='bbox 553 913 647 966; x_wconf 92' lang='lat' dir='ltr'>relicta</span> <span class='ocrx_word' id='word_1_40' title='bbox 658 912 785 965; x_wconf 90' lang='lat' dir='ltr'>libertate</span> <span class='ocrx_word' id='word_1_41' title='bbox 797 910 934 964; x_wconf 88' lang='lat' dir='ltr'>sentiendi</span> <span class='ocrx_word' id='word_1_42' title='bbox 968 912 1005 966; x_wconf 92' lang='lat' dir='ltr'>do</span> <span class='ocrx_word' id='word_1_43' title='bbox 1016 925 1101 978; x_wconf 89' lang='lat' dir='ltr'>puero</span> <span class='ocrx_word' id='word_1_44' title='bbox 1116 914 1216 966; x_wconf 89' lang='lat' dir='ltr'>solium</span> <span class='ocrx_word' id='word_1_45' title='bbox 1228 918 1394 979; x_wconf 83' lang='lat' dir='ltr'>occupante,</span> <span class='ocrx_word' id='word_1_46' title='bbox 1410 916 1496 967; x_wconf 89' lang='lat' dir='ltr'>semel</span> <span class='ocrx_word' id='word_1_47' title='bbox 1508 916 1560 969; x_wconf 90' lang='lat' dir='ltr'>ite·</span> 
     </span>
     <span class='ocr_line' id='line_1_6' title="bbox 338 996 1557 1065; baseline 0.002 -13"><span class='ocrx_word' id='word_1_48' title='bbox 338 998 375 1053; x_wconf 87' lang='lat' dir='ltr'>de</span> <span class='ocrx_word' id='word_1_49' title='bbox 388 997 557 1051; x_wconf 79' lang='lat' dir='ltr'>Eucharistia</span> <span class='ocrx_word' id='word_1_50' title='bbox 571 1002 653 1063; x_wconf 92' lang='lat' dir='ltr'>prout</span> <span class='ocrx_word' id='word_1_51' title='bbox 671 996 780 1049; x_wconf 76' lang='lat' dir='ltr'>libuerit</span> <span class='ocrx_word' id='word_1_52' title='bbox 794 997 800 1047; x_wconf 91' lang='lat' dir='ltr'>t</span> <span class='ocrx_word' id='word_1_53' title='bbox 968 1011 1084 1063; x_wconf 90' lang='lat' dir='ltr'>rumque</span> <span class='ocrx_word' id='word_1_54' title='bbox 1095 1003 1197 1051; x_wconf 91' lang='lat' dir='ltr'>mutata</span> <span class='ocrx_word' id='word_1_55' title='bbox 1209 1004 1261 1062; x_wconf 92' lang='lat' dir='ltr'>est,</span> <span class='ocrx_word' id='word_1_56' title='bbox 1275 999 1423 1052; x_wconf 81' lang='lat' dir='ltr'>cranmero</span> <span class='ocrx_word' id='word_1_57' title='bbox 1435 1005 1557 1065; x_wconf 89' lang='lat' dir='ltr'>auctore,</span> 
     </span>
    </p>

    <p class='ocr_par' dir='ltr' id='par_1_3' title="bbox 336 1081 1565 3109">
     <span class='ocr_line' id='line_1_7' title="bbox 374 1081 1558 1149; baseline 0.002 -13"><span class='ocrx_word' id='word_1_58' title='bbox 374 1085 416 1137; x_wconf 73' lang='lat' dir='ltr'>bb.</span> <span class='ocrx_word' id='word_1_59' title='bbox 437 1083 538 1137; x_wconf 85' lang='lat' dir='ltr'>Caluini</span> <span class='ocrx_word' id='word_1_60' title='bbox 560 1081 679 1135; x_wconf 82' lang='lat' dir='ltr'>obtinuit</span> <span class='ocrx_word' id='word_1_61' title='bbox 696 1081 767 1147; x_wconf 90' lang='lat' dir='ltr'>apud</span> <span class='ocrx_word' id='word_1_62' title='bbox 788 1082 934 1147; x_wconf 91' lang='lat' dir='ltr'>plerosque</span> <span class='ocrx_word' id='word_1_63' title='bbox 969 1083 1015 1149; x_wconf 94' lang='lat' dir='ltr'>qui</span> <span class='ocrx_word' id='word_1_64' title='bbox 1033 1084 1159 1137; x_wconf 88' lang='lat' dir='ltr'>consiliis</span> <span class='ocrx_word' id='word_1_65' title='bbox 1176 1098 1245 1137; x_wconf 90' lang='lat' dir='ltr'>usus</span> <span class='ocrx_word' id='word_1_66' title='bbox 1266 1085 1382 1149; x_wconf 88' lang='lat' dir='ltr'>Buccri,</span> <span class='ocrx_word' id='word_1_67' title='bbox 1405 1086 1475 1139; x_wconf 80' lang='lat' dir='ltr'>Petri</span> <span class='ocrx_word' id='word_1_68' title='bbox 1488 1090 1558 1140; x_wconf 88' lang='lat' dir='ltr'>llar-</span> 
     </span>
     <span class='ocr_line' id='line_1_8' title="bbox 339 1166 1559 1237; baseline 0.002 -14"><span class='ocrx_word' id='word_1_69' title='bbox 339 1170 472 1223; x_wconf 86' lang='lat' dir='ltr'>sectarios</span> <span class='ocrx_word' id='word_1_70' title='bbox 484 1168 638 1230; x_wconf 86' lang='lat' dir='ltr'>sententia,</span> <span class='ocrx_word' id='word_1_71' title='bbox 657 1166 705 1232; x_wconf 92' lang='lat' dir='ltr'>qui</span> <span class='ocrx_word' id='word_1_72' title='bbox 726 1166 871 1220; x_wconf 87' lang='lat' dir='ltr'>verborum</span> <span class='ocrx_word' id='word_1_73' title='bbox 892 1168 934 1218; x_wconf 91' lang='lat' dir='ltr'>in·</span> <span class='ocrx_word' id='word_1_74' title='bbox 968 1170 1051 1237; x_wconf 84' lang='lat' dir='ltr'>tyris,</span> <span class='ocrx_word' id='word_1_75' title='bbox 1069 1176 1096 1224; x_wconf 94' lang='lat' dir='ltr'>et</span> <span class='ocrx_word' id='word_1_76' title='bbox 1117 1172 1250 1234; x_wconf 89' lang='lat' dir='ltr'>aliorum,</span> <span class='ocrx_word' id='word_1_77' title='bbox 1272 1172 1299 1223; x_wconf 91' lang='lat' dir='ltr'>in</span> <span class='ocrx_word' id='word_1_78' title='bbox 1324 1173 1446 1225; x_wconf 82' lang='lat' dir='ltr'>soconda</span> <span class='ocrx_word' id='word_1_79' title='bbox 1465 1186 1559 1226; x_wconf 89' lang='lat' dir='ltr'>emen-</span> 
     </span>
     <span class='ocr_line' id='line_1_9' title="bbox 338 1252 1559 1325; baseline 0.002 -16"><span class='ocrx_word' id='word_1_80' title='bbox 338 1255 460 1309; x_wconf 84' lang='lat' dir='ltr'>volucris</span> <span class='ocrx_word' id='word_1_81' title='bbox 483 1254 531 1308; x_wconf 79' lang='lat' dir='ltr'>rix</span> <span class='ocrx_word' id='word_1_82' title='bbox 565 1254 676 1306; x_wconf 83' lang='lat' dir='ltr'>student</span> <span class='ocrx_word' id='word_1_83' title='bbox 704 1265 763 1305; x_wconf 92' lang='lat' dir='ltr'>earn</span> <span class='ocrx_word' id='word_1_84' title='bbox 793 1252 931 1325; x_wconf 83' lang='lat' dir='ltr'>obtegere.</span> <span class='ocrx_word' id='word_1_85' title='bbox 967 1257 1078 1309; x_wconf 89' lang='lat' dir='ltr'>datione</span> <span class='ocrx_word' id='word_1_86' title='bbox 1088 1257 1157 1309; x_wconf 92' lang='lat' dir='ltr'>adeo</span> <span class='ocrx_word' id='word_1_87' title='bbox 1168 1256 1298 1323; x_wconf 89' lang='lat' dir='ltr'>proiecit,</span> <span class='ocrx_word' id='word_1_88' title='bbox 1313 1262 1342 1310; x_wconf 93' lang='lat' dir='ltr'>ut</span> <span class='ocrx_word' id='word_1_89' title='bbox 1359 1258 1475 1311; x_wconf 82' lang='lat' dir='ltr'>ltubrica</span> <span class='ocrx_word' id='word_1_90' title='bbox 1496 1272 1559 1312; x_wconf 91' lang='lat' dir='ltr'>con·</span> 
     </span>
     <span class='ocr_line' id='line_1_10' title="bbox 338 1336 1557 1408; baseline 0.002 -13"><span class='ocrx_word' id='word_1_91' title='bbox 338 1340 481 1407; x_wconf 78' lang='lat' dir='ltr'>Anglicani</span> <span class='ocrx_word' id='word_1_92' title='bbox 500 1340 554 1393; x_wconf 89' lang='lat' dir='ltr'>lere</span> <span class='ocrx_word' id='word_1_93' title='bbox 568 1338 618 1393; x_wconf 94' lang='lat' dir='ltr'>soli</span> <span class='ocrx_word' id='word_1_94' title='bbox 629 1352 691 1392; x_wconf 89' lang='lat' dir='ltr'>eum</span> <span class='ocrx_word' id='word_1_95' title='bbox 710 1336 878 1404; x_wconf 81' lang='lat' dir='ltr'>antiquitatis</span> <span class='ocrx_word' id='word_1_96' title='bbox 890 1350 934 1390; x_wconf 86' lang='lat' dir='ltr'>ve·</span> <span class='ocrx_word' id='word_1_97' title='bbox 967 1346 1009 1394; x_wconf 90' lang='lat' dir='ltr'>tra</span> <span class='ocrx_word' id='word_1_98' title='bbox 1029 1343 1130 1395; x_wconf 88' lang='lat' dir='ltr'>realem</span> <span class='ocrx_word' id='word_1_99' title='bbox 1143 1342 1242 1395; x_wconf 81' lang='lat' dir='ltr'>Christi</span> <span class='ocrx_word' id='word_1_100' title='bbox 1255 1342 1430 1408; x_wconf 83' lang='lat' dir='ltr'>praesentiam</span> <span class='ocrx_word' id='word_1_101' title='bbox 1453 1343 1557 1397; x_wconf 90' lang='lat' dir='ltr'>insere·</span> 
     </span>
     <span class='ocr_line' id='line_1_11' title="bbox 339 1422 1560 1495; baseline 0.002 -15"><span class='ocrx_word' id='word_1_102' title='bbox 339 1426 470 1480; x_wconf 84' lang='lat' dir='ltr'>nerandae</span> <span class='ocrx_word' id='word_1_103' title='bbox 494 1427 628 1493; x_wconf 88' lang='lat' dir='ltr'>pudorem</span> <span class='ocrx_word' id='word_1_104' title='bbox 648 1430 774 1487; x_wconf 83' lang='lat' dir='ltr'>servant,</span> <span class='ocrx_word' id='word_1_105' title='bbox 796 1427 827 1476; x_wconf 92' lang='lat' dir='ltr'>ut</span> <span class='ocrx_word' id='word_1_106' title='bbox 842 1422 934 1475; x_wconf 85' lang='lat' dir='ltr'>verbis</span> <span class='ocrx_word' id='word_1_107' title='bbox 966 1433 1051 1480; x_wconf 86' lang='lat' dir='ltr'>retur.</span> <span class='ocrx_word' id='word_1_108' title='bbox 1071 1427 1207 1480; x_wconf 83' lang='lat' dir='ltr'>Elisabeth</span> <span class='ocrx_word' id='word_1_109' title='bbox 1230 1427 1379 1495; x_wconf 80' lang='lat' dir='ltr'>liturgiam</span> <span class='ocrx_word' id='word_1_110' title='bbox 1397 1440 1476 1482; x_wconf 81' lang='lat' dir='ltr'>norae</span> <span class='ocrx_word' id='word_1_111' title='bbox 1496 1429 1560 1481; x_wconf 91' lang='lat' dir='ltr'>sub·</span> 
     </span>
     <span class='ocr_line' id='line_1_12' title="bbox 338 1502 1560 1579; baseline 0.001 -14"><span class='ocrx_word' id='word_1_112' title='bbox 338 1512 474 1578; x_wconf 87' lang='lat' dir='ltr'>speciosis</span> <span class='ocrx_word' id='word_1_113' title='bbox 494 1512 529 1564; x_wconf 93' lang='lat' dir='ltr'>de</span> <span class='ocrx_word' id='word_1_114' title='bbox 551 1511 620 1564; x_wconf 83' lang='lat' dir='ltr'>reoli</span> <span class='ocrx_word' id='word_1_115' title='bbox 638 1502 784 1576; x_wconf 87' lang='lat' dir='ltr'>praesentia</span> <span class='ocrx_word' id='word_1_116' title='bbox 807 1513 834 1562; x_wconf 93' lang='lat' dir='ltr'>et</span> <span class='ocrx_word' id='word_1_117' title='bbox 858 1521 936 1561; x_wconf 89' lang='lat' dir='ltr'>corn·</span> <span class='ocrx_word' id='word_1_118' title='bbox 965 1512 1032 1579; x_wconf 86' lang='lat' dir='ltr'>jecit</span> <span class='ocrx_word' id='word_1_119' title='bbox 1051 1512 1233 1575; x_wconf 86' lang='lat' dir='ltr'>correctioni,</span> <span class='ocrx_word' id='word_1_120' title='bbox 1255 1518 1281 1565; x_wconf 91' lang='lat' dir='ltr'>et</span> <span class='ocrx_word' id='word_1_121' title='bbox 1293 1513 1410 1566; x_wconf 80' lang='lat' dir='ltr'>Robrica</span> <span class='ocrx_word' id='word_1_122' title='bbox 1433 1513 1477 1565; x_wconf 91' lang='lat' dir='ltr'>illa</span> <span class='ocrx_word' id='word_1_123' title='bbox 1495 1514 1560 1566; x_wconf 76' lang='lat' dir='ltr'>suh-</span> 
     </span>
     <span class='ocr_line' id='line_1_13' title="bbox 338 1594 1559 1664; baseline 0.002 -15"><span class='ocrx_word' id='word_1_124' title='bbox 338 1598 472 1650; x_wconf 90' lang='lat' dir='ltr'>munionc</span> <span class='ocrx_word' id='word_1_125' title='bbox 495 1596 593 1650; x_wconf 88' lang='lat' dir='ltr'>christi</span> <span class='ocrx_word' id='word_1_126' title='bbox 613 1594 758 1650; x_wconf 88' lang='lat' dir='ltr'>nobiscum</span> <span class='ocrx_word' id='word_1_127' title='bbox 779 1594 933 1656; x_wconf 89' lang='lat' dir='ltr'>disserant,</span> <span class='ocrx_word' id='word_1_128' title='bbox 968 1598 1038 1659; x_wconf 91' lang='lat' dir='ltr'>lata,</span> <span class='ocrx_word' id='word_1_129' title='bbox 1054 1602 1082 1649; x_wconf 93' lang='lat' dir='ltr'>et</span> <span class='ocrx_word' id='word_1_130' title='bbox 1099 1597 1253 1664; x_wconf 85' lang='lat' dir='ltr'>conjunctis</span> <span class='ocrx_word' id='word_1_131' title='bbox 1273 1597 1399 1651; x_wconf 82' lang='lat' dir='ltr'>formulis</span> <span class='ocrx_word' id='word_1_132' title='bbox 1411 1598 1559 1652; x_wconf 87' lang='lat' dir='ltr'>verborum</span> 
     </span>
     <span class='ocr_line' id='line_1_14' title="bbox 338 1678 1560 1749; baseline 0 -14"><span class='ocrx_word' id='word_1_133' title='bbox 338 1682 465 1749; x_wconf 88' lang='lat' dir='ltr'>quamvis</span> <span class='ocrx_word' id='word_1_134' title='bbox 505 1696 600 1736; x_wconf 90' lang='lat' dir='ltr'>revera</span> <span class='ocrx_word' id='word_1_135' title='bbox 634 1694 734 1747; x_wconf 88' lang='lat' dir='ltr'>corpus</span> <span class='ocrx_word' id='word_1_136' title='bbox 768 1684 795 1733; x_wconf 92' lang='lat' dir='ltr'>et</span> <span class='ocrx_word' id='word_1_137' title='bbox 822 1678 934 1745; x_wconf 82' lang='lat' dir='ltr'>sanguis</span> <span class='ocrx_word' id='word_1_138' title='bbox 968 1682 1069 1747; x_wconf 92' lang='lat' dir='ltr'>quibus</span> <span class='ocrx_word' id='word_1_139' title='bbox 1085 1683 1290 1735; x_wconf 87' lang='lat' dir='ltr'>Sacramentum</span> <span class='ocrx_word' id='word_1_140' title='bbox 1305 1682 1442 1745; x_wconf 92' lang='lat' dir='ltr'>dabatur,</span> <span class='ocrx_word' id='word_1_141' title='bbox 1459 1696 1504 1735; x_wconf 90' lang='lat' dir='ltr'>res</span> <span class='ocrx_word' id='word_1_142' title='bbox 1522 1682 1560 1735; x_wconf 88' lang='lat' dir='ltr'>ita</span> 
     </span>
     <span class='ocr_line' id='line_1_15' title="bbox 338 1763 1560 1832; baseline 0 -12"><span class='ocrx_word' id='word_1_143' title='bbox 338 1766 557 1821; x_wconf 87' lang='lat' dir='ltr'>substantialiter</span> <span class='ocrx_word' id='word_1_144' title='bbox 579 1766 702 1828; x_wconf 90' lang='lat' dir='ltr'>adesse,</span> <span class='ocrx_word' id='word_1_145' title='bbox 724 1769 783 1817; x_wconf 89' lang='lat' dir='ltr'>eta</span> <span class='ocrx_word' id='word_1_146' title='bbox 809 1763 934 1816; x_wconf 88' lang='lat' dir='ltr'>ministro</span> <span class='ocrx_word' id='word_1_147' title='bbox 969 1765 1141 1831; x_wconf 87' lang='lat' dir='ltr'>composuit,</span> <span class='ocrx_word' id='word_1_148' title='bbox 1163 1773 1194 1818; x_wconf 90' lang='lat' dir='ltr'>ut</span> <span class='ocrx_word' id='word_1_149' title='bbox 1214 1767 1358 1832; x_wconf 87' lang='lat' dir='ltr'>praesentia</span> <span class='ocrx_word' id='word_1_150' title='bbox 1387 1767 1469 1820; x_wconf 89' lang='lat' dir='ltr'>realis</span> <span class='ocrx_word' id='word_1_151' title='bbox 1487 1768 1560 1820; x_wconf 91' lang='lat' dir='ltr'>hand</span> 
     </span>
     <span class='ocr_line' id='line_1_16' title="bbox 337 1848 1560 1918; baseline 0.001 -14"><span class='ocrx_word' id='word_1_152' title='bbox 337 1852 487 1915; x_wconf 89' lang='lat' dir='ltr'>distribui,</span> <span class='ocrx_word' id='word_1_153' title='bbox 501 1858 528 1903; x_wconf 94' lang='lat' dir='ltr'>et</span> <span class='ocrx_word' id='word_1_154' title='bbox 539 1864 587 1904; x_wconf 90' lang='lat' dir='ltr'>ore</span> <span class='ocrx_word' id='word_1_155' title='bbox 599 1850 702 1915; x_wconf 83' lang='lat' dir='ltr'>suscipi</span> <span class='ocrx_word' id='word_1_156' title='bbox 720 1864 736 1901; x_wconf 91' lang='lat' dir='ltr'>a</span> <span class='ocrx_word' id='word_1_157' title='bbox 750 1848 880 1901; x_wconf 84' lang='lat' dir='ltr'>fidelibus</span> <span class='ocrx_word' id='word_1_158' title='bbox 891 1849 935 1901; x_wconf 79' lang='lat' dir='ltr'>uel</span> <span class='ocrx_word' id='word_1_159' title='bbox 970 1851 1051 1916; x_wconf 90' lang='lat' dir='ltr'>plane</span> <span class='ocrx_word' id='word_1_160' title='bbox 1075 1849 1264 1915; x_wconf 83' lang='lat' dir='ltr'>denegaretur.</span> <span class='ocrx_word' id='word_1_161' title='bbox 1289 1852 1361 1913; x_wconf 81' lang='lat' dir='ltr'>Quos</span> <span class='ocrx_word' id='word_1_162' title='bbox 1384 1850 1560 1918; x_wconf 80' lang='lat' dir='ltr'>Episcopales</span> 
     </span>
     <span class='ocr_line' id='line_1_17' title="bbox 337 1932 1560 2005; baseline -0.002 -14"><span class='ocrx_word' id='word_1_163' title='bbox 337 1944 462 2005; x_wconf 81' lang='lat' dir='ltr'>negent,</span> <span class='ocrx_word' id='word_1_164' title='bbox 488 1938 531 1989; x_wconf 83' lang='lat' dir='ltr'>tel</span> <span class='ocrx_word' id='word_1_165' title='bbox 555 1950 586 1990; x_wconf 89' lang='lat' dir='ltr'>se</span> <span class='ocrx_word' id='word_1_166' title='bbox 616 1936 727 1988; x_wconf 88' lang='lat' dir='ltr'>credere</span> <span class='ocrx_word' id='word_1_167' title='bbox 753 1934 853 1986; x_wconf 84' lang='lat' dir='ltr'>frustra</span> <span class='ocrx_word' id='word_1_168' title='bbox 883 1932 935 1985; x_wconf 92' lang='lat' dir='ltr'>sibi</span> <span class='ocrx_word' id='word_1_169' title='bbox 969 1947 1109 1997; x_wconf 82' lang='lat' dir='ltr'>vocamus,</span> <span class='ocrx_word' id='word_1_170' title='bbox 1121 1947 1199 1986; x_wconf 88' lang='lat' dir='ltr'>suam</span> <span class='ocrx_word' id='word_1_171' title='bbox 1211 1934 1359 2000; x_wconf 80' lang='lat' dir='ltr'>Liturgiam</span> <span class='ocrx_word' id='word_1_172' title='bbox 1369 1935 1560 1999; x_wconf 84' lang='lat' dir='ltr'>immutarunt,</span> 
     </span>
     <span class='ocr_line' id='line_1_18' title="bbox 336 2018 1560 2088; baseline 0 -13"><span class='ocrx_word' id='word_1_173' title='bbox 336 2022 537 2085; x_wconf 81' lang='lat' dir='ltr'>blandiantur3</span> <span class='ocrx_word' id='word_1_174' title='bbox 560 2034 592 2073; x_wconf 88' lang='lat' dir='ltr'>ex</span> <span class='ocrx_word' id='word_1_175' title='bbox 613 2020 672 2087; x_wconf 92' lang='lat' dir='ltr'>ipsa</span> <span class='ocrx_word' id='word_1_176' title='bbox 690 2018 762 2073; x_wconf 88' lang='lat' dir='ltr'>enim</span> <span class='ocrx_word' id='word_1_177' title='bbox 781 2030 875 2071; x_wconf 89' lang='lat' dir='ltr'>eorum</span> <span class='ocrx_word' id='word_1_178' title='bbox 890 2030 935 2069; x_wconf 85' lang='lat' dir='ltr'>ex·</span> <span class='ocrx_word' id='word_1_179' title='bbox 969 2027 1115 2088; x_wconf 84' lang='lat' dir='ltr'>postquam</span> <span class='ocrx_word' id='word_1_180' title='bbox 1137 2020 1208 2075; x_wconf 82' lang='lat' dir='ltr'>cirili</span> <span class='ocrx_word' id='word_1_181' title='bbox 1223 2034 1315 2073; x_wconf 88' lang='lat' dir='ltr'>rerum</span> <span class='ocrx_word' id='word_1_182' title='bbox 1328 2021 1508 2075; x_wconf 84' lang='lat' dir='ltr'>conversione</span> <span class='ocrx_word' id='word_1_183' title='bbox 1525 2023 1560 2075; x_wconf 93' lang='lat' dir='ltr'>ab</span> 
     </span>
     <span class='ocr_line' id='line_1_19' title="bbox 337 2104 1560 2175; baseline 0 -15"><span class='ocrx_word' id='word_1_184' title='bbox 337 2108 487 2175; x_wconf 88' lang='lat' dir='ltr'>plicatione</span> <span class='ocrx_word' id='word_1_185' title='bbox 508 2108 576 2160; x_wconf 90' lang='lat' dir='ltr'>satis</span> <span class='ocrx_word' id='word_1_186' title='bbox 596 2111 672 2172; x_wconf 87' lang='lat' dir='ltr'>patet</span> <span class='ocrx_word' id='word_1_187' title='bbox 696 2104 773 2171; x_wconf 81' lang='lat' dir='ltr'>signa</span> <span class='ocrx_word' id='word_1_188' title='bbox 788 2108 894 2155; x_wconf 86' lang='lat' dir='ltr'>tanturn</span> <span class='ocrx_word' id='word_1_189' title='bbox 907 2106 934 2155; x_wconf 90' lang='lat' dir='ltr'>et</span> <span class='ocrx_word' id='word_1_190' title='bbox 969 2107 1179 2174; x_wconf 74' lang='lat' dir='ltr'>anglicanorum</span> <span class='ocrx_word' id='word_1_191' title='bbox 1194 2107 1356 2160; x_wconf 90' lang='lat' dir='ltr'>auctoritate</span> <span class='ocrx_word' id='word_1_192' title='bbox 1370 2106 1399 2158; x_wconf 92' lang='lat' dir='ltr'>in</span> <span class='ocrx_word' id='word_1_193' title='bbox 1416 2106 1499 2160; x_wconf 87' lang='lat' dir='ltr'>rebus</span> <span class='ocrx_word' id='word_1_194' title='bbox 1516 2120 1560 2160; x_wconf 88' lang='lat' dir='ltr'>re·</span> 
     </span>
     <span class='ocr_line' id='line_1_20' title="bbox 338 2186 1561 2260; baseline -0.001 -14"><span class='ocrx_word' id='word_1_195' title='bbox 338 2194 466 2260; x_wconf 83' lang='lat' dir='ltr'>symbola</span> <span class='ocrx_word' id='word_1_196' title='bbox 490 2191 601 2255; x_wconf 88' lang='lat' dir='ltr'>haberi,</span> <span class='ocrx_word' id='word_1_197' title='bbox 624 2203 686 2256; x_wconf 88' lang='lat' dir='ltr'>quae</span> <span class='ocrx_word' id='word_1_198' title='bbox 708 2203 723 2241; x_wconf 87' lang='lat' dir='ltr'>a</span> <span class='ocrx_word' id='word_1_199' title='bbox 749 2187 877 2241; x_wconf 88' lang='lat' dir='ltr'>ministro</span> <span class='ocrx_word' id='word_1_200' title='bbox 898 2186 932 2239; x_wconf 85' lang='lat' dir='ltr'>ad</span> <span class='ocrx_word' id='word_1_201' title='bbox 968 2191 1078 2259; x_wconf 82' lang='lat' dir='ltr'>ligionis</span> <span class='ocrx_word' id='word_1_202' title='bbox 1090 2191 1228 2243; x_wconf 87' lang='lat' dir='ltr'>immunes</span> <span class='ocrx_word' id='word_1_203' title='bbox 1242 2197 1398 2245; x_wconf 87' lang='lat' dir='ltr'>evaserunt:</span> <span class='ocrx_word' id='word_1_204' title='bbox 1406 2193 1455 2245; x_wconf 88' lang='lat' dir='ltr'>sed</span> <span class='ocrx_word' id='word_1_205' title='bbox 1463 2206 1561 2259; x_wconf 87' lang='lat' dir='ltr'>quam·</span> 
     </span>
     <span class='ocr_line' id='line_1_21' title="bbox 338 2275 1559 2343; baseline 0.001 -12"><span class='ocrx_word' id='word_1_206' title='bbox 338 2276 594 2343; x_wconf 82' lang='lat' dir='ltr'>repraesentandum</span> <span class='ocrx_word' id='word_1_207' title='bbox 608 2275 706 2328; x_wconf 83' lang='lat' dir='ltr'>Christi</span> <span class='ocrx_word' id='word_1_208' title='bbox 720 2286 820 2341; x_wconf 91' lang='lat' dir='ltr'>corpus</span> <span class='ocrx_word' id='word_1_209' title='bbox 834 2278 861 2327; x_wconf 90' lang='lat' dir='ltr'>et</span> <span class='ocrx_word' id='word_1_210' title='bbox 871 2286 935 2325; x_wconf 88' lang='lat' dir='ltr'>san·</span> <span class='ocrx_word' id='word_1_211' title='bbox 968 2277 1011 2331; x_wconf 84' lang='lat' dir='ltr'>vis</span> <span class='ocrx_word' id='word_1_212' title='bbox 1032 2276 1236 2331; x_wconf 80' lang='lat' dir='ltr'>invocationem</span> <span class='ocrx_word' id='word_1_213' title='bbox 1252 2276 1368 2343; x_wconf 84' lang='lat' dir='ltr'>Spiritus</span> <span class='ocrx_word' id='word_1_214' title='bbox 1390 2277 1477 2331; x_wconf 90' lang='lat' dir='ltr'>sancti</span> <span class='ocrx_word' id='word_1_215' title='bbox 1493 2278 1559 2332; x_wconf 86' lang='lat' dir='ltr'>ado-</span> 
     </span>
     <span class='ocr_line' id='line_1_22' title="bbox 339 2359 1563 2431; baseline 0.002 -16"><span class='ocrx_word' id='word_1_216' title='bbox 339 2363 452 2431; x_wconf 80' lang='lat' dir='ltr'>guinem</span> <span class='ocrx_word' id='word_1_217' title='bbox 471 2362 598 2429; x_wconf 88' lang='lat' dir='ltr'>precibus</span> <span class='ocrx_word' id='word_1_218' title='bbox 622 2361 772 2424; x_wconf 90' lang='lat' dir='ltr'>destinata,</span> <span class='ocrx_word' id='word_1_219' title='bbox 788 2359 857 2411; x_wconf 89' lang='lat' dir='ltr'>liunt</span> <span class='ocrx_word' id='word_1_220' title='bbox 877 2372 935 2411; x_wconf 87' lang='lat' dir='ltr'>sus·</span> <span class='ocrx_word' id='word_1_221' title='bbox 968 2363 1126 2429; x_wconf 86' lang='lat' dir='ltr'>ptaverint,</span> <span class='ocrx_word' id='word_1_222' title='bbox 1148 2364 1184 2415; x_wconf 90' lang='lat' dir='ltr'>ils</span> <span class='ocrx_word' id='word_1_223' title='bbox 1212 2368 1328 2416; x_wconf 91' lang='lat' dir='ltr'>utuntur</span> <span class='ocrx_word' id='word_1_224' title='bbox 1358 2363 1473 2417; x_wconf 82' lang='lat' dir='ltr'>vocibus</span> <span class='ocrx_word' id='word_1_225' title='bbox 1500 2376 1563 2431; x_wconf 81' lang='lat' dir='ltr'>quse</span> 
     </span>
     <span class='ocr_line' id='line_1_23' title="bbox 339 2443 1564 2514; baseline 0 -13"><span class='ocrx_word' id='word_1_226' title='bbox 339 2447 524 2514; x_wconf 90' lang='lat' dir='ltr'>cipientibus,</span> <span class='ocrx_word' id='word_1_227' title='bbox 539 2460 571 2500; x_wconf 88' lang='lat' dir='ltr'>ex</span> <span class='ocrx_word' id='word_1_228' title='bbox 587 2446 641 2499; x_wconf 85' lang='lat' dir='ltr'>tide</span> <span class='ocrx_word' id='word_1_229' title='bbox 662 2450 689 2499; x_wconf 85' lang='lat' dir='ltr'>et</span> <span class='ocrx_word' id='word_1_230' title='bbox 709 2445 793 2497; x_wconf 86' lang='lat' dir='ltr'>animi</span> <span class='ocrx_word' id='word_1_231' title='bbox 814 2443 929 2507; x_wconf 84' lang='lat' dir='ltr'>ellectu,</span> <span class='ocrx_word' id='word_1_232' title='bbox 969 2447 1071 2501; x_wconf 80' lang='lat' dir='ltr'>calvini</span> <span class='ocrx_word' id='word_1_233' title='bbox 1105 2448 1213 2514; x_wconf 91' lang='lat' dir='ltr'>placitis</span> <span class='ocrx_word' id='word_1_234' title='bbox 1243 2454 1307 2501; x_wconf 90' lang='lat' dir='ltr'>sunt</span> <span class='ocrx_word' id='word_1_235' title='bbox 1336 2448 1564 2503; x_wconf 71' lang='lat' dir='ltr'>accommodate.</span> 
     </span>
     <span class='ocr_line' id='line_1_24' title="bbox 340 2529 1563 2599; baseline -0.002 -10"><span class='ocrx_word' id='word_1_236' title='bbox 340 2532 452 2589; x_wconf 88' lang='lat' dir='ltr'>occasio</span> <span class='ocrx_word' id='word_1_237' title='bbox 462 2532 569 2587; x_wconf 89' lang='lat' dir='ltr'>virtutis</span> <span class='ocrx_word' id='word_1_238' title='bbox 579 2537 606 2584; x_wconf 90' lang='lat' dir='ltr'>et</span> <span class='ocrx_word' id='word_1_239' title='bbox 623 2530 749 2583; x_wconf 77' lang='lat' dir='ltr'>efficaciae</span> <span class='ocrx_word' id='word_1_240' title='bbox 760 2529 858 2581; x_wconf 82' lang='lat' dir='ltr'>christi</span> <span class='ocrx_word' id='word_1_241' title='bbox 872 2542 935 2595; x_wconf 90' lang='lat' dir='ltr'>pas·</span> <span class='ocrx_word' id='word_1_242' title='bbox 971 2532 1024 2597; x_wconf 89' lang='lat' dir='ltr'>lpsi</span> <span class='ocrx_word' id='word_1_243' title='bbox 1042 2530 1089 2596; x_wconf 91' lang='lat' dir='ltr'>qui</span> <span class='ocrx_word' id='word_1_244' title='bbox 1100 2532 1175 2599; x_wconf 90' lang='lat' dir='ltr'>apud</span> <span class='ocrx_word' id='word_1_245' title='bbox 1187 2544 1240 2585; x_wconf 89' lang='lat' dir='ltr'>nos</span> <span class='ocrx_word' id='word_1_246' title='bbox 1252 2535 1381 2585; x_wconf 91' lang='lat' dir='ltr'>dicuntur</span> <span class='ocrx_word' id='word_1_247' title='bbox 1399 2535 1563 2598; x_wconf 77' lang='lat' dir='ltr'>lutherani,</span> 
     </span>
     <span class='ocr_line' id='line_1_25' title="bbox 342 2615 1564 2685; baseline -0.001 -12"><span class='ocrx_word' id='word_1_248' title='bbox 342 2618 431 2674; x_wconf 92' lang='lat' dir='ltr'>sionis</span> <span class='ocrx_word' id='word_1_249' title='bbox 449 2617 634 2685; x_wconf 84' lang='lat' dir='ltr'>experiendae.</span> <span class='ocrx_word' id='word_1_250' title='bbox 648 2615 657 2649; x_wconf 87' lang='lat'>¹</span> <span class='ocrx_word' id='word_1_251' title='bbox 679 2618 769 2669; x_wconf 81' lang='lat' dir='ltr'>llanet</span> <span class='ocrx_word' id='word_1_252' title='bbox 782 2615 860 2682; x_wconf 90' lang='lat' dir='ltr'>panis</span> <span class='ocrx_word' id='word_1_253' title='bbox 873 2628 935 2667; x_wconf 89' lang='lat' dir='ltr'>cum</span> <span class='ocrx_word' id='word_1_254' title='bbox 971 2616 1095 2681; x_wconf 88' lang='lat' dir='ltr'>plerique</span> <span class='ocrx_word' id='word_1_255' title='bbox 1111 2616 1222 2668; x_wconf 83' lang='lat' dir='ltr'>lutheri</span> <span class='ocrx_word' id='word_1_256' title='bbox 1244 2616 1344 2682; x_wconf 85' lang='lat' dir='ltr'>dogma</span> <span class='ocrx_word' id='word_1_257' title='bbox 1356 2617 1407 2669; x_wconf 88' lang='lat' dir='ltr'>hac</span> <span class='ocrx_word' id='word_1_258' title='bbox 1425 2618 1461 2669; x_wconf 91' lang='lat' dir='ltr'>de</span> <span class='ocrx_word' id='word_1_259' title='bbox 1476 2632 1507 2671; x_wconf 86' lang='lat' dir='ltr'>re</span> <span class='ocrx_word' id='word_1_260' title='bbox 1520 2620 1564 2672; x_wconf 85' lang='lat' dir='ltr'>rel</span> 
     </span>
     <span class='ocr_line' id='line_1_26' title="bbox 341 2698 1564 2772; baseline -0.005 -13"><span class='ocrx_word' id='word_1_261' title='bbox 341 2704 428 2766; x_wconf 87' lang='lat' dir='ltr'>vino,</span> <span class='ocrx_word' id='word_1_262' title='bbox 446 2718 496 2757; x_wconf 89' lang='lat' dir='ltr'>neo</span> <span class='ocrx_word' id='word_1_263' title='bbox 519 2702 586 2769; x_wconf 91' lang='lat' dir='ltr'>quid</span> <span class='ocrx_word' id='word_1_264' title='bbox 611 2704 638 2753; x_wconf 90' lang='lat' dir='ltr'>tu</span> <span class='ocrx_word' id='word_1_265' title='bbox 669 2702 703 2753; x_wconf 91' lang='lat' dir='ltr'>iis</span> <span class='ocrx_word' id='word_1_266' title='bbox 724 2706 862 2762; x_wconf 89' lang='lat' dir='ltr'>mutatur,</span> <span class='ocrx_word' id='word_1_267' title='bbox 882 2698 935 2749; x_wconf 90' lang='lat' dir='ltr'>uisi</span> <span class='ocrx_word' id='word_1_268' title='bbox 971 2699 1082 2764; x_wconf 89' lang='lat' dir='ltr'>penitus</span> <span class='ocrx_word' id='word_1_269' title='bbox 1099 2698 1355 2760; x_wconf 84' lang='lat' dir='ltr'>deseruerunt,vel</span> <span class='ocrx_word' id='word_1_270' title='bbox 1367 2698 1482 2772; x_wconf 79' lang='lat' dir='ltr'>vocibus</span> <span class='ocrx_word' id='word_1_271' title='bbox 1505 2706 1564 2753; x_wconf 67' lang='lat' dir='ltr'>tarn</span> 
     </span>
     <span class='ocr_line' id='line_1_27' title="bbox 342 2784 1562 2858; baseline -0.002 -15"><span class='ocrx_word' id='word_1_272' title='bbox 342 2790 489 2858; x_wconf 77' lang='lat' dir='ltr'>symbolice</span> <span class='ocrx_word' id='word_1_273' title='bbox 512 2795 539 2842; x_wconf 91' lang='lat' dir='ltr'>et</span> <span class='ocrx_word' id='word_1_274' title='bbox 562 2787 799 2856; x_wconf 51' lang='lat' dir='ltr'>representation</span> <span class='ocrx_word' id='word_1_275' title='bbox 818 2785 937 2850; x_wconf 91' lang='lat' dir='ltr'>ideoque</span> <span class='ocrx_word' id='word_1_276' title='bbox 971 2789 1028 2836; x_wconf 89' lang='lat' dir='ltr'>turn</span> <span class='ocrx_word' id='word_1_277' title='bbox 1041 2784 1160 2837; x_wconf 91' lang='lat' dir='ltr'>retinent</span> <span class='ocrx_word' id='word_1_278' title='bbox 1176 2799 1182 2835; x_wconf 94' lang='lat'><strong>:</strong></span> <span class='ocrx_word' id='word_1_279' title='bbox 1198 2784 1225 2836; x_wconf 92' lang='lat' dir='ltr'>in</span> <span class='ocrx_word' id='word_1_280' title='bbox 1246 2789 1339 2851; x_wconf 87' lang='lat' dir='ltr'>partes</span> <span class='ocrx_word' id='word_1_281' title='bbox 1362 2786 1466 2839; x_wconf 88' lang='lat' dir='ltr'>scilicet</span> <span class='ocrx_word' id='word_1_282' title='bbox 1483 2787 1562 2841; x_wconf 85' lang='lat' dir='ltr'>scissi</span> 
     </span>
     <span class='ocr_line' id='line_1_28' title="bbox 344 2869 1565 2942; baseline -0.004 -12"><span class='ocrx_word' id='word_1_283' title='bbox 344 2885 447 2942; x_wconf 85' lang='lat' dir='ltr'>corpus</span> <span class='ocrx_word' id='word_1_284' title='bbox 460 2879 488 2928; x_wconf 89' lang='lat' dir='ltr'>et</span> <span class='ocrx_word' id='word_1_285' title='bbox 508 2875 622 2940; x_wconf 81' lang='lat' dir='ltr'>sanguis</span> <span class='ocrx_word' id='word_1_286' title='bbox 636 2871 734 2925; x_wconf 83' lang='lat' dir='ltr'>Christi</span> <span class='ocrx_word' id='word_1_287' title='bbox 746 2883 802 2924; x_wconf 92' lang='lat' dir='ltr'>non</span> <span class='ocrx_word' id='word_1_288' title='bbox 820 2869 936 2934; x_wconf 87' lang='lat' dir='ltr'>adsunt,</span> <span class='ocrx_word' id='word_1_289' title='bbox 971 2869 1093 2923; x_wconf 84' lang='lat' dir='ltr'>diversas</span> <span class='ocrx_word' id='word_1_290' title='bbox 1120 2873 1295 2936; x_wconf 70' lang='lat' dir='ltr'>propugnant</span> <span class='ocrx_word' id='word_1_291' title='bbox 1318 2870 1478 2924; x_wconf 88' lang='lat' dir='ltr'>sententias.</span> <span class='ocrx_word' id='word_1_292' title='bbox 1504 2872 1565 2925; x_wconf 83' lang='lat' dir='ltr'>llul·</span> 
     </span>
     <span class='ocr_line' id='line_1_29' title="bbox 344 2954 1561 3027; baseline -0.002 -15"><span class='ocrx_word' id='word_1_293' title='bbox 344 2961 472 3027; x_wconf 87' lang='lat' dir='ltr'>quamvis</span> <span class='ocrx_word' id='word_1_294' title='bbox 489 2961 551 3026; x_wconf 88' lang='lat' dir='ltr'>quis</span> <span class='ocrx_word' id='word_1_295' title='bbox 571 2959 671 3013; x_wconf 89' lang='lat' dir='ltr'>mentis</span> <span class='ocrx_word' id='word_1_296' title='bbox 697 2957 817 3024; x_wconf 88' lang='lat' dir='ltr'>quodam</span> <span class='ocrx_word' id='word_1_297' title='bbox 837 2959 938 3009; x_wconf 92' lang='lat' dir='ltr'>conatu</span> <span class='ocrx_word' id='word_1_298' title='bbox 972 2955 1032 3008; x_wconf 90' lang='lat' dir='ltr'>tarii</span> <span class='ocrx_word' id='word_1_299' title='bbox 1058 2954 1206 3009; x_wconf 64' lang='lat' dir='ltr'>tremorum</span> <span class='ocrx_word' id='word_1_300' title='bbox 1237 2955 1400 3022; x_wconf 78' lang='lat' dir='ltr'>ambagibus</span> <span class='ocrx_word' id='word_1_301' title='bbox 1429 2957 1561 3020; x_wconf 89' lang='lat' dir='ltr'>remotis,</span> 
     </span>
     <span class='ocr_line' id='line_1_30' title="bbox 345 3039 1565 3109; baseline -0.002 -10"><span class='ocrx_word' id='word_1_302' title='bbox 345 3057 381 3099; x_wconf 91' lang='lat' dir='ltr'>ea</span> <span class='ocrx_word' id='word_1_303' title='bbox 408 3045 518 3109; x_wconf 89' lang='lat' dir='ltr'>adesse,</span> <span class='ocrx_word' id='word_1_304' title='bbox 536 3044 588 3097; x_wconf 91' lang='lat' dir='ltr'>sibi</span> <span class='ocrx_word' id='word_1_305' title='bbox 615 3041 829 3105; x_wconf 85' lang='lat' dir='ltr'>communicari,</span> <span class='ocrx_word' id='word_1_306' title='bbox 852 3053 938 3107; x_wconf 89' lang='lat' dir='ltr'>seque</span> <span class='ocrx_word' id='word_1_307' title='bbox 971 3039 1137 3106; x_wconf 91' lang='lat' dir='ltr'>prolitentur</span> <span class='ocrx_word' id='word_1_308' title='bbox 1172 3039 1374 3093; x_wconf 77' lang='lat' dir='ltr'>Eucharistiarn</span> <span class='ocrx_word' id='word_1_309' title='bbox 1410 3054 1490 3094; x_wconf 83' lang='lat' dir='ltr'>nrera</span> <span class='ocrx_word' id='word_1_310' title='bbox 1501 3055 1565 3098; x_wconf 89' lang='lat' dir='ltr'>esse</span> 
     </span>
    </p>
   </div>
   <div class='ocr_carea' id='block_1_3' title="bbox 345 3125 1565 3192">
    <p class='ocr_par' dir='ltr' id='par_1_4' title="bbox 345 3125 1565 3192">
     <span class='ocr_line' id='line_1_31' title="bbox 345 3125 1565 3192; baseline -0.003 -9"><span class='ocrx_word' id='word_1_311' title='bbox 345 3127 388 3183; x_wconf 85' lang='lat' dir='ltr'>sic</span> <span class='ocrx_word' id='word_1_312' title='bbox 404 3129 477 3183; x_wconf 86' lang='lat' dir='ltr'>retici</span> <span class='ocrx_word' id='word_1_313' title='bbox 495 3134 522 3183; x_wconf 90' lang='lat' dir='ltr'>ct</span> <span class='ocrx_word' id='word_1_314' title='bbox 543 3128 686 3182; x_wconf 80' lang='lat' dir='ltr'>refocillari</span> <span class='ocrx_word' id='word_1_315' title='bbox 705 3126 850 3192; x_wconf 88' lang='lat' dir='ltr'>concipiat.</span> <span class='ocrx_word' id='word_1_316' title='bbox 865 3127 938 3189; x_wconf 84' lang='lat' dir='ltr'>Quas</span> <span class='ocrx_word' id='word_1_317' title='bbox 972 3126 1096 3192; x_wconf 82' lang='lat' dir='ltr'>symbola</span> <span class='ocrx_word' id='word_1_318' title='bbox 1109 3125 1208 3177; x_wconf 74' lang='lat' dir='ltr'>Christi</span> <span class='ocrx_word' id='word_1_319' title='bbox 1228 3125 1339 3187; x_wconf 87' lang='lat' dir='ltr'>mortis,</span> <span class='ocrx_word' id='word_1_320' title='bbox 1352 3125 1427 3178; x_wconf 92' lang='lat' dir='ltr'>nulla</span> <span class='ocrx_word' id='word_1_321' title='bbox 1445 3125 1565 3183; x_wconf 83' lang='lat' dir='ltr'>ehicaeia</span> 
     </span>
    </p>
   </div>
   <div class='ocr_carea' id='block_1_4' title="bbox 321 3399 1568 4704">
    <p class='ocr_par' dir='ltr' id='par_1_5' title="bbox 341 3399 1568 4627">
     <span class='ocr_line' id='line_1_32' title="bbox 372 3399 1565 3464; baseline -0.008 -11"><span class='ocrx_word' id='word_1_322' title='bbox 372 3413 400 3464; x_wconf 80' lang='grc' dir='ltr'>μ)</span> <span class='ocrx_word' id='word_1_323' title='bbox 414 3428 424 3452; x_wconf 81' lang='lat' dir='ltr'>s</span> <span class='ocrx_word' id='word_1_324' title='bbox 438 3411 521 3464; x_wconf 75' lang='lat' dir='ltr'>lbsgin</span> <span class='ocrx_word' id='word_1_325' title='bbox 530 3409 582 3450; x_wconf 78' lang='lat' dir='ltr'>nith</span> <span class='ocrx_word' id='word_1_326' title='bbox 592 3407 629 3448; x_wconf 90' lang='lat' dir='ltr'>tbe</span> <span class='ocrx_word' id='word_1_327' title='bbox 638 3406 726 3448; x_wconf 83' lang='lat' dir='ltr'>Choreb</span> <span class='ocrx_word' id='word_1_328' title='bbox 734 3404 759 3446; x_wconf 86' lang='lat' dir='ltr'>oi</span> <span class='ocrx_word' id='word_1_329' title='bbox 766 3402 880 3455; x_wconf 78' lang='lat' dir='ltr'>linglsnd..</span> <span class='ocrx_word' id='word_1_330' title='bbox 890 3429 896 3442; x_wconf 88' lang='lat'><strong>.</strong></span> <span class='ocrx_word' id='word_1_331' title='bbox 911 3426 918 3440; x_wconf 85' lang='lat'><strong>.</strong></span> <span class='ocrx_word' id='word_1_332' title='bbox 934 3429 941 3443; x_wconf 88' lang='lat'><strong>.</strong></span> <span class='ocrx_word' id='word_1_333' title='bbox 973 3413 1006 3443; x_wconf 80' lang='lat' dir='ltr'>sss</span> <span class='ocrx_word' id='word_1_334' title='bbox 1013 3405 1048 3442; x_wconf 82' lang='lat' dir='ltr'>est</span> <span class='ocrx_word' id='word_1_335' title='bbox 1062 3400 1105 3442; x_wconf 81' lang='lat' dir='ltr'>end</span> <span class='ocrx_word' id='word_1_336' title='bbox 1115 3399 1178 3441; x_wconf 84' lang='lat' dir='ltr'>drinls</span> <span class='ocrx_word' id='word_1_337' title='bbox 1193 3399 1327 3441; x_wconf 76' lang='lat' dir='ltr'>thererithru</span> <span class='ocrx_word' id='word_1_338' title='bbox 1337 3401 1373 3441; x_wconf 90' lang='lat' dir='ltr'>the</span> <span class='ocrx_word' id='word_1_339' title='bbox 1381 3401 1439 3454; x_wconf 75' lang='lat' dir='ltr'>ltodp</span> <span class='ocrx_word' id='word_1_340' title='bbox 1448 3404 1491 3445; x_wconf 83' lang='lat' dir='ltr'>end</span> <span class='ocrx_word' id='word_1_341' title='bbox 1499 3405 1565 3447; x_wconf 77' lang='lat' dir='ltr'>blood</span> 
     </span>
     <span class='ocr_line' id='line_1_33' title="bbox 341 3469 1565 3528; baseline -0.008 -3"><span class='ocrx_word' id='word_1_342' title='bbox 341 3485 365 3525; x_wconf 91' lang='lat' dir='ltr'>lt</span> <span class='ocrx_word' id='word_1_343' title='bbox 374 3481 475 3522; x_wconf 82' lang='lat' dir='ltr'>teachetb</span> <span class='ocrx_word' id='word_1_344' title='bbox 488 3477 604 3528; x_wconf 73' lang='lat' dir='ltr'>therefore,</span> <span class='ocrx_word' id='word_1_345' title='bbox 621 3491 632 3514; x_wconf 78' lang='grc' dir='ltr'><strong>ι</strong></span> <span class='ocrx_word' id='word_1_346' title='bbox 649 3475 697 3516; x_wconf 80' lang='lat' dir='ltr'>that</span> <span class='ocrx_word' id='word_1_347' title='bbox 708 3475 731 3515; x_wconf 91' lang='lat' dir='ltr'>in</span> <span class='ocrx_word' id='word_1_348' title='bbox 746 3474 784 3514; x_wconf 88' lang='lat' dir='ltr'>tbe</span> <span class='ocrx_word' id='word_1_349' title='bbox 799 3472 887 3513; x_wconf 81' lang='lat' dir='ltr'>lllesssd</span> <span class='ocrx_word' id='word_1_350' title='bbox 903 3472 942 3514; x_wconf 80' lang='lat' dir='ltr'>Se·</span> <span class='ocrx_word' id='word_1_351' title='bbox 973 3470 998 3510; x_wconf 88' lang='lat' dir='ltr'>ei</span> <span class='ocrx_word' id='word_1_352' title='bbox 1007 3469 1134 3521; x_wconf 67' lang='lat' dir='ltr'>consessu</span> <span class='ocrx_word' id='word_1_353' title='bbox 1149 3469 1301 3522; x_wconf 79' lang='lat' dir='ltr'>incorporet</span> <span class='ocrx_word' id='word_1_354' title='bbox 1319 3471 1494 3524; x_wconf 58' lang='lat' dir='ltr'>brumbam</span> <span class='ocrx_word' id='word_1_355' title='bbox 1503 3485 1565 3516; x_wconf 77' lang='lat' dir='ltr'>sene</span> 
     </span>
     <span class='ocr_line' id='line_1_34' title="bbox 341 3529 1565 3600; baseline -0.007 -9"><span class='ocrx_word' id='word_1_356' title='bbox 341 3548 503 3600; x_wconf 76' lang='lat' dir='ltr'>crement,tbs</span> <span class='ocrx_word' id='word_1_357' title='bbox 512 3547 570 3600; x_wconf 70' lang='lat' dir='ltr'>body</span> <span class='ocrx_word' id='word_1_358' title='bbox 584 3547 609 3588; x_wconf 82' lang='lat' dir='ltr'>oi</span> <span class='ocrx_word' id='word_1_359' title='bbox 621 3546 694 3589; x_wconf 82' lang='lat' dir='ltr'>Christ</span> <span class='ocrx_word' id='word_1_360' title='bbox 703 3545 723 3586; x_wconf 90' lang='lat' dir='ltr'>is</span> <span class='ocrx_word' id='word_1_361' title='bbox 732 3543 889 3597; x_wconf 72' lang='lat' dir='ltr'>gisen,tslsen,</span> <span class='ocrx_word' id='word_1_362' title='bbox 898 3541 940 3583; x_wconf 80' lang='lat' dir='ltr'>and</span> <span class='ocrx_word' id='word_1_363' title='bbox 972 3540 1035 3580; x_wconf 88' lang='lat' dir='ltr'>other</span> <span class='ocrx_word' id='word_1_364' title='bbox 1050 3551 1113 3593; x_wconf 72' lang='lat' dir='ltr'>sep,</span> <span class='ocrx_word' id='word_1_365' title='bbox 1128 3529 1351 3593; x_wconf 66' lang='lat' dir='ltr'>incomprehensible,</span> <span class='ocrx_word' id='word_1_366' title='bbox 1376 3540 1453 3582; x_wconf 75' lang='lat' dir='ltr'>bnosn</span> <span class='ocrx_word' id='word_1_367' title='bbox 1474 3543 1525 3596; x_wconf 74' lang='lat' dir='ltr'>only</span> <span class='ocrx_word' id='word_1_368' title='bbox 1542 3548 1565 3584; x_wconf 89' lang='lat' dir='ltr'>to</span> 
     </span>
     <span class='ocr_line' id='line_1_35' title="bbox 343 3609 1565 3668; baseline -0.006 -7"><span class='ocrx_word' id='word_1_369' title='bbox 343 3625 423 3667; x_wconf 66' lang='lat' dir='ltr'>estem</span> <span class='ocrx_word' id='word_1_370' title='bbox 434 3629 459 3659; x_wconf 90' lang='lat' dir='ltr'>so</span> <span class='ocrx_word' id='word_1_371' title='bbox 472 3617 519 3658; x_wconf 82' lang='lat' dir='ltr'>tbet</span> <span class='ocrx_word' id='word_1_372' title='bbox 536 3622 558 3657; x_wconf 89' lang='lat' dir='ltr'>to</span> <span class='ocrx_word' id='word_1_373' title='bbox 573 3616 611 3657; x_wconf 87' lang='lat' dir='ltr'>the</span> <span class='ocrx_word' id='word_1_374' title='bbox 627 3616 714 3668; x_wconf 73' lang='lat' dir='ltr'>sortby</span> <span class='ocrx_word' id='word_1_375' title='bbox 726 3613 831 3655; x_wconf 75' lang='lat' dir='ltr'>rescivere</span> <span class='ocrx_word' id='word_1_376' title='bbox 841 3612 877 3652; x_wconf 87' lang='lat' dir='ltr'>the</span> <span class='ocrx_word' id='word_1_377' title='bbox 890 3623 941 3652; x_wconf 90' lang='lat' dir='ltr'>con·</span> <span class='ocrx_word' id='word_1_378' title='bbox 972 3610 1030 3664; x_wconf 73' lang='lat' dir='ltr'>flod,</span> <span class='ocrx_word' id='word_1_379' title='bbox 1039 3609 1109 3652; x_wconf 77' lang='lat' dir='ltr'>sbicb</span> <span class='ocrx_word' id='word_1_380' title='bbox 1118 3622 1149 3652; x_wconf 76' lang='lat' dir='ltr'>rte</span> <span class='ocrx_word' id='word_1_381' title='bbox 1157 3611 1197 3651; x_wconf 85' lang='lat' dir='ltr'>cell</span> <span class='ocrx_word' id='word_1_382' title='bbox 1210 3610 1318 3664; x_wconf 79' lang='lat' dir='ltr'>spiritual.</span> <span class='ocrx_word' id='word_1_383' title='bbox 1326 3610 1429 3652; x_wconf 69' lang='lat' dir='ltr'>»ibidem</span> <span class='ocrx_word' id='word_1_384' title='bbox 1438 3611 1462 3653; x_wconf 88' lang='lat' dir='ltr'>ln</span> <span class='ocrx_word' id='word_1_385' title='bbox 1471 3612 1565 3655; x_wconf 79' lang='lat' dir='ltr'>liobriee</span> 
     </span>
     <span class='ocr_line' id='line_1_36' title="bbox 343 3679 1568 3736; baseline -0.007 -4"><span class='ocrx_word' id='word_1_386' title='bbox 343 3685 659 3734; x_wconf 81' lang='lat' dir='ltr'>secretsdendbroltsnbresd</span> <span class='ocrx_word' id='word_1_387' title='bbox 676 3686 695 3726; x_wconf 95' lang='lat' dir='ltr'>is</span> <span class='ocrx_word' id='word_1_388' title='bbox 712 3681 939 3725; x_wconf 85' lang='lat' dir='ltr'>tbscommnnication</span> <span class='ocrx_word' id='word_1_389' title='bbox 972 3679 1031 3721; x_wconf 82' lang='lat' dir='ltr'>Libri</span> <span class='ocrx_word' id='word_1_390' title='bbox 1059 3679 1168 3722; x_wconf 78' lang='lat' dir='ltr'>Orationis</span> <span class='ocrx_word' id='word_1_391' title='bbox 1196 3680 1341 3734; x_wconf 82' lang='lat' dir='ltr'>Communis,</span> <span class='ocrx_word' id='word_1_392' title='bbox 1355 3680 1407 3722; x_wconf 87' lang='lat' dir='ltr'>editi</span> <span class='ocrx_word' id='word_1_393' title='bbox 1426 3693 1484 3723; x_wconf 86' lang='lat' dir='ltr'>sono</span> <span class='ocrx_word' id='word_1_394' title='bbox 1502 3688 1568 3736; x_wconf 75' lang='lat' dir='ltr'>lbet,</span> 
     </span>
     <span class='ocr_line' id='line_1_37' title="bbox 343 3749 1566 3811; baseline -0.007 -10"><span class='ocrx_word' id='word_1_395' title='bbox 343 3758 415 3801; x_wconf 87' lang='lat' dir='ltr'>oitbe</span> <span class='ocrx_word' id='word_1_396' title='bbox 428 3757 486 3811; x_wconf 79' lang='lat' dir='ltr'>body</span> <span class='ocrx_word' id='word_1_397' title='bbox 504 3756 529 3797; x_wconf 86' lang='lat' dir='ltr'>oi</span> <span class='ocrx_word' id='word_1_398' title='bbox 539 3755 626 3806; x_wconf 80' lang='lat' dir='ltr'>cbrist3</span> <span class='ocrx_word' id='word_1_399' title='bbox 645 3754 688 3797; x_wconf 84' lang='lat' dir='ltr'>end</span> <span class='ocrx_word' id='word_1_400' title='bbox 701 3753 797 3796; x_wconf 80' lang='lat' dir='ltr'>libertise</span> <span class='ocrx_word' id='word_1_401' title='bbox 813 3752 850 3794; x_wconf 89' lang='lat' dir='ltr'>the</span> <span class='ocrx_word' id='word_1_402' title='bbox 866 3763 940 3792; x_wconf 83' lang='lat' dir='ltr'>conss·</span> <span class='ocrx_word' id='word_1_403' title='bbox 972 3749 1072 3790; x_wconf 75' lang='lat' dir='ltr'>Eduardo</span> <span class='ocrx_word' id='word_1_404' title='bbox 1082 3754 1336 3803; x_wconf 54' lang='lat' dir='ltr'>Madamprum</span> <span class='ocrx_word' id='word_1_405' title='bbox 1345 3753 1490 3804; x_wconf 76' lang='lat' dir='ltr'>estntmejcr</span> <span class='ocrx_word' id='word_1_406' title='bbox 1501 3752 1566 3805; x_wconf 83' lang='lat' dir='ltr'>penis</span> 
     </span>
     <span class='ocr_line' id='line_1_38' title="bbox 345 3819 1567 3880; baseline -0.006 -11"><span class='ocrx_word' id='word_1_407' title='bbox 345 3827 420 3870; x_wconf 71' lang='lat' dir='ltr'>eund</span> <span class='ocrx_word' id='word_1_408' title='bbox 437 3826 531 3880; x_wconf 83' lang='lat' dir='ltr'>Cuptbe</span> <span class='ocrx_word' id='word_1_409' title='bbox 548 3823 764 3866; x_wconf 81' lang='lat' dir='ltr'>communicetiouoi</span> <span class='ocrx_word' id='word_1_410' title='bbox 779 3822 818 3863; x_wconf 85' lang='lat' dir='ltr'>llis</span> <span class='ocrx_word' id='word_1_411' title='bbox 834 3821 909 3862; x_wconf 81' lang='lat' dir='ltr'>blood.</span> <span class='ocrx_word' id='word_1_412' title='bbox 928 3834 939 3858; x_wconf 69' lang='grc' dir='ltr'><strong>ι</strong></span> <span class='ocrx_word' id='word_1_413' title='bbox 972 3824 1117 3871; x_wconf 72' lang='lat' dir='ltr'>apponeretur</span> <span class='ocrx_word' id='word_1_414' title='bbox 1129 3819 1332 3873; x_wconf 74' lang='lat' dir='ltr'>consecrandus,et</span> <span class='ocrx_word' id='word_1_415' title='bbox 1347 3820 1453 3872; x_wconf 83' lang='lat' dir='ltr'>inpertes</span> <span class='ocrx_word' id='word_1_416' title='bbox 1470 3821 1567 3862; x_wconf 78' lang='lat' dir='ltr'>dividen-</span> 
     </span>
     <span class='ocr_line' id='line_1_39' title="bbox 345 3887 1565 3948; baseline -0.007 -10"><span class='ocrx_word' id='word_1_417' title='bbox 345 3897 397 3938; x_wconf 75' lang='lat' dir='ltr'>linc</span> <span class='ocrx_word' id='word_1_418' title='bbox 406 3897 497 3938; x_wconf 84' lang='lat' dir='ltr'>loannes</span> <span class='ocrx_word' id='word_1_419' title='bbox 507 3895 573 3938; x_wconf 91' lang='lat' dir='ltr'>Cosin</span> <span class='ocrx_word' id='word_1_420' title='bbox 582 3895 704 3948; x_wconf 77' lang='lat' dir='ltr'>Episcopus</span> <span class='ocrx_word' id='word_1_421' title='bbox 714 3891 824 3946; x_wconf 78' lang='lat' dir='ltr'>quondm</span> <span class='ocrx_word' id='word_1_422' title='bbox 834 3889 939 3940; x_wconf 81' lang='lat' dir='ltr'>horbem,</span> <span class='ocrx_word' id='word_1_423' title='bbox 971 3887 1021 3940; x_wconf 84' lang='lat' dir='ltr'>dns,</span> <span class='ocrx_word' id='word_1_424' title='bbox 1033 3887 1144 3940; x_wconf 81' lang='lat' dir='ltr'>simulque</span> <span class='ocrx_word' id='word_1_425' title='bbox 1151 3887 1233 3928; x_wconf 84' lang='lat' dir='ltr'>tiletum</span> <span class='ocrx_word' id='word_1_426' title='bbox 1246 3892 1293 3928; x_wconf 83' lang='lat' dir='ltr'>est:</span> <span class='ocrx_word' id='word_1_427' title='bbox 1303 3901 1315 3926; x_wconf 84' lang='lat' dir='ltr'>s</span> <span class='ocrx_word' id='word_1_428' title='bbox 1325 3888 1372 3928; x_wconf 70' lang='lat' dir='ltr'>len</span> <span class='ocrx_word' id='word_1_429' title='bbox 1385 3893 1443 3929; x_wconf 85' lang='lat' dir='ltr'>must</span> <span class='ocrx_word' id='word_1_430' title='bbox 1456 3894 1494 3929; x_wconf 88' lang='lat' dir='ltr'>not</span> <span class='ocrx_word' id='word_1_431' title='bbox 1502 3889 1565 3930; x_wconf 76' lang='lat' dir='ltr'>think</span> 
     </span>
     <span class='ocr_line' id='line_1_40' title="bbox 345 3952 1566 4019; baseline -0.007 -12"><span class='ocrx_word' id='word_1_432' title='bbox 345 3977 412 4019; x_wconf 86' lang='lat' dir='ltr'>quem</span> <span class='ocrx_word' id='word_1_433' title='bbox 427 3971 550 4018; x_wconf 87' lang='lat' dir='ltr'>sequuntur</span> <span class='ocrx_word' id='word_1_434' title='bbox 569 3964 708 4007; x_wconf 81' lang='lat' dir='ltr'>Osonlensss.</span> <span class='ocrx_word' id='word_1_435' title='bbox 726 3961 774 4002; x_wconf 76' lang='lat' dir='ltr'>Vol.</span> <span class='ocrx_word' id='word_1_436' title='bbox 793 3959 808 4000; x_wconf 92' lang='lat' dir='ltr'>i.</span> <span class='ocrx_word' id='word_1_437' title='bbox 826 3963 888 4000; x_wconf 79' lang='lat' dir='ltr'>tract.</span> <span class='ocrx_word' id='word_1_438' title='bbox 904 3963 939 3999; x_wconf 71' lang='lat' dir='ltr'>st.</span> <span class='ocrx_word' id='word_1_439' title='bbox 972 3955 1217 3997; x_wconf 84' lang='lat' dir='ltr'>lesstohereseirsdin</span> <span class='ocrx_word' id='word_1_440' title='bbox 1226 3961 1276 4008; x_wconf 81' lang='lat' dir='ltr'>pest</span> <span class='ocrx_word' id='word_1_441' title='bbox 1290 3952 1344 3996; x_wconf 71' lang='lat' dir='ltr'>then</span> <span class='ocrx_word' id='word_1_442' title='bbox 1357 3955 1379 3995; x_wconf 90' lang='lat' dir='ltr'>in</span> <span class='ocrx_word' id='word_1_443' title='bbox 1389 3956 1427 3996; x_wconf 87' lang='lat' dir='ltr'>tbe</span> <span class='ocrx_word' id='word_1_444' title='bbox 1436 3957 1515 4009; x_wconf 68' lang='lat' dir='ltr'>ubete,</span> <span class='ocrx_word' id='word_1_445' title='bbox 1526 3957 1566 3998; x_wconf 82' lang='lat' dir='ltr'>bnt</span> 
     </span>
     <span class='ocr_line' id='line_1_41' title="bbox 345 4022 1567 4088; baseline -0.007 -13"><span class='ocrx_word' id='word_1_446' title='bbox 345 4034 408 4076; x_wconf 79' lang='lat' dir='ltr'>Alius</span> <span class='ocrx_word' id='word_1_447' title='bbox 424 4033 544 4088; x_wconf 79' lang='lat' dir='ltr'>Episcopus</span> <span class='ocrx_word' id='word_1_448' title='bbox 562 4031 696 4084; x_wconf 69' lang='lat' dir='ltr'>anglicanus</span> <span class='ocrx_word' id='word_1_449' title='bbox 706 4029 731 4070; x_wconf 81' lang='lat' dir='ltr'>h.</span> <span class='ocrx_word' id='word_1_450' title='bbox 741 4028 857 4078; x_wconf 73' lang='lat' dir='ltr'>Andms,</span> <span class='ocrx_word' id='word_1_451' title='bbox 873 4035 940 4077; x_wconf 80' lang='lat' dir='ltr'>qoem</span> <span class='ocrx_word' id='word_1_452' title='bbox 973 4023 996 4064; x_wconf 81' lang='lat' dir='ltr'>in</span> <span class='ocrx_word' id='word_1_453' title='bbox 1005 4023 1058 4064; x_wconf 78' lang='lat' dir='ltr'>sech</span> <span class='ocrx_word' id='word_1_454' title='bbox 1067 4023 1157 4064; x_wconf 84' lang='lat' dir='ltr'>oitbern</span> <span class='ocrx_word' id='word_1_455' title='bbox 1165 4023 1203 4063; x_wconf 83' lang='lat' dir='ltr'>the</span> <span class='ocrx_word' id='word_1_456' title='bbox 1212 4023 1283 4065; x_wconf 66' lang='lat' dir='ltr'>whole</span> <span class='ocrx_word' id='word_1_457' title='bbox 1291 4023 1351 4076; x_wconf 69' lang='lat' dir='ltr'>Body</span> <span class='ocrx_word' id='word_1_458' title='bbox 1358 4022 1384 4062; x_wconf 82' lang='lat' dir='ltr'>oi</span> <span class='ocrx_word' id='word_1_459' title='bbox 1389 4033 1431 4063; x_wconf 83' lang='lat' dir='ltr'>our</span> <span class='ocrx_word' id='word_1_460' title='bbox 1439 4024 1495 4064; x_wconf 77' lang='lat' dir='ltr'>hors</span> <span class='ocrx_word' id='word_1_461' title='bbox 1503 4025 1567 4066; x_wconf 78' lang='lat' dir='ltr'>lesos</span> 
     </span>
     <span class='ocr_line' id='line_1_42' title="bbox 345 4093 1087 4155; baseline -0.019 -9"><span class='ocrx_word' id='word_1_462' title='bbox 345 4103 439 4146; x_wconf 80' lang='lat' dir='ltr'>cosinus</span> <span class='ocrx_word' id='word_1_463' title='bbox 452 4103 518 4155; x_wconf 81' lang='lat' dir='ltr'>citet,</span> <span class='ocrx_word' id='word_1_464' title='bbox 535 4101 667 4155; x_wconf 84' lang='lat' dir='ltr'>respondens</span> <span class='ocrx_word' id='word_1_465' title='bbox 687 4097 817 4139; x_wconf 76' lang='lat' dir='ltr'>bellarmino</span> <span class='ocrx_word' id='word_1_466' title='bbox 832 4094 939 4148; x_wconf 79' lang='lat' dir='ltr'>scripsit:</span> <span class='ocrx_word' id='word_1_467' title='bbox 972 4093 1056 4134; x_wconf 79' lang='lat' dir='ltr'>christ.</span> <span class='ocrx_word' id='word_1_468' title='bbox 1073 4105 1087 4132; x_wconf 79' lang='lat' dir='ltr'>s</span> 
     </span>
     <span class='ocr_line' id='line_1_43' title="bbox 344 4159 1564 4224; baseline -0.009 -12"><span class='ocrx_word' id='word_1_469' title='bbox 344 4187 357 4212; x_wconf 77' lang='lat' dir='ltr'>s</span> <span class='ocrx_word' id='word_1_470' title='bbox 371 4171 445 4215; x_wconf 85' lang='lat' dir='ltr'>Christ</span> <span class='ocrx_word' id='word_1_471' title='bbox 462 4172 518 4224; x_wconf 84' lang='lat' dir='ltr'>said,</span> <span class='ocrx_word' id='word_1_472' title='bbox 527 4171 579 4212; x_wconf 82' lang='lat' dir='ltr'>&#39;ibis</span> <span class='ocrx_word' id='word_1_473' title='bbox 589 4170 607 4211; x_wconf 93' lang='lat' dir='ltr'>is</span> <span class='ocrx_word' id='word_1_474' title='bbox 619 4181 655 4223; x_wconf 77' lang='lat' dir='ltr'>my</span> <span class='ocrx_word' id='word_1_475' title='bbox 665 4167 738 4222; x_wconf 65' lang='lat' dir='ltr'>Bodys</span> <span class='ocrx_word' id='word_1_476' title='bbox 749 4166 772 4207; x_wconf 90' lang='lat' dir='ltr'>in</span> <span class='ocrx_word' id='word_1_477' title='bbox 789 4163 842 4216; x_wconf 87' lang='lat' dir='ltr'>this,</span> <span class='ocrx_word' id='word_1_478' title='bbox 850 4164 888 4205; x_wconf 91' lang='lat' dir='ltr'>tbs</span> <span class='ocrx_word' id='word_1_479' title='bbox 902 4163 940 4204; x_wconf 88' lang='lat' dir='ltr'>ob-</span> <span class='ocrx_word' id='word_1_480' title='bbox 999 4161 1025 4214; x_wconf 70' lang='lat' dir='ltr'>ibt</span> <span class='ocrx_word' id='word_1_481' title='bbox 1039 4175 1049 4196; x_wconf 78' lang='grc' dir='ltr'><strong>ι</strong></span> <span class='ocrx_word' id='word_1_482' title='bbox 1064 4161 1084 4201; x_wconf 87' lang='lat' dir='ltr'>lt</span> <span class='ocrx_word' id='word_1_483' title='bbox 1093 4161 1212 4213; x_wconf 77' lang='lat' dir='ltr'>mles,is</span> <span class='ocrx_word' id='word_1_484' title='bbox 1227 4161 1289 4201; x_wconf 83' lang='lat' dir='ltr'>trntb</span> <span class='ocrx_word' id='word_1_485' title='bbox 1299 4159 1407 4212; x_wconf 82' lang='lat' dir='ltr'>,smsn&#39;s</span> <span class='ocrx_word' id='word_1_486' title='bbox 1420 4173 1431 4196; x_wconf 78' lang='grc' dir='ltr'><strong>ι</strong></span> <span class='ocrx_word' id='word_1_487' title='bbox 1444 4170 1494 4212; x_wconf 73' lang='lat' dir='ltr'>eyes</span> <span class='ocrx_word' id='word_1_488' title='bbox 1506 4161 1564 4212; x_wconf 70' lang='lat' dir='ltr'>gosb</span> 
     </span>
     <span class='ocr_line' id='line_1_44' title="bbox 343 4227 1565 4302; baseline -0.011 -17"><span class='ocrx_word' id='word_1_489' title='bbox 343 4248 403 4302; x_wconf 79' lang='lat' dir='ltr'>ject,</span> <span class='ocrx_word' id='word_1_490' title='bbox 414 4253 446 4284; x_wconf 82' lang='lat' dir='ltr'>ste</span> <span class='ocrx_word' id='word_1_491' title='bbox 459 4254 496 4283; x_wconf 83' lang='lat' dir='ltr'>ere</span> <span class='ocrx_word' id='word_1_492' title='bbox 512 4241 592 4294; x_wconf 75' lang='lat' dir='ltr'>agreed</span> <span class='ocrx_word' id='word_1_493' title='bbox 608 4239 661 4283; x_wconf 80' lang='lat' dir='ltr'>tritb</span> <span class='ocrx_word' id='word_1_494' title='bbox 674 4249 725 4292; x_wconf 77' lang='lat' dir='ltr'>yon,</span> <span class='ocrx_word' id='word_1_495' title='bbox 737 4236 873 4277; x_wconf 78' lang='lat' dir='ltr'>themannsr</span> <span class='ocrx_word' id='word_1_496' title='bbox 889 4231 939 4286; x_wconf 76' lang='lat' dir='ltr'>only</span> <span class='ocrx_word' id='word_1_497' title='bbox 972 4235 1012 4271; x_wconf 83' lang='lat' dir='ltr'>out</span> <span class='ocrx_word' id='word_1_498' title='bbox 1028 4229 1080 4272; x_wconf 80' lang='lat' dir='ltr'>trith</span> <span class='ocrx_word' id='word_1_499' title='bbox 1095 4234 1162 4272; x_wconf 72' lang='lat' dir='ltr'>nster</span> <span class='ocrx_word' id='word_1_500' title='bbox 1178 4235 1227 4270; x_wconf 83' lang='lat' dir='ltr'>sto</span> <span class='ocrx_word' id='word_1_501' title='bbox 1246 4239 1283 4270; x_wconf 86' lang='lat' dir='ltr'>ses</span> <span class='ocrx_word' id='word_1_502' title='bbox 1300 4229 1322 4269; x_wconf 90' lang='lat' dir='ltr'>in</span> <span class='ocrx_word' id='word_1_503' title='bbox 1339 4228 1401 4268; x_wconf 83' lang='lat' dir='ltr'>these</span> <span class='ocrx_word' id='word_1_504' title='bbox 1413 4227 1565 4281; x_wconf 73' lang='lat' dir='ltr'>notiees‚bos</span> 
     </span>
     <span class='ocr_line' id='line_1_45' title="bbox 345 4296 1566 4357; baseline -0.009 -9"><span class='ocrx_word' id='word_1_505' title='bbox 345 4303 365 4348; x_wconf 83' lang='lat' dir='ltr'>is</span> <span class='ocrx_word' id='word_1_506' title='bbox 374 4307 528 4349; x_wconf 84' lang='lat' dir='ltr'>eontrosertsd.</span> <span class='ocrx_word' id='word_1_507' title='bbox 536 4303 576 4347; x_wconf 83' lang='lat' dir='ltr'>We</span> <span class='ocrx_word' id='word_1_508' title='bbox 588 4305 640 4346; x_wconf 90' lang='lat' dir='ltr'>bold</span> <span class='ocrx_word' id='word_1_509' title='bbox 655 4303 683 4357; x_wconf 78' lang='lat' dir='ltr'>by</span> <span class='ocrx_word' id='word_1_510' title='bbox 691 4301 762 4343; x_wconf 74' lang='lat' dir='ltr'>enim</span> <span class='ocrx_word' id='word_1_511' title='bbox 769 4298 847 4350; x_wconf 84' lang='lat' dir='ltr'>heliel,</span> <span class='ocrx_word' id='word_1_512' title='bbox 863 4298 910 4338; x_wconf 82' lang='lat' dir='ltr'>tbet</span> <span class='ocrx_word' id='word_1_513' title='bbox 922 4297 940 4338; x_wconf 85' lang='lat' dir='ltr'>it</span> <span class='ocrx_word' id='word_1_514' title='bbox 972 4299 1010 4340; x_wconf 80' lang='lat' dir='ltr'>the</span> <span class='ocrx_word' id='word_1_515' title='bbox 1018 4298 1113 4352; x_wconf 64' lang='lat' dir='ltr'>gloryoi</span> <span class='ocrx_word' id='word_1_516' title='bbox 1126 4309 1169 4339; x_wconf 84' lang='lat' dir='ltr'>ens</span> <span class='ocrx_word' id='word_1_517' title='bbox 1183 4297 1275 4349; x_wconf 85' lang='lat' dir='ltr'>cbnrcb,</span> <span class='ocrx_word' id='word_1_518' title='bbox 1290 4297 1328 4338; x_wconf 89' lang='lat' dir='ltr'>the</span> <span class='ocrx_word' id='word_1_519' title='bbox 1340 4296 1394 4350; x_wconf 63' lang='lat' dir='ltr'>days</span> <span class='ocrx_word' id='word_1_520' title='bbox 1402 4297 1428 4337; x_wconf 84' lang='lat' dir='ltr'>ei</span> <span class='ocrx_word' id='word_1_521' title='bbox 1434 4297 1566 4353; x_wconf 62' lang='lat' dir='ltr'>herponem,</span> 
     </span>
     <span class='ocr_line' id='line_1_46' title="bbox 344 4366 1565 4432; baseline -0.007 -12"><span class='ocrx_word' id='word_1_522' title='bbox 344 4377 366 4420; x_wconf 89' lang='lat' dir='ltr'>is</span> <span class='ocrx_word' id='word_1_523' title='bbox 380 4378 417 4418; x_wconf 88' lang='lat' dir='ltr'>tbe</span> <span class='ocrx_word' id='word_1_524' title='bbox 435 4377 495 4432; x_wconf 73' lang='lat' dir='ltr'>hody</span> <span class='ocrx_word' id='word_1_525' title='bbox 513 4375 538 4418; x_wconf 84' lang='lat' dir='ltr'>oi</span> <span class='ocrx_word' id='word_1_526' title='bbox 555 4375 661 4419; x_wconf 72' lang='lat' dir='ltr'>christ.»</span> <span class='ocrx_word' id='word_1_527' title='bbox 677 4373 773 4426; x_wconf 76' lang='lat' dir='ltr'>Explicet</span> <span class='ocrx_word' id='word_1_528' title='bbox 788 4368 882 4411; x_wconf 83' lang='lat' dir='ltr'>t&#39;osinns</span> <span class='ocrx_word' id='word_1_529' title='bbox 897 4369 938 4410; x_wconf 82' lang='lat' dir='ltr'>hrr-</span> <span class='ocrx_word' id='word_1_530' title='bbox 972 4370 1015 4412; x_wconf 84' lang='lat' dir='ltr'>end</span> <span class='ocrx_word' id='word_1_531' title='bbox 1033 4370 1073 4412; x_wconf 89' lang='lat' dir='ltr'>ber</span> <span class='ocrx_word' id='word_1_532' title='bbox 1088 4368 1137 4409; x_wconf 77' lang='lat' dir='ltr'>flrst</span> <span class='ocrx_word' id='word_1_533' title='bbox 1153 4369 1202 4409; x_wconf 85' lang='lat' dir='ltr'>loss</span> <span class='ocrx_word' id='word_1_534' title='bbox 1219 4379 1256 4409; x_wconf 80' lang='lat' dir='ltr'>ure</span> <span class='ocrx_word' id='word_1_535' title='bbox 1273 4366 1391 4420; x_wconf 82' lang='lat' dir='ltr'>deperted:</span> <span class='ocrx_word' id='word_1_536' title='bbox 1406 4367 1449 4408; x_wconf 81' lang='lat' dir='ltr'>end</span> <span class='ocrx_word' id='word_1_537' title='bbox 1461 4373 1486 4409; x_wconf 84' lang='lat' dir='ltr'>to</span> <span class='ocrx_word' id='word_1_538' title='bbox 1503 4369 1565 4412; x_wconf 81' lang='lat' dir='ltr'>tbisb</span> 
     </span>
     <span class='ocr_line' id='line_1_47' title="bbox 345 4436 1564 4500; baseline -0.006 -14"><span class='ocrx_word' id='word_1_539' title='bbox 345 4445 454 4500; x_wconf 68' lang='lat' dir='ltr'>glisonem</span> <span class='ocrx_word' id='word_1_540' title='bbox 470 4445 597 4487; x_wconf 75' lang='lat' dir='ltr'>septemium</span> <span class='ocrx_word' id='word_1_541' title='bbox 614 4456 621 4468; x_wconf 94' lang='lat'><strong>·</strong></span> <span class='ocrx_word' id='word_1_542' title='bbox 636 4443 696 4484; x_wconf 70' lang='lat' dir='ltr'>sile</span> <span class='ocrx_word' id='word_1_543' title='bbox 711 4441 819 4484; x_wconf 79' lang='lat' dir='ltr'>believes</span> <span class='ocrx_word' id='word_1_544' title='bbox 836 4449 939 4493; x_wconf 74' lang='lat' dir='ltr'>pmcnee</span> <span class='ocrx_word' id='word_1_545' title='bbox 971 4439 1078 4483; x_wconf 71' lang='lat' dir='ltr'>ebetsbe</span> <span class='ocrx_word' id='word_1_546' title='bbox 1090 4437 1162 4490; x_wconf 70' lang='lat' dir='ltr'>might</span> <span class='ocrx_word' id='word_1_547' title='bbox 1175 4436 1292 4478; x_wconf 78' lang='lat' dir='ltr'>basebesn</span> <span class='ocrx_word' id='word_1_548' title='bbox 1306 4436 1350 4478; x_wconf 85' lang='lat' dir='ltr'>hed</span> <span class='ocrx_word' id='word_1_549' title='bbox 1366 4437 1407 4478; x_wconf 89' lang='lat' dir='ltr'>sbe</span> <span class='ocrx_word' id='word_1_550' title='bbox 1416 4437 1479 4479; x_wconf 82' lang='lat' dir='ltr'>stood</span> <span class='ocrx_word' id='word_1_551' title='bbox 1495 4436 1564 4479; x_wconf 84' lang='lat' dir='ltr'>intbe</span> 
     </span>
     <span class='ocr_line' id='line_1_48' title="bbox 344 4505 1564 4562; baseline -0.007 -6"><span class='ocrx_word' id='word_1_552' title='bbox 344 4513 389 4556; x_wconf 82' lang='lat' dir='ltr'>sud</span> <span class='ocrx_word' id='word_1_553' title='bbox 407 4514 473 4555; x_wconf 91' lang='lat' dir='ltr'>nnion</span> <span class='ocrx_word' id='word_1_554' title='bbox 487 4513 512 4554; x_wconf 88' lang='lat' dir='ltr'>oi</span> <span class='ocrx_word' id='word_1_555' title='bbox 527 4513 601 4556; x_wconf 83' lang='lat' dir='ltr'>christ</span> <span class='ocrx_word' id='word_1_556' title='bbox 615 4511 667 4555; x_wconf 75' lang='lat' dir='ltr'>nith</span> <span class='ocrx_word' id='word_1_557' title='bbox 685 4521 726 4552; x_wconf 91' lang='lat' dir='ltr'>onr</span> <span class='ocrx_word' id='word_1_558' title='bbox 741 4509 790 4552; x_wconf 88' lang='lat' dir='ltr'>sonl</span> <span class='ocrx_word' id='word_1_559' title='bbox 808 4508 850 4549; x_wconf 81' lang='lat' dir='ltr'>end</span> <span class='ocrx_word' id='word_1_560' title='bbox 866 4508 938 4562; x_wconf 75' lang='lat' dir='ltr'>body,</span> <span class='ocrx_word' id='word_1_561' title='bbox 973 4509 1009 4551; x_wconf 82' lang='lat' dir='ltr'>old</span> <span class='ocrx_word' id='word_1_562' title='bbox 1016 4507 1163 4562; x_wconf 65' lang='lat' dir='ltr'>psthssbbe</span> <span class='ocrx_word' id='word_1_563' title='bbox 1174 4505 1245 4556; x_wconf 73' lang='lat' dir='ltr'>virgin</span> <span class='ocrx_word' id='word_1_564' title='bbox 1253 4505 1361 4558; x_wconf 68' lang='lat' dir='ltr'>daughter</span> <span class='ocrx_word' id='word_1_565' title='bbox 1372 4507 1397 4547; x_wconf 88' lang='lat' dir='ltr'>el</span> <span class='ocrx_word' id='word_1_566' title='bbox 1409 4517 1447 4560; x_wconf 72' lang='lat' dir='ltr'>ny</span> <span class='ocrx_word' id='word_1_567' title='bbox 1458 4505 1564 4560; x_wconf 82' lang='lat' dir='ltr'>psepleis</span> 
     </span>
     <span class='ocr_line' id='line_1_49' title="bbox 344 4574 1565 4627; baseline -0.006 -4"><span class='ocrx_word' id='word_1_568' title='bbox 344 4581 417 4624; x_wconf 73' lang='lat' dir='ltr'>sbieb</span> <span class='ocrx_word' id='word_1_569' title='bbox 425 4583 527 4625; x_wconf 75' lang='lat' dir='ltr'>sebnots</span> <span class='ocrx_word' id='word_1_570' title='bbox 535 4587 573 4623; x_wconf 88' lang='lat' dir='ltr'>not</span> <span class='ocrx_word' id='word_1_571' title='bbox 581 4581 629 4624; x_wconf 72' lang='lat' dir='ltr'>bos</span> <span class='ocrx_word' id='word_1_572' title='bbox 637 4586 661 4622; x_wconf 89' lang='lat' dir='ltr'>to</span> <span class='ocrx_word' id='word_1_573' title='bbox 669 4580 709 4622; x_wconf 81' lang='lat' dir='ltr'>eali</span> <span class='ocrx_word' id='word_1_574' title='bbox 718 4579 787 4620; x_wconf 89' lang='lat' dir='ltr'>better</span> <span class='ocrx_word' id='word_1_575' title='bbox 802 4577 857 4618; x_wconf 78' lang='lat' dir='ltr'>then</span> <span class='ocrx_word' id='word_1_576' title='bbox 867 4587 940 4618; x_wconf 82' lang='lat' dir='ltr'>seers-</span> <span class='ocrx_word' id='word_1_577' title='bbox 971 4576 1053 4618; x_wconf 61' lang='lat' dir='ltr'>hohen</span> <span class='ocrx_word' id='word_1_578' title='bbox 1067 4575 1139 4618; x_wconf 70' lang='lat' dir='ltr'>vitus</span> <span class='ocrx_word' id='word_1_579' title='bbox 1148 4574 1304 4626; x_wconf 70' lang='lat' dir='ltr'>greethmeh,</span> <span class='ocrx_word' id='word_1_580' title='bbox 1312 4574 1365 4618; x_wconf 74' lang='lat' dir='ltr'>ville</span> <span class='ocrx_word' id='word_1_581' title='bbox 1380 4587 1454 4627; x_wconf 66' lang='lat' dir='ltr'>seer!</span> <span class='ocrx_word' id='word_1_582' title='bbox 1462 4574 1565 4627; x_wconf 56' lang='grc' dir='ltr'>Ψίθιον·</span> 
     </span>
    </p>

    <p class='ocr_par' dir='ltr' id='par_1_6' title="bbox 321 4641 1426 4704">
     <span class='ocr_line' id='line_1_50' title="bbox 321 4641 1426 4704; baseline -0.008 -11"><span class='ocrx_word' id='word_1_583' title='bbox 321 4643 323 4649; x_wconf 82' lang='grc'><strong>’</strong></span> <span class='ocrx_word' id='word_1_584' title='bbox 346 4651 497 4704; x_wconf 77' lang='lat' dir='ltr'>nentel,thnt</span> <span class='ocrx_word' id='word_1_585' title='bbox 505 4651 532 4702; x_wconf 91' lang='lat' dir='ltr'>is,</span> <span class='ocrx_word' id='word_1_586' title='bbox 543 4651 634 4693; x_wconf 86' lang='lat' dir='ltr'>slleeted</span> <span class='ocrx_word' id='word_1_587' title='bbox 642 4651 671 4704; x_wconf 71' lang='lat' dir='ltr'>by</span> <span class='ocrx_word' id='word_1_588' title='bbox 679 4647 823 4700; x_wconf 70' lang='lat' dir='ltr'>estin33tbst</span> <span class='ocrx_word' id='word_1_589' title='bbox 836 4646 940 4690; x_wconf 78' lang='lat' dir='ltr'>sbilssrs</span> <span class='ocrx_word' id='word_1_590' title='bbox 972 4645 1037 4687; x_wconf 76' lang='lat' dir='ltr'>bles.</span> <span class='ocrx_word' id='word_1_591' title='bbox 1050 4641 1148 4685; x_wconf 80' lang='lat' dir='ltr'>»Ortord</span> <span class='ocrx_word' id='word_1_592' title='bbox 1157 4643 1329 4695; x_wconf 76' lang='lat' dir='ltr'>Trscts,h&#39;o.et.</span> <span class='ocrx_word' id='word_1_593' title='bbox 1342 4643 1426 4685; x_wconf 56' lang='lat' dir='ltr'>loide.</span> 
     </span>
    </p>
   </div>
   <div class='ocr_carea' id='block_1_5' title="bbox 345 4715 1367 4847">
    <p class='ocr_par' dir='ltr' id='par_1_7' title="bbox 345 4715 1367 4847">
     <span class='ocr_line' id='line_1_51' title="bbox 345 4715 938 4769; baseline -0.01 -6"><span class='ocrx_word' id='word_1_594' title='bbox 345 4728 383 4763; x_wconf 85' lang='lat' dir='ltr'>set</span> <span class='ocrx_word' id='word_1_595' title='bbox 399 4721 442 4762; x_wconf 80' lang='lat' dir='ltr'>end</span> <span class='ocrx_word' id='word_1_596' title='bbox 459 4721 522 4762; x_wconf 79' lang='lat' dir='ltr'>drinh</span> <span class='ocrx_word' id='word_1_597' title='bbox 538 4721 574 4762; x_wconf 90' lang='lat' dir='ltr'>tbe</span> <span class='ocrx_word' id='word_1_598' title='bbox 583 4720 719 4764; x_wconf 75' lang='lat' dir='ltr'>consecrated</span> <span class='ocrx_word' id='word_1_599' title='bbox 733 4717 801 4762; x_wconf 81' lang='lat' dir='ltr'>breed</span> <span class='ocrx_word' id='word_1_600' title='bbox 810 4715 938 4769; x_wconf 80' lang='lat' dir='ltr'>end&#39;tlins,</span> 
     </span>
     <span class='ocr_line' id='line_1_52' title="bbox 411 4786 1367 4847; baseline -0.01 0"><span class='ocrx_word' id='word_1_601' title='bbox 411 4795 472 4847; x_wconf 83' lang='lat' dir='ltr'>von.</span> <span class='ocrx_word' id='word_1_602' title='bbox 490 4807 530 4847; x_wconf 88' lang='grc' dir='ltr'><strong>ιιι.</strong></span> <span class='ocrx_word' id='word_1_603' title='bbox 1349 4786 1367 4837; x_wconf 76' lang='lat'>⁸</span> 
     </span>
    </p>
   </div>
   <div class='ocr_carea' id='block_1_6' title="bbox 0 0 1909 5550">
    <p class='ocr_par' dir='ltr' id='par_1_8' title="bbox 0 0 1909 5550">
     <span class='ocr_line' id='line_1_53' title="bbox 0 0 1909 5550; baseline 0 0"><span class='ocrx_word' id='word_1_604' title='bbox 0 0 1909 5550; x_wconf 95' lang='lat' dir='ltr'> </span> 
     </span>
    </p>
   </div>
  </div>
 </body>
</html>
