3792 5550
639 539 708 598 cle.
727 543 748 594 1.
766 543 808 594 bu
825 537 996 594 sicnlrrch
1014 541 1184 594 venirene.
1469 546 1518 598 187

305 668 380 769 ᾐῆν
405 667 462 744 5⁸5
489 664 536 764 μ’)
563 698 626 748 mm
671 699 727 753 uod
749 711 765 750 a
785 696 895 763 vulgato
929 659 1043 721 petuum
1067 655 1103 708 sit
1125 656 1191 709 illud
1217 657 1419 720 sacerdotium,
1444 658 1518 712 idern

333 775 379 800 Η.
428 776 462 800 ..,
491 805 493 812 Ι
523 775 536 788 ..
606 774 628 800 2,
652 716 670 768 q
789 807 795 820 Ι
930 740 1093 793 sacrificium
1103 740 1201 793 Christi
1210 743 1425 808 auctoritate,et
1435 745 1520 798 veluti

312 828 456 892 interprete
486 826 636 880 redditur:
659 845 676 874 o
697 822 896 879 htverohlel·
930 825 1460 892 persouaoffereudumest,admuodi
1474 846 1519 885 us·
1571 837 1573 841 ’

302 911 469 976 chisedech,
494 925 541 964 rex
565 912 671 972 salem,
690 909 832 976 profereus
852 919 896 973 pa·
930 923 985 976 que
994 911 1118 972 tinemut
1126 911 1154 963 iu
1166 926 1254 965 rerum
1264 915 1325 978 ipse
1335 916 1464 969 sacerdos
1474 917 1519 970 sit.

310 1009 370 1048 nem
390 1001 417 1048 et
438 996 532 1048 vinum
554 1011 561 1047 ε
586 1001 645 1049 erat
668 995 742 1048 euim
766 993 896 1046 sacerdos
962 997 988 1048 8.
1005 997 1102 1050 Patres
1118 1000 1286 1063 appellamus
1304 1000 1471 1065 interpretes.
1492 1004 1520 1054 S.

257 1126 261 1136 .
309 1080 354 1134 bei
370 1081 505 1133 altissimi.
518 1101 530 1126 u
542 1080 648 1134 0blatio
660 1082 715 1135 lleo
729 1080 798 1133 lacta
815 1077 895 1144 panis
929 1081 1093 1149 Ennianus,
1117 1089 1180 1149 post
1201 1086 1285 1137 relata
1302 1085 1399 1139 Psaltis
1412 1087 1494 1139 verba
1511 1103 1518 1138 :

307 1165 406 1226 etvini
424 1178 477 1219 nec
497 1165 525 1218 iu
544 1171 638 1230 textu,
652 1179 703 1219 nec
720 1166 748 1218 iu
767 1163 895 1218 versione
927 1185 944 1216 o
955 1170 1033 1220 Tuos
1045 1169 1351 1224 sacerdosiuaeternum
1366 1172 1518 1225 secuudum

306 1250 472 1315 affirmatur,
489 1251 538 1304 sed
552 1264 605 1304 vox
618 1250 765 1311 Hebraico,
786 1249 829 1302 cui
851 1262 894 1302 re·
927 1253 1055 1306 ordinem
1077 1255 1314 1317 Melchisedech„
1338 1257 1422 1309 dicit:
1437 1277 1450 1304 ι
1468 1258 1519 1321 Qui

306 1339 422 1404 spondet
442 1359 454 1384 α
468 1339 608 1404 proferens
623 1358 635 1384 a
650 1337 678 1390 in
690 1337 816 1402 Vulgata,
831 1341 894 1402 apte
927 1338 997 1391 ordo
1015 1339 1109 1405 utique
1132 1340 1176 1393 hic
1198 1347 1240 1395 est
1260 1329 1295 1393 de
1318 1340 1452 1396 sacrificio
1472 1323 1520 1397 illo

305 1423 429 1489 exprimit
444 1423 580 1478 donorum
590 1422 783 1476 adductionem
793 1425 823 1473 ut
837 1423 893 1474 beo
926 1424 1060 1488 veniens,
1084 1430 1112 1477 et
1138 1425 1204 1478 inde
1227 1425 1419 1490 descendens,
1445 1428 1522 1493 quod

305 1508 485 1572 offerrentur,
516 1509 591 1574 quod
617 1521 651 1562 ex
679 1505 827 1560 sacerdotii
849 1506 893 1558 soi
927 1509 1128 1563 Melchisedech
1142 1511 1274 1564 sacerdos
1287 1511 1334 1565 bei
1348 1512 1447 1564 summi
1458 1513 1521 1576 luit,

306 1595 461 1657 mentione,
480 1607 542 1658 quae
553 1592 645 1645 statim
658 1591 702 1653 lit,
713 1592 774 1658 jure
789 1589 893 1655 optimo
928 1593 1003 1658 quod
1020 1608 1120 1660 panem
1142 1601 1170 1648 et
1188 1597 1282 1650 riuum
1307 1598 1427 1662 obtulit,
1445 1599 1518 1664 quod

305 1680 427 1733 infertur.
440 1679 450 1712 ¹
464 1679 596 1744 Equidem
616 1678 708 1730 nullus
724 1675 794 1730 alius
816 1680 893 1730 actus
927 1678 1063 1731 Abraham
1087 1680 1237 1734 benedixit.
1259 1685 1327 1734 Nam
1349 1683 1411 1749 quis
1432 1685 1521 1751 magis

304 1765 347 1818 sui
368 1763 516 1818 sacerdotii
534 1761 662 1828 proprius
680 1761 708 1812 in
726 1772 805 1813 sacro
819 1764 893 1812 textu
928 1763 1120 1816 sacerdos-bei
1139 1767 1254 1827 summi,
1280 1781 1363 1834 quarn
1387 1770 1520 1823 Dominus

304 1851 456 1903 indicatur:
470 1848 633 1902 benedicere
647 1847 759 1898 enimet
772 1845 893 1898 decimas
928 1854 1023 1902 noster
1034 1851 1116 1902 lesus
1132 1852 1271 1916 Christus,
1284 1853 1331 1919 qui
1355 1855 1520 1907 sacrificium

303 1937 428 2002 accipere
450 1939 508 1987 erat
530 1935 576 2000 jus
600 1932 788 1986 sacerdotibus
812 1936 893 1984 haro·
927 1935 983 1986 beo
994 1934 1066 1985 Patri
1084 1934 1198 1998 obtulit,
1213 1941 1240 1988 et
1259 1936 1358 1989 obtulit
1376 1938 1429 1991 hoc
1447 1939 1521 1992 idem

301 2020 381 2074 uicis.
393 2023 463 2087 Ergo
476 2019 547 2072 eain
560 2030 588 2070 re
598 2016 781 2070 sacerdotium
794 2015 893 2068 Christi
926 2018 1003 2084 quod
1016 2019 1216 2072 Melchisedech
1240 2020 1392 2085 obtulerat,
1407 2021 1435 2072 id
1457 2027 1518 2086 est,

302 2105 457 2159 secundum
471 2104 595 2159 ordinem
608 2101 807 2155 Melchisedech
820 2114 834 2153 a
848 2114 891 2154 sa·
924 2115 1024 2170 panem
1041 2109 1067 2155 et
1080 2103 1189 2166 vinum,
1202 2117 1285 2156 suum
1301 2105 1406 2158 scibcet
1418 2119 1518 2172 corpus

300 2191 425 2244 cerdotio
449 2190 582 2243 banonico
609 2181 889 2254 distinguitur‚'quod
925 2187 1170 2254 etsanguiueml²

301 2276 379 2342 panis
403 2281 431 2329 ct
452 2276 545 2329 vinum
575 2287 631 2341 prae
661 2273 845 2327 animantibus
874 2286 890 2325 a
958 2273 983 2324 9.
1003 2275 1129 2326 Clemens
1149 2275 1365 2328 Alexandrinus:
1381 2277 1517 2332 «Melchi-

299 2361 408 2414 Christo
422 2360 618 2424 adhibeantur,
638 2372 700 2425 quae
714 2358 819 2413 scilicet
829 2371 889 2412 cor·
924 2358 1027 2411 sedech
1040 2372 1087 2411 ren
1101 2359 1211 2421 Salem,
1225 2361 1356 2414 sacerdos
1374 2362 1420 2415 bei
1441 2363 1517 2416 altis-

300 2459 352 2511 pus
370 2450 397 2498 et
409 2445 520 2512 sanguis
533 2444 576 2496 sui
588 2443 669 2508 iacta,
681 2446 736 2497 beo
747 2443 889 2497 homiuum
924 2443 997 2505 simi,
1007 2443 1054 2509 qui
1067 2456 1167 2508 panem
1176 2449 1204 2496 et
1214 2445 1307 2497 vinum
1318 2447 1517 2501 sanctificatum

295 2543 382 2584 causa
400 2529 560 2584 offeruntur.
579 2531 715 2581 Praeterea
728 2541 813 2594 quum
837 2527 890 2580 siu·
924 2527 1001 2580 dedit
1013 2529 1271 2592 nutrimentum,in
1293 2536 1387 2596 typum
1411 2511 1517 2586 Eucha-

292 2616 370 2681 ¹gulae
383 2613 595 2667 circumstantiae
618 2613 700 2678 huJus
726 2611 890 2664 narrationis
923 2611 1018 2663 ristiae.
1034 2610 1068 2656 »⁸

271 2764 273 2772 Υ
297 2701 388 2766 plenae
402 2699 456 2750 sint
469 2697 611 2764 mysterii,
624 2696 759 2749 utiPaulo
773 2696 890 2749 docente
959 2696 1001 2747 lo.
1020 2695 1155 2748 Eusebius
1177 2697 1378 2751 caesareensis:
1394 2700 1516 2761 «Quem-

291 2784 462 2848 adidicimus,
482 2782 556 2836 haud
579 2782 639 2835 sine
661 2795 744 2835 causa
766 2781 846 2848 panis
863 2787 892 2834 et
924 2781 1075 2835 admodum
1096 2781 1373 2850 Melchisedecb‚qui
1386 2785 1516 2839 sacerdos

297 2871 353 2925 viui
363 2870 467 2923 mentio
478 2868 549 2922 facta
560 2868 699 2921 censenda
711 2874 761 2921 est.
776 2869 837 2933 lpsa
850 2866 889 2921 rei
923 2868 1046 2935 gentium
1066 2873 1142 2931 erat,
1156 2880 1292 2933 nusquam
1314 2867 1423 2922 ridetur
1433 2870 1517 2923 sacri-

299 2961 383 3023 gestae
395 2955 543 3009 concordia
561 2968 623 3008 cum
636 2954 715 3021 panis
727 2959 754 3007 et
770 2954 889 3009 viuiusu
922 2954 991 3007 liciis
1010 2953 1200 3020 corporalibus
1230 2954 1358 3017 functus,
1382 2956 1431 3009 sed
1454 2957 1514 3011 solo

298 3054 313 3092 a
331 3040 447 3104 Christo,
466 3042 544 3107 cujus
562 3040 746 3095 sacerdotium
758 3039 888 3094 adinstar
921 3040 985 3095 uino
999 3054 1030 3093 ac
1045 3054 1133 3107 pane;
1148 3040 1184 3092 ita
1200 3041 1366 3094 Salvatorac
1383 3042 1514 3096 bomiuus

295 3126 533 3180 hlelchisedeciani
551 3127 695 3180 sacerdotii
714 3127 886 3190 declaratur,
921 3133 1031 3188 noster,
1045 3125 1147 3177 deinde
1161 3125 1208 3191 qui
1226 3125 1260 3177 ab
1278 3139 1311 3178 eo
1323 3127 1436 3191 profecti
1450 3132 1514 3180 sunt

298 3212 457 3277 gravissima
471 3217 513 3264 est
525 3211 610 3274 ratio,
632 3224 681 3264 cur
699 3210 728 3262 in
747 3211 887 3263 oblatione
921 3208 1096 3270 sacerdotes,
1109 3209 1276 3261 inomuibus
1288 3210 1417 3275 gentibus
1432 3250 1438 3261 .
1455 3249 1461 3261 .
1482 3247 1512 3263 ..

288 3295 444 3349 affirmetur
456 3294 687 3359 similitudo,typo
695 3293 733 3345 rei
745 3294 887 3347 veritatem
920 3292 985 3345 vino
998 3304 1030 3343 ac
1041 3304 1112 3356 pane
1123 3292 1247 3355 corporis
1256 3292 1329 3343 illius
1341 3304 1373 3344 ac
1386 3294 1514 3346 salutaris

294 3383 488 3448 praesignante.
502 3382 573 3445 Ergo
589 3378 714 3432 christus
731 3376 887 3430 censendus
922 3374 1065 3441 sanguinis
1086 3375 1214 3439 mysteria
1232 3381 1432 3440 repraesentat:
1452 3390 1514 3442 quae

288 3471 337 3517 est
355 3464 503 3517 sacerdotii
523 3463 565 3515 sui
587 3460 739 3515 secundum
761 3460 887 3515 ordinem
921 3473 989 3513 sane
1022 3460 1150 3527 mysteria
1192 3459 1392 3514 Melchisedech
1437 3468 1513 3518 unte

287 3549 493 3604 Melchisedech
513 3560 626 3601 munere
647 3546 754 3599 iunctus
777 3560 840 3600 esse
857 3546 892 3599 iu.
920 3549 984 3598 aute
1011 3544 1111 3611 Spiritu
1146 3544 1238 3599 divino
1268 3553 1456 3614 cognoverat,
1485 3553 1513 3603 et

227 3692 229 3697 ,
292 3633 472 3688 Eucharistiae
486 3634 670 3699 institutione,
683 3646 777 3687 verum
790 3632 884 3700 utique
918 3646 1011 3686 rerum
1024 3632 1175 3686 futurarum
1194 3632 1360 3701 imaginibus
1372 3648 1440 3689 usus
1451 3636 1512 3690 lue·

287 3718 435 3774 offerendo
449 3718 885 3787 sacrificiumduumautemper·
917 3716 1014 3772 rat.»⁴

315 3964 344 4018 ll)
355 3962 517 4005 «Melchisedec
530 3974 574 4005 was
583 3963 652 4004 called
661 3974 674 4003 a
683 3963 768 4015 ernest,
777 3962 809 4015 (as
823 3962 851 4002 lue
863 3961 883 4002 ir
919 3961 1017 4002 Priene·
1035 3962 1115 4015 Bislrop
1133 3960 1233 4016 Spsrrorr
1247 3963 1306 4015 opud
1323 3963 1455 4006 oxonienses
1467 3962 1511 4002 vol.

287 4033 350 4075 oben
359 4034 387 4087 by
396 4034 427 4075 St.
440 4033 491 4073 Paul
508 4038 530 4072 to
539 4033 575 4072 the
589 4033 697 4083 llebrorrs)
706 4032 769 4083 ,ubo
785 4038 820 4084 yet
840 4031 883 4072 bsd
917 4029 1025 4070 inruet.
1035 4036 1068 4070 at.
1080 4042 1103 4081 p.
1122 4036 1170 4081 tot,
1185 4030 1275 4071 Loudon
1290 4031 1379 4072 edition.
1395 4030 1509 4072 consentit

294 4113 321 4143 no
332 4104 395 4144 other
411 4102 504 4153 oll'eriug
522 4113 547 4141 or
563 4100 659 4147 sacrifice
677 4101 725 4141 that
738 4112 769 4142 rus
780 4100 832 4141 read
847 4099 882 4150 ol,
917 4097 1012 4139 Dodrrell
1024 4110 1030 4137 r
1042 4099 1202 4149 «Therulgate
1214 4098 1277 4139 reads
1285 4098 1313 4150 ir,
1323 4104 1374 4140 crat
1382 4098 1451 4147 emus,
1457 4097 1511 4139 trith

294 4170 332 4211 but
348 4173 395 4213 thot
412 4172 437 4213 oi
457 4170 525 4213 Bread
544 4170 587 4210 and
609 4168 685 4220 wine,
707 4167 759 4208 Gen.
779 4167 882 4208 riv.slle
918 4167 1016 4207 ucausal
1026 4167 1125 4218 particle.
1140 4168 1186 4208 And
1199 4167 1273 4207 unless
1282 4167 1405 4209 sossuch
1415 4166 1512 4218 tbiugbc

290 4239 387 4293 brought
396 4241 453 4281 forth
463 4239 528 4281 breed
537 4238 580 4279 and
593 4236 660 4289 wine,
668 4236 711 4277 arrd
719 4251 729 4274 s
738 4248 763 4277 or
773 4250 784 4273 «
793 4236 828 4276 lor
836 4236 881 4287 (the
916 4235 1061 4288 understood,
1071 4236 1088 4275 it
1097 4236 1140 4278 sill
1156 4242 1195 4277 not
1209 4236 1236 4275 be
1251 4248 1302 4289 easy
1317 4242 1339 4277 tc
1348 4236 1397 4287 give
1406 4247 1447 4288 any
1458 4236 1511 4277 tole-

289 4308 381 4353 .llebrert
390 4311 449 4353 word
462 4310 524 4351 bears
533 4309 593 4361 both)
605 4309 638 4349 lle
648 4318 691 4349 was
701 4318 713 4347 ι
724 4305 793 4347 l‘riest
799 4334 806 4355 ,
816 4320 826 4343 n
835 4306 882 4347 thet
917 4305 977 4346 table
986 4310 1078 4346 account
1086 4304 1110 4345 ol
1116 4306 1152 4345 the
1160 4310 1284 4358 pertinency
1303 4305 1344 4347 aud
1354 4304 1473 4346 connexion
1486 4306 1512 4347 ol

289 4376 375 4429 .is‚this
385 4384 420 4419 act
428 4379 453 4419 ol
460 4380 494 4419 his
504 4390 547 4421 was
557 4390 585 4419 sn
594 4384 628 4419 act
637 4377 661 4417 ol
668 4376 804 4435 Eriesthoodr
815 4375 849 4416 lor
857 4386 881 4417 so
916 4374 954 4415 the
972 4374 1053 4415 former
1067 4380 1116 4427 part
1129 4374 1153 4415 oi
1166 4376 1202 4415 the
1219 4386 1281 4416 verse
1294 4375 1346 4418 nith
1359 4376 1395 4416 tbe
1412 4375 1483 4417 letter.
1497 4389 1509 4415 u

294 4454 352 4489 must
361 4449 378 4489 it
385 4450 412 4490 be
422 4450 523 4503 referred,
535 4452 581 4491 she
592 4450 686 4502 brought
696 4448 752 4489 iortb
766 4447 831 4488 breed
839 4445 882 4487 sud
916 4443 999 4485 lbidem
1007 4456 1030 4497 p.
1043 4449 1088 4485 πο.
1097 4445 1121 4484 lu
1131 4445 1238 4486 versiculo
1248 4449 1273 4485 lb
1285 4447 1360 4486 eadem
1375 4445 1408 4487 riu
1417 4450 1450 4487 est
1457 4456 1509 4487 corr·

293 4512 347 4554 ruine
356 4543 363 4567 ,
372 4516 404 4556 ior
413 4518 441 4557 be
450 4528 514 4559 waso
525 4518 594 4558 Priest
602 4544 610 4569 ,
619 4530 629 4555 r
638 4516 681 4558 and
697 4520 734 4556 not
747 4515 799 4555 thus
807 4526 813 4553 :
821 4528 832 4553 a
840 4513 883 4555 and
915 4512 1049 4566 junctionis:
1059 4524 1108 4564 quse
1125 4511 1199 4566 posset
1211 4513 1272 4554 reddi
1281 4514 1405 4555 «hohimbst
1420 4513 1487 4555 euim.
1495 4526 1508 4552 ι

294 4579 322 4620 he
337 4594 381 4625 vas
399 4596 412 4624 ι
426 4585 508 4637 Prien,
526 4587 568 4627 aud
586 4585 671 4626 blessed
688 4584 795 4625 Abrohom
805 4596 811 4632 ς
820 4596 831 4621 r
841 4584 882 4635 lor,
941 4581 969 4633 (1)
978 4581 1053 4634 Ep.ud
1061 4581 1171 4623 Cseciliuru
1179 4611 1186 4633 ,
1194 4582 1209 4622 l.
1222 4582 1245 4623 ii.
1254 4593 1288 4637 ep.
1299 4582 1332 4625 iii.
1340 4583 1394 4625 alian
1405 4594 1441 4635 cp·
1451 4582 1507 4624 lxiii·

291 4648 345 4690 both
359 4650 381 4691 in
396 4653 431 4694 the
450 4655 539 4697 llebrew
557 4654 599 4695 and
616 4654 697 4707 Greelr,
714 4652 825 4694 thereias
842 4652 881 4693 tull
940 4652 969 4703 (³)
979 4649 1039 4691 loir·
1049 4650 1191 4693 stromatum.

291 4717 355 4769 point
363 4720 417 4763 niter
425 4723 485 4764 these
501 4724 582 4776 words,
591 4738 601 4763 o
610 4724 653 4766 and
662 4738 673 4763 u
682 4736 708 4766 or
717 4739 727 4762 ι
737 4722 770 4764 lor
779 4722 806 4763 be
816 4733 880 4767 nasu
939 4720 967 4773 (t)
978 4720 1001 4761 1..
1008 4731 1029 4763 r.
1038 4720 1095 4761 dem.
1102 4721 1141 4762 Er.
1150 4731 1168 4762 c.
1176 4720 1207 4763 iii.
