3792 5550
365 560 400 612 8AE
697 550 812 605 TRACT.
831 547 897 599 Xlll.
914 550 942 601 P.
956 548 977 599 i.
997 547 1040 598 DE
1055 547 1275 600 accusatam.

365 677 399 737 tr<
411 678 470 727 ater
485 686 519 725 an
536 673 614 725 albus
632 670 738 725 inerit»
755 682 785 722 se
809 665 882 719 haurd
900 677 958 717 me·
989 666 1018 714 et
1043 662 1177 728 sangnine
1195 662 1295 717 curisti
1324 663 1404 717 nobis
1428 676 1589 731 repraesene

363 760 479 813 minisse
491 760 609 823 dicebat)
620 762 648 812 et
661 757 690 809 in
704 752 864 808 memoriam
878 762 955 803 revo-
988 751 1057 799 tant.
1100 785 1106 799 .
1145 786 1151 799 .
1199 782 1207 798 .
1256 750 1317 801 lam
1339 761 1406 816 erpo
1425 750 1585 815 babemus,

364 846 435 901 cavit
453 850 532 900 vetus
555 846 659 903 Phase;
675 843 710 895 de
730 838 839 894 victima
854 836 956 902 quippe
989 831 1018 884 in
1035 846 1118 899 quens
1145 832 1228 887 tinem
1249 839 1354 899 spectet
1379 836 1496 901 mystica
1521 838 1583 891 baec

365 932 540 985 dictumest:
554 947 570 977 a
584 930 631 981 list
649 926 722 980 enirn
735 926 843 987 Posse,
862 922 890 975 id
913 924 957 975 est
989 917 1166 972 benedictio:
1191 932 1291 986 nempe
1313 934 1370 987 ouo
1386 923 1467 976 nobis
1486 925 1586 978 conflr-

363 1020 495 1070 transitus
510 1013 628 1068 Domini.
647 1030 663 1061 a
677 1011 830 1063 ¹Caeterum
842 1006 957 1061 feliciter
989 1008 1064 1067 met,
1082 1016 1182 1070 corpus
1196 1006 1304 1058 bomini
1322 1005 1361 1059 sio
1373 1020 1421 1072 pro
1441 1008 1525 1061 nobis
1538 1023 1585 1062 se·

365 1101 391 1155 ei
407 1101 560 1165 exemplum
579 1097 651 1151 haud
668 1095 751 1149 cessit
764 1108 771 1155 ;
786 1092 957 1147 uocabantur
989 1090 1044 1141 mel
1069 1102 1133 1143 esse
1149 1090 1338 1154 immolatum,
1355 1098 1386 1145 ut
1400 1107 1475 1147 nuuc
1487 1108 1521 1149 eo
1539 1110 1589 1150 ae·

365 1184 438 1237 enim
467 1184 584 1238 victimae
604 1182 717 1235 nomine
733 1180 795 1233 linis
814 1179 850 1233 ob
873 1190 956 1243 quem
990 1186 1117 1239 scamur,
1141 1187 1173 1228 ac
1189 1177 1328 1230 vescendo
1356 1177 1430 1231 unici
1444 1180 1518 1231 illins
1537 1194 1588 1235 sa-

365 1271 591 1333 immolsbantnr,
604 1269 673 1322 adeo
685 1273 714 1321 ut
728 1268 873 1321 Peccatum
886 1263 958 1315 dice
989 1260 1083 1313 criticii
1098 1259 1245 1313 efficaciam
1262 1261 1291 1313 in
1308 1262 1389 1315 nobis
1406 1264 1559 1318 sentiamus
1572 1305 1584 1317 ,

365 1363 443 1409 retur
479 1355 568 1409 bostis
597 1366 647 1420 pro
677 1355 789 1418 peccato
821 1347 957 1414 expiando
989 1347 1153 1412 sanguinem
1171 1348 1232 1413 ejus
1257 1347 1296 1400 sic
1320 1350 1473 1414 pronubis
1495 1353 1586 1404 semei

366 1443 456 1495 oblata
469 1455 476 1503 3
498 1441 537 1493 sic
555 1438 680 1492 ethosc
698 1436 839 1489 dicebatur
847 1432 957 1487 victima
989 1431 1095 1495 insum,
1109 1436 1139 1484 ut
1150 1431 1275 1485 sitnobis
1284 1439 1433 1498 perpetuus
1444 1441 1536 1500 potus.
1546 1458 1558 1482 s
1568 1437 1585 1471 ⁴

365 1526 493 1579 transitus
526 1523 670 1578 occasionn
707 1516 856 1573 immolata.
889 1516 957 1569 lndc
989 1518 1086 1584 Liquet
1097 1519 1200 1571 nnllam
1212 1520 1313 1573 realem
1333 1522 1457 1587 corporis
1479 1528 1508 1575 et
1518 1537 1584 1577 snu-

366 1616 457 1665 sutem
477 1610 543 1663 nihil
557 1609 740 1675 sequebatur,
752 1618 807 1671 quo
820 1604 861 1657 vis
875 1602 956 1657 obvia
989 1603 1080 1669 guinis
1092 1604 1190 1657 christi
1201 1606 1375 1670 praeentiam
1386 1608 1437 1661 bac
1446 1610 1586 1662 sentenda

366 1698 509 1751 sementim
526 1695 674 1749 bomiuicae
692 1690 823 1745 infirmari
842 1694 954 1755 posset:
989 1687 1083 1741 baberi
1096 1689 1124 1741 in
1137 1690 1315 1743 eucharistia.

366 1798 418 1837 nec
427 1782 588 1849 enimpsuis
600 1778 699 1832 Christi
711 1775 833 1842 corporis
845 1773 956 1828 victima
1022 1774 1064 1826 25.
1090 1775 1256 1839 lutherani,
1282 1776 1381 1830 ducem
1410 1779 1524 1842 secuti,
1553 1780 1587 1832 in

365 1869 527 1922 habebatur.
541 1867 676 1918 lutherus
696 1861 810 1917 viriliter
826 1872 876 1926 pro
889 1858 955 1913 reali
990 1863 1144 1927 augustana
1155 1862 1346 1927 confessione,
1363 1882 1377 1910 «
1389 1864 1425 1916 de
1438 1878 1518 1918 coena
1530 1867 1587 1919 bc·

366 1945 956 2011 curistiuomtniinaucnsristispraeseutia
989 1946 1057 1998 mini
1079 1948 1178 2001 docent
1199 1949 1274 2015 quod
1297 1962 1398 2015 corpus
1414 1958 1442 2003 et
1469 1952 1587 2019 sangnis

365 2038 506 2105 pugnavit,
520 2040 614 2089 eontra
627 2032 860 2092 carolostedinm,
873 2031 957 2083 alios·
989 2032 1089 2085 christi
1111 2047 1176 2087 rere
1193 2034 1305 2098 adsint,
1325 2041 1353 2087 et
1380 2036 1585 2091 distribuantur

364 2138 416 2190 quc
428 2120 659 2176 sacramentarios
677 2120 869 2181 nuncupatos,
891 2114 956 2179 quia
988 2117 1162 2171 vescentibus
1171 2118 1199 2171 iu
1213 2130 1291 2171 eoena
1304 2120 1420 2173 beurim.
1433 2142 1445 2168 s
1456 2125 1585 2177 stamen

366 2211 431 2263 illud
445 2209 548 2260 nudum
561 2208 776 2265 sacramentum,
785 2214 834 2254 seu
846 2200 955 2267 signnm
988 2203 1159 2255 llelanchton
1168 2203 1251 2256 verba
1264 2205 1326 2258 hsce
1341 2206 1492 2273 mitigavit,
1515 2210 1584 2262 dnm

366 2293 489 2359 eorporis
501 2290 599 2343 Christi
612 2288 757 2341 habebant.
771 2286 959 2351 Quemquam
989 2288 1075 2353 praelo
1092 2289 1235 2343 mandaret
1248 2290 1323 2343 illam
1341 2305 1423 2357 otram
1446 2293 1505 2359 ipsc
1518 2308 1586 2347 exa·

365 2380 450 2432 iidem
468 2378 535 2430 tanti
553 2374 675 2443 mysterii
688 2374 780 2428 verbis
799 2372 956 2438 hujusmodi
990 2378 1098 2424 raserat
1117 2375 1320 2430 contessionem
1333 2416 1341 2440 ,
1355 2378 1585 2433 substituendo:

366 2466 490 2517 homulus
502 2467 558 2515 est:
574 2464 639 2512 «Tu
649 2460 712 2513 dic:
728 2460 795 2512 Nolo
804 2458 959 2511 deliberare
992 2476 1007 2502 r
1021 2470 1088 2510 uere
1104 2458 1283 2513 exhibeantur
1302 2462 1499 2515 vescentibus:
1520 2485 1535 2511 n
1548 2465 1588 2517 de

367 2562 400 2601 aa
422 2548 458 2601 sit
472 2548 723 2609 verum,velnon,
737 2545 962 2610 sedsimpliciter
990 2546 1064 2609 qna
1086 2546 1237 2600 minatione
1267 2547 1295 2600 in
1327 2550 1496 2603 documento
1524 2554 1585 2617 lam

366 2634 476 2687 credam
489 2636 561 2687 sicut
574 2634 697 2686 Christus
715 2631 799 2684 dicit:
815 2632 901 2683 alico
915 2634 958 2683 est
991 2630 1094 2695 publici
1116 2632 1186 2698 juria
1216 2634 1306 2697 tacto,
1333 2636 1431 2689 merito
1459 2638 1589 2702 oriemur

366 2738 379 2766 s
396 2732 496 2786 corpus
508 2730 610 2770 meum.
626 2716 674 2768 »Si
684 2718 747 2768 sum
759 2714 914 2777 idololatra,
928 2715 961 2766 lit
990 2715 1134 2768 Wnlcbins·
1151 2729 1264 2769 suornm
1279 2719 1398 2772 nornine
1410 2720 1450 2769 lc
1461 2722 1587 2776 hunum

366 2807 444 2871 culpa
459 2811 486 2858 et
498 2805 619 2870 periculo
638 2803 756 2865 Christi,
774 2803 852 2868 cujus
872 2801 957 2856 rerba
990 2801 1091 2856 delerit
1112 2805 1228 2857 vorhtun
1255 2805 1361 2864 adsint,
1385 2819 1441 2871 quc
1464 2821 1537 2861 vcra
1550 2823 1588 2864 ac

366 2893 406 2944 sic
429 2896 529 2944 sonant
550 2905 557 2940 ε
577 2890 636 2954 ipse
657 2889 740 2955 igitur
760 2901 808 2940 mc
822 2887 893 2940 benc
910 2887 961 2940 de·
991 2888 1072 2941 realis
1088 2889 1234 2955 prasentia
1255 2890 1379 2954 corperis
1392 2897 1420 2943 et
1437 2895 1587 2958 sangoinis

365 2975 466 3028 landet.
484 2992 499 3022 s
521 2973 533 3008 ²
555 2975 689 3026 Caeterum
706 2978 734 3026 et
754 2985 853 3040 panon
874 2977 902 3026 ct
918 2973 958 3027 ri-
989 2976 1056 3027 lesn
1077 2974 1174 3027 curisti
1187 2973 1215 3025 ib
1233 2973 1310 3027 sa'cra
1332 2985 1412 3027 cmna
1428 2975 1587 3042 significata

366 3071 432 3112 num
450 3061 548 3113 adessa
565 3073 620 3112 nna
636 3073 699 3112 cum
716 3073 832 3126 corpore
848 3065 876 3113 et
892 3073 956 3112 san
990 3060 1096 3118 meratt
1121 3058 1221 3111 delude
1247 3058 1376 3124 expunxit
1404 3072 1500 3114 acram
1528 3065 1587 3116 dte.

366 3145 447 3211 gaiae
465 3145 562 3199 dirimi
580 3146 686 3198 censuit
703 3147 860 3209 lutherus,
879 3146 960 3198 zuin-
990 3143 1161 3206 intueatur,
1174 3150 1256 3210 atque
1268 3144 1410 3198 substituit
1417 3147 1587 3201 vocabulum

366 3231 471 3297 glinnos
500 3231 620 3297 alioquin
648 3245 755 3284 summ
785 3231 926 3284 detestans
947 3243 962 3279 ε’
990 3229 1188 3292 suadeantur,
1209 3234 1240 3281 ut
1256 3229 1321 3282 iude
1337 3230 1456 3284 crimnis·
1472 3233 1591 3286 lieentia>

368 3335 383 3359 ιι
399 3316 547 3370 ilaereticos
569 3327 714 3369 censemus
739 3321 766 3370 et
792 3316 898 3368 almona
921 3313 960 3365 ab
991 3327 1048 3368 non
1065 3314 1194 3368 credersdi
1220 3314 1443 3368 distributionem
1458 3317 1587 3382 corporis

366 3400 486 3452 Ecclesia
497 3399 543 3454 liei
562 3400 738 3466 zuinglianos
751 3406 778 3453 et
795 3413 893 3453 omncs
909 3401 960 3451 sa·
991 3400 1174 3466 etsanguinis
1193 3399 1292 3453 dirimi
1309 3413 1393 3452 mann
1408 3400 1527 3454 'ministri
1545 3402 1587 3454 ia

366 3486 561 3537 eramentsrios
586 3486 631 3548 qui
669 3491 770 3550 nogant
800 3497 901 3548 corpus
930 3490 958 3536 et
991 3492 1062 3538 aaut
1076 3485 1138 3548 ,uel
1152 3485 1260 3538 ratione
1271 3485 1587 3538 manducantiumctbi·

367 3570 528 3634 sangninem
541 3568 639 3621 Christi
656 3581 705 3620 ore
719 3567 820 3620 cameli
839 3567 910 3619 sumi
928 3567 957 3618 in
990 3568 1128 3631 bantium,
1143 3569 1201 3621 sive
1211 3569 1267 3621 sint
1278 3569 1372 3636 digni,
1391 3570 1450 3623 sive
1464 3570 1586 3638 indigni,

341 3645 342 3650 ’
366 3653 517 3706 venerabili
528 3653 705 3706 eucharistia.
721 3672 733 3698 a
747 3651 764 3686 ⁸·
991 3652 1094 3706 cralem
1108 3653 1434 3721 participationemaequi
1446 3656 1505 3708 baec
1517 3662 1583 3708 suut

329 3800 332 3806 ἴ
398 3739 440 3788 at.
452 3738 577 3790 calvinus
591 3735 733 3788 discordes
746 3740 836 3801 partes
848 3735 959 3788 adcon·
991 3722 1292 3803 impntmlsmomenta,
1307 3739 1342 3792 de
1366 3740 1470 3806 coibas
1488 3741 1516 3792 lu
1536 3741 1586 3794 do·

367 3822 490 3875 cordiam
503 3826 534 3872 nt
545 3820 679 3883 traheret,
689 3820 732 3873 uel
753 3824 884 3885 utrasque
904 3819 961 3873 sibi
991 3822 1080 3875 ctrina
1095 3822 1133 3876 dc
1148 3835 1224 3878 sacra
1238 3837 1316 3878 emus
1333 3825 1521 3881 internosse
1541 3839 1582 3880 m·

367 3906 551 3967 adscisceret,
571 3917 670 3959 nouam
702 3904 842 3958 adinvenit
873 3905 962 3960 ratio·
991 3905 1298 3975 iorumtosdispututnr,
1310 3910 1439 3962 nimirum
1453 3911 1581 3974 devera,

366 4003 430 4042 nem
446 4003 503 4043 reru
524 3987 696 4054 explicand13
715 3989 763 4044 scd
786 3989 876 4043 uerbis
893 3991 962 4044 licat
991 3993 1077 4057 rcsli,
1099 3994 1272 4048 substantiali
1289 3995 1438 4060 prasentia
1454 3997 1587 4062 corporis

365 4075 544 4142 amplissimis
553 4087 636 4139 usus,
648 4089 663 4129 a
675 4076 792 4144 zuinglii
801 4083 892 4130 mente
900 4089 960 4130 uon
991 4084 1020 4131 et
1029 4078 1170 4145 unguinis
1181 4081 1245 4132 lcsu
1254 4079 1355 4132 ebriati
1366 4080 1395 4132 in
1403 4094 1586 4135 sacracoenar

298 4150 300 4154 ’
366 4161 486 4214 recessit.
511 4179 527 4206 s
552 4159 663 4224 Mino,
687 4181 700 4209 a
720 4161 809 4227 lnquit
834 4181 846 4208 ι
879 4162 961 4229 signa
991 4163 1028 4215 de
1048 4163 1115 4220 orab'
1134 4163 1346 4218 manducatione
1366 4177 1401 4217 aa
1427 4166 1581 4230 athicem,

367 4246 526 4311 campanis
552 4252 580 4299 et
599 4247 710 4312 vinum,
738 4259 799 4312 cusa
821 4247 961 4302 invisibile
990 4248 1079 4313 decus
1104 4247 1279 4314 indignorum
1296 4248 1552 4315 participatione.»
1567 4252 1589 4288 θ

367 4331 546 4396 alimentum,
561 4332 635 4398 quod
652 4331 862 4399 puorimmex
874 4345 960 4386 cam
991 4335 1055 4387 bac
1083 4334 1256 4387 bmbcrauus
1275 4336 1430 4402 tbeslopna.
1456 4339 1587 4391 attam

392 4543 540 4598 [albredam
1015 4543 1042 4597 (t)
1058 4543 1111 4586 lnst.
1120 4544 1135 4586 Ι.
1143 4545 1173 4588 ir.
1180 4557 1200 4587 c.
1208 4546 1258 4588 arii.
1267 4559 1288 4588 rr.
1298 4552 1317 4588 t.

392 4613 419 4665 (tl
434 4614 508 4662 linem.
518 4613 540 4652 in
548 4611 631 4656 usmis.
641 4611 676 4652 iol.
694 4614 738 4652 tat·
747 4614 799 4650 tom.
816 4615 835 4651 a.
848 4609 888 4664 Op·
903 4611 954 4654 c'dit.
1015 4614 1042 4665 {a}
1053 4614 1133 4655 lutrod.
1141 4614 1168 4655 ad
1178 4615 1215 4657 lib.
1225 4616 1317 4678 spastici.
1327 4615 1389 4656 tutu.
1398 4615 1414 4656 i.
1423 4615 1438 4657 i.
1447 4627 1466 4657 o.
1476 4615 1508 4657 iii.
1518 4616 1588 4677 axii.

366 4681 675 4802 1ιὲΙίιὲἷῦοΙΙοᾳ.Ιι1.(1οῗοι·1)ο
690 4747 735 4790 lici.
990 4687 1143 4804 Ριίοιῧέίᾱοι.
