3792 5550
370 565 421 618 252
717 563 831 617 TnaCT.
849 565 913 615 xlv.
933 566 975 616 bl:
992 563 1216 618 toduthb'Tll.

371 681 449 733 illum
468 678 628 733 dilexisse.»
643 678 650 713 ¹
664 682 690 732 s.
706 679 874 746 Epiphanius
887 680 960 734 idem
992 681 1074 749 igitur
1092 681 1225 746 provolvit
1241 679 1396 744 bominem,
1414 681 1503 749 magis
1515 683 1580 736 relc-

372 765 493 818 reiereus
524 764 609 817 utitur
634 778 701 819 uoce
728 766 931 832 lenmxiytnm.
949 766 961 800 ¹
992 773 1051 829 vat;
1064 781 1126 820 curn
1138 766 1293 832 squalidum
1306 764 1385 828 lacit,
1398 767 1488 832 magis
1502 779 1578 818 muu-

374 853 444 918 Ergo
457 851 541 917 viguit
555 855 619 903 tunc
636 851 772 905 confessio
784 858 960 917 peccatorum
994 852 1088 904 datum
1107 851 1217 904 reddit:
1237 865 1298 904 cum
1311 856 1439 914 accusat,
1455 857 1579 911 excusam

372 937 453 988 etiarn
478 937 646 988 occultorum
673 951 679 987 :
704 949 767 988 nam
787 938 896 990 nonnisi
926 951 960 991 ex
995 949 1056 988 cum
1071 935 1255 1000 condemnat,
1269 935 1394 988 absolsit.
1408 937 1438 987 ln
1453 945 1581 1001 quantum

373 1021 517 1073 mulierum
537 1020 711 1073 consessione
730 1021 832 1086 flagitia
856 1021 901 1074 illa
922 1023 963 1073 in·
995 1034 1049 1075 non
1072 1021 1228 1088 peperceris
1256 1021 1323 1082 tibi,
1351 1021 1378 1072 in
1408 1026 1516 1073 tantum
1536 1021 1582 1073 tibi

372 1111 528 1158 notuerunt.
540 1106 699 1160 verosimile
711 1114 800 1160 autem
813 1113 855 1160 est
867 1121 914 1161 eas
927 1108 961 1161 od
995 1110 1082 1172 bons,
1100 1107 1202 1171 credo,
1216 1113 1317 1172 parcet.
1332 1107 1483 1172 Plerosque
1495 1113 1582 1159 tamen

373 1191 503 1257 majorem
523 1193 565 1244 sui
584 1192 801 1246 humiliationem
814 1198 841 1245 et
857 1194 892 1246 ad
905 1196 961 1247 bae-
995 1195 1137 1259 hocopus
1162 1198 1192 1245 ut
1221 1191 1436 1257 publicationem
1467 1191 1510 1244 sui
1540 1197 1584 1244 aut

373 1275 450 1334 retici
464 1276 582 1329 bominis
595 1289 758 1344 progressus
770 1278 961 1344 impediendos
995 1277 1132 1344 sndugerc
1144 1316 1152 1341 ,
1164 1283 1210 1330 aut
1221 1278 1256 1330 de
1270 1277 1314 1329 die
1328 1278 1355 1328 iu
1368 1277 1441 1328 diem
1461 1275 1582 1338 differre,

372 1362 484 1426 privatae
505 1363 666 1437 delictorum
684 1364 851 1418 confessioni
871 1366 961 1431 publi·
994 1377 1153 1431 praesumo,
1184 1363 1297 1429 pudoris
1332 1362 1420 1428 magis
1448 1374 1583 1414 memores

373 1459 434 1500 cam
443 1448 592 1514 adjecisse.
995 1449 1203 1515 quamsalntisc
1217 1449 1292 1502 velut
1305 1447 1343 1499 illi
1357 1447 1404 1512 qui
1419 1448 1448 1498 in
1463 1445 1583 1512 paulibus

407 1534 464 1586 tlt.
483 1533 666 1586 Tertullianus
684 1533 884 1587 contessionem
904 1537 961 1588 vel·
994 1534 1238 1590 verecundioribus
1279 1531 1403 1598 corporis
1446 1527 1583 1584 contracta¹

373 1618 412 1670 uti
433 1619 726 1686 poenitentire'partem
745 1626 772 1673 et
790 1621 877 1674 venite
897 1635 963 1674 con·
994 1620 1156 1683 vexatione,
1189 1618 1384 1672 conscientiam
1416 1617 1583 1670 medentium

371 1702 505 1756 ditionem
520 1706 714 1757 commendat:
731 1727 743 1752 α
758 1709 872 1759 Tauium
886 1721 962 1760 revo-
994 1704 1099 1766 ritant,
1119 1709 1147 1755 ct
1174 1703 1210 1754 ita
1234 1716 1297 1755 cum
1322 1702 1516 1755 erubescentia
1538 1715 1583 1754 sna

373 1780 411 1841 l'at
424 1789 561 1842 consessio
573 1790 703 1843 delictum
716 1831 722 1852 ,
736 1796 867 1857 quantum
881 1792 963 1845 dissi·
995 1795 1119 1855 pereunt.
1140 1787 1343 1841 intolerandum
1357 1787 1465 1840 scilicet
1480 1788 1583 1853 pudori,

373 1875 486 1928 mulatio
517 1882 662 1942 exaggerat
686 1891 692 1923 ε
722 1876 859 1929 confessio
889 1877 962 1930 enim
997 1873 1229 1928 bominooifenso
1249 1873 1585 1939 satisfacere,ualutipro

374 1961 567 2015 satislactionis
589 1962 735 2015 consilium
754 1969 811 2026 est,
833 1963 962 2016 dissimu-
996 1961 1060 2014 ditae
1094 1960 1245 2013 rolormari.
1274 1962 1319 2012 llae
1357 1966 1386 2011 tu
1422 1957 1583 2012 verecundia

373 2048 438 2101 latio
467 2049 655 2101 contumaciae.
675 2087 682 2099 .
702 2087 709 2100 .
733 2050 785 2102 .·ls
812 2055 888 2101 aetus
914 2050 961 2115 qul
995 2046 1106 2110 bonus,
1130 2046 1164 2098 ad
1188 2043 1403 2110 delinquendum
1424 2043 1584 2108 expandens

374 2134 462 2200 magis
483 2136 576 2187 Graeco
597 2135 732 2188 vocabulo
754 2135 914 2200 exprimitur
933 2142 960 2189 et
995 2134 1129 2198 frontem,
1147 2133 1181 2185 ad
1200 2132 1404 2196 deprecandum
1429 2141 1494 2182 vero
1516 2129 1585 2181 sub-

373 2219 569 2283 irequentatur,
581 2221 772 2286 euomobpesis
784 2227 836 2282 est,
847 2234 900 2286 qua
912 2221 962 2274 de·
995 2220 1108 2272 ducens.
1121 2256 1128 2270 .
1150 2257 1156 2270 .
1177 2256 1183 2268 .
1202 2217 1309 2269 Grande
1320 2217 1401 2282 plane
1412 2217 1584 2268 emolumen-

374 2302 468 2355 lictnm
489 2303 603 2356 Domino
631 2309 755 2355 nostrum
779 2304 960 2368 confitemur,
995 2309 1053 2356 tum
1072 2302 1245 2358 verocundiae
1258 2301 1405 2355 occultatio
1424 2301 1518 2353 delicti
1530 2301 1587 2366 pol-

374 2400 430 2439 non
448 2387 558 2452 quidem
578 2393 607 2441 nt
624 2389 736 2456 ignaro,
758 2390 807 2442 sod
827 2397 962 2456 quatenns
995 2385 1583 2453 licetur:videlioctsiquidbumanaenotitiae

375 2472 524 2526 satisfactio
535 2473 707 2527 confossione
720 2474 888 2541 disponitur,
900 2488 964 2528 con·
995 2474 1223 2536 subduxerimus,
1239 2473 1354 2539 proinde
1367 2479 1394 2525 et
1415 2473 1502 2524 Deum
1521 2473 1584 2524 cela·

374 2558 495 2613 sessione
506 2560 666 2626 poenltontia
684 2561 818 2626 nascitur,
830 2562 965 2628 poeniten·
996 2561 1109 2614 bimus?
1121 2560 1231 2612 Adeone
1253 2559 1419 2612 existimatio
1445 2559 1582 2611 bominum

374 2644 411 2697 tia
422 2645 646 2712 beusmitigatur.
660 2647 753 2712 ltaque
763 2647 964 2714 exomologesis
996 2653 1023 2699 et
1042 2646 1087 2698 bei
1120 2645 1287 2699 conscientia
1310 2645 1527 2709 comparantur?
1547 2645 1581 2694 ltu

376 2734 568 2799 prosternendi
581 2739 608 2787 et
625 2733 822 2788 humilificandi
843 2729 969 2789 bominis
995 2732 1094 2787 melius
1119 2737 1161 2785 est
1183 2731 1340 2785 damnatum
1371 2731 1480 2795 latere,
1503 2741 1581 2797 quam

375 2818 519 2884 disciplina
537 2824 594 2882 est,
618 2821 852 2874 conversationem
877 2820 964 2887 injun-
996 2817 1239 2885 palamabsolril.
1259 2856 1266 2869 .
1287 2818 1335 2869 .Si
1349 2816 1383 2869 de
1395 2814 1581 2883 exomologesi

376 2915 444 2968 gens
474 2903 670 2956 misericordiae
697 2903 806 2956 illicem.
838 2908 875 2958 bc
901 2906 962 2971 ipso
996 2902 1581 2970 retractas,gebeunamincordeconsidera,

375 2998 487 3051 quoque
508 2986 602 3038 babitu
629 2992 711 3051 atque
736 2989 810 3042 victu
832 2991 961 3055 mandat,
996 3003 1078 3055 quam
1097 2990 1146 3041 tibi
1167 2988 1367 3054 exomologesis
1385 2988 1539 3055 extinguit:
1557 2992 1582 3038 et

375 3084 456 3125 sacco
478 3077 506 3124 et
528 3071 612 3124 cineri
630 3072 772 3135 incubare,
792 3087 891 3139 corpus
904 3087 964 3128 sor·
996 3086 1085 3142 poenae
1098 3074 1175 3141 prius
1189 3072 1407 3139 magnitudinem
1420 3072 1580 3138 imaginare,

376 3156 459 3209 dibus
476 3157 639 3221 obscurare,
658 3158 779 3210 animum
798 3160 963 3213 moeroribus
998 3166 1070 3213 utde
1081 3160 1193 3214 remedii
1206 3159 1352 3225 adoptione
1361 3172 1417 3212 non
1430 3159 1580 3211 dubites...

376 3241 511 3309 dejicere,
529 3242 573 3295 illa
597 3256 659 3310 quae
681 3244 803 3309 peccavit
816 3246 886 3298 tristi
910 3253 963 3299 tra·
997 3246 1155 3313 igiturcum
1172 3245 1243 3298 scias
1263 3245 1394 3297 adversus
1411 3244 1580 3309 gebennam,

376 3329 494 3382 clatione
515 3334 640 3382 mutare:
659 3336 786 3383 caelorum
809 3336 916 3396 pastum
936 3338 964 3385 et
999 3338 1064 3399 post
1075 3332 1163 3398 prima
1175 3331 1221 3383 illa
1245 3329 1416 3382 intinctionis
1440 3326 1583 3381 bominicae

375 3423 468 3481 potum
479 3431 546 3483 pura
559 3431 655 3480 nosse,
668 3431 722 3471 non
733 3420 836 3471 ventris
848 3420 963 3484 scilicet,
997 3418 1175 3479 monimenta,
1188 3430 1250 3469 esse
1260 3416 1352 3469 adbuc
1362 3415 1390 3467 in
1399 3411 1583 3479 exomologesi

375 3501 425 3552 sed
453 3502 551 3554 animae
580 3515 684 3563 causa3
712 3504 873 3569 plerumque
897 3518 963 3557 vero
998 3506 1117 3559 secunda
1139 3503 1345 3565 subsidia,cur
1367 3502 1486 3553 salutem
1512 3507 1583 3551 tuam

372 3584 484 3649 jejuniis
505 3598 600 3650 preces
612 3587 701 3648 alere,
717 3587 910 3653 ingemiscere,
924 3589 964 3641 la·
998 3591 1103 3643 deseris
1113 3593 1125 3641 ‘l
1137 3603 1186 3642 cur
1195 3601 1288 3641 cessas
1303 3586 1415 3654 aggredi
1428 3586 1503 3652 qrrod
1516 3584 1583 3637 scias

375 3670 511 3735 crymari,
528 3676 556 3722 et
568 3671 673 3736 mugire
685 3670 745 3722 dies
762 3676 911 3737 noctesque
928 3673 964 3726 ad
997 3678 1100 3730 mederi
1114 3676 1183 3729 tibit
1210 3714 1216 3726 .
1250 3714 1256 3726 .
1288 3714 1295 3727 .
1326 3713 1332 3726 .
1363 3675 1495 3727 Peccator
1507 3670 1581 3725 resti·

375 3753 519 3806 bominum
548 3756 632 3807 ileum
667 3760 763 3819 tuum,
793 3756 963 3823 presbyteris
998 3761 1100 3816 tuendo
1119 3762 1171 3815 sibi
1192 3762 1343 3815 institutam
1363 3760 1507 3813 abomino
1524 3769 1584 3811 exo·

375 3841 481 3894 udvcloi
492 3880 500 3905 ,
513 3846 541 3895 et
557 3842 612 3895 aris
632 3842 677 3895 bei
690 3842 891 3909 adgeniculari,
905 3858 964 3897 om·
997 3849 1159 3915 mologesim
1185 3849 1294 3909 scisne,
1319 3844 1472 3912 praetcribit
1489 3844 1560 3896 illam
1574 3879 1582 3907 ,

374 3926 456 3979 nibus
465 3926 593 3980 iratribus
601 3928 751 3995 legationes
762 3930 963 3995 deprecationis
997 3947 1059 4000 quac
1077 3933 1257 4000 Babylonium
1276 3944 1371 3999 regom
1394 3930 1422 3983 in
1444 3942 1528 3998 regna
1544 3939 1585 3983 re·

376 4026 434 4066 snae
452 4013 603 4081 injungere.
623 4018 686 4068 llaec
706 4016 798 4068 omnia
821 4019 963 4071 exomolo·
996 4019 1101 4073 stituit?
1114 4019 1150 4065 »ὃ

376 4100 463 4167 gosis,
478 4107 507 4154 ut
520 4101 707 4167 poeniteutiam
725 4103 917 4167 commendet,
932 4108 962 4155 ut
1029 4107 1087 4156 ild.
1107 4104 1304 4157 Tertullianum
1317 4103 1519 4170 exomologesis
1539 4114 1585 4154 no-

376 4186 411 4239 de
431 4187 544 4253 periculi
558 4187 655 4241 timore
672 4187 815 4240 bominiuu
829 4188 962 4251 honoret,
998 4186 1071 4241 mine
1099 4195 1183 4242 totam
1218 4189 1386 4256 poenitentiae
1414 4188 1584 4255 disciplinam

375 4275 406 4323 ut
423 4270 451 4323 in
463 4277 634 4337 peccatorem
647 4272 705 4337 ipsa
718 4272 903 4336 pronuncians
914 4286 964 4338 pro
999 4275 1143 4340 complecti
1155 4275 1255 4341 liquet,
1267 4288 1282 4327 a
1294 4275 1431 4341 praecipua
1443 4281 1520 4341 parte
1531 4276 1586 4325 tota

375 4355 421 4407 bei
434 4356 622 4422 indignatione
634 4357 771 4422 iungatur,
782 4362 809 4409 et
821 4358 963 4422 temporali
1001 4361 1146 4425 appellata.
1160 4361 1313 4425 Confessio,
1326 4367 1353 4413 et
1365 4360 1476 4426 quidem
1485 4356 1587 4413 bomini

375 4437 551 4498 afflictatione
566 4445 667 4491 aeterna
687 4440 820 4505 supplicia
845 4454 900 4495 non
922 4442 965 4494 di·
999 4444 1088 4507 iacta,
1117 4445 1276 4499 clarissimis
1305 4445 1397 4498 verbis
1434 4443 1585 4497 statuitur:

374 4537 435 4577 caru
453 4524 611 4588 frustretur,
641 4525 689 4579 sed
721 4534 866 4593 expungat.
897 4530 964 4581 curu
1001 4531 1136 4586 erevclat
1156 4530 1587 4596 contessiodelictum,›«con-

402 4766 456 4818 (til.
473 4765 488 4807 i.
498 4766 545 4809 adr.
555 4766 605 4811 ber.
620 4782 639 4811 c.
652 4768 682 4812 ix.
778 4749 788 4761 ‘
1024 4776 1050 4831 (ἱ)
1060 4777 1116 4819 llor.
1125 4777 1190 4820 xxxix.
1209 4775 1235 4831 (a)
1250 4778 1272 4819 l.
1286 4776 1312 4819 de
1321 4776 1395 4832 ponii.
1404 4788 1424 4819 r.
1434 4775 1462 4817 it·
1515 4817 1519 4824 .
