3792 5550
383 547 430 598 180
693 543 806 594 Tutor.
825 541 891 592 xlll.
915 541 942 592 P.
962 539 983 589 l.
1003 536 1045 587 DE
1061 528 1283 590 accersistis.

383 663 484 715 tionem
497 660 646 722 declarare,
662 662 692 710 ut
705 669 801 711 omncs
814 656 970 722 promiscue
1003 652 1134 716 centnm)
1144 667 1150 703 :
1161 654 1367 719 comperimus,
1384 654 1459 719 quod
1472 654 1596 720 quidam,

382 755 497 812 utroque
515 745 639 812 symbolo
662 741 905 796 communicarent.
930 740 971 792 Ni·
1005 742 1112 803 sumpta
1137 740 1328 792 tantummodo
1367 739 1492 805 corporis
1526 741 1597 792 sacri

382 832 419 885 bil
453 829 609 898 hujusmodi
636 828 671 881 ab
691 828 750 894 ipso
776 832 818 879 est
845 826 970 889 dictum,
1004 822 1146 887 portione,
1158 835 1174 874 a
1187 823 1270 877 calice
1285 825 1458 878 abstineant:
1472 824 1521 890 qni
1535 836 1597 890 pro·

382 916 507 984 quamvis
519 920 629 968 moneat
649 913 758 976 tideleS,
779 910 971 964 manducando
1005 907 1048 960 cul
1063 907 1157 969 dnbio,
1171 909 1302 973 quoniam
1315 910 1408 963 nescio
1425 923 1480 976 qna
1501 923 1599 977 super-

381 1015 479 1068 panem
503 1001 576 1053 bunc
599 1004 626 1052 ct
652 997 765 1051 calicem
795 995 916 1049 bibendo
941 1008 972 1048 se
1005 993 1115 1069 stitione
1127 994 1254 1047 uidentur
1272 995 1413 1059 adstricti,
1433 1001 1481 1048 aut
1494 996 1598 1062 integra

381 1093 497 1140 mortem
512 1083 618 1140 bomini
637 1084 808 1138 annuntiare.
827 1081 893 1135 lndc
909 1082 972 1147 qui·
1005 1079 1180 1132 Sacramenta
1192 1081 1361 1147 percipiant,
1374 1087 1420 1134 aut
1436 1082 1471 1134 ab
1484 1082 1597 1148 integris

381 1172 444 1225 dem
468 1170 567 1224 inferre
589 1170 653 1222 licet
673 1169 724 1222 sub
744 1174 858 1233 utraque
880 1166 972 1233 specie
1006 1171 1159 1218 arceantur.
1174 1167 1273 1221 liirisio
1289 1168 1362 1220 enim
1383 1168 1463 1221 istius
1475 1169 1597 1235 mysterii

382 1253 973 1318 Eucharistiamtuncministratam,quam-
1006 1249 1066 1304 sine
1094 1252 1190 1318 grandi
1223 1252 1366 1319 sacrilegio
1395 1266 1452 1307 non
1479 1253 1598 1306 admitti-

380 1341 422 1394 uis
439 1341 491 1394 sub
506 1341 635 1393 alterutra
652 1351 753 1404 corpus
765 1344 791 1390 et
809 1337 972 1403 sanguinem
1006 1341 1059 1388 tur.
1078 1354 1094 1384 s
1117 1336 1128 1370 ⁸

381 1426 514 1481 contineri
536 1438 568 1478 ex
592 1425 628 1476 iis
645 1437 707 1490 quac
733 1423 811 1476 addit
827 1422 972 1476 manifesto
1038 1420 1097 1472 428.
1110 1421 1364 1486 itermltanicnaeos
1377 1423 1597 1486 uotatGelasius,

381 1518 555 1578 sequaturze
572 1513 666 1576 ltaque
677 1509 843 1575 quicumque
855 1508 974 1560 mandu-
1006 1505 1055 1569 qui·
1071 1506 1163 1560 uinum
1190 1518 1205 1558 a
1234 1508 1307 1560 malo
1336 1507 1473 1574 principio
1509 1514 1596 1562 ortum
1639 1534 1649 1554 ι

381 1596 481 1650 caverit
499 1607 597 1662 panem
616 1595 706 1658 bunc,
726 1595 767 1646 oet
787 1592 885 1646 biberit
906 1592 970 1644 eali·
1006 1592 1293 1654 censentes‚acalice
1305 1604 1384 1646 sacro
1403 1591 1597 1655 abhorrebant,

381 1695 440 1736 cem
460 1681 566 1734 bomini
582 1679 692 1744 indigne
710 1691 791 1730 :rcus
808 1678 859 1730 erit
878 1689 974 1742 corpo·
1007 1687 1040 1727 co
1053 1675 1126 1740 quod
1145 1675 1212 1728 illud
1229 1676 1256 1727 in
1279 1690 1312 1730 eo
1338 1677 1513 1732 conficiendo
1524 1679 1598 1731 adbi-

383 1767 419 1818 ris
433 1772 460 1818 et
478 1764 618 1832 sanguinis
637 1763 754 1817 bomini.
769 1781 780 1810 e
798 1763 807 1798 ¹
824 1762 969 1829 perperam
1007 1759 1093 1814 bitum
1110 1760 1200 1814 tuerit.
1220 1764 1257 1815 lie
1277 1763 1311 1815 iis
1330 1769 1445 1829 questus
1464 1763 1553 1818 tuerat
1571 1766 1596 1815 S.

381 1851 522 1919 anglicani
540 1850 689 1904 Bibliorum
703 1849 867 1916 interpretes
884 1856 973 1903 uerte·
1007 1849 1071 1899 Leo.
1090 1849 1120 1899 ln
1132 1847 1167 1900 iis
1179 1861 1270 1902 rerum
1283 1848 1419 1916 adiunctis
1428 1856 1505 1904 certe
1523 1851 1598 1903 licuit

382 1943 445 1992 runt
462 1939 539 1992 :end
549 1954 559 2002 ,·
571 1951 679 1991 sacrum
698 1943 801 1990 textum
825 1937 973 2003 vitiantes,
1004 1933 1101 1999 iubere
1125 1940 1155 1987 ut
1170 1935 1222 1987 sub
1240 1940 1355 2003 utraque
1372 1936 1466 2003 specie
1486 1937 1599 1989 admini-

382 2029 411 2077 ut
427 2030 618 2091 argumentum
647 2023 710 2077 inde
733 2023 908 2089 desumptum
924 2023 975 2076 de-
1007 2023 1149 2084 straretur,
1169 2033 1204 2074 ne
1219 2021 1378 2087 superstitio
1401 2022 1447 2074 illa
1468 2022 1599 2088 sacrilega

381 2110 524 2162 clinarent.
1007 2104 1111 2162 lateret.
1140 2107 1202 2158 llaec
1226 2111 1268 2159 est
1288 2106 1334 2159 illa
1357 2106 1457 2160 divisio
1480 2107 1599 2173 mysterii

412 2195 472 2246 tta.
485 2191 545 2259 otj.
557 2196 582 2244 l.
597 2194 674 2245 «cur
686 2191 800 2246 meliore
811 2192 857 2245 illo
871 2192 973 2245 saeculo
1007 2201 1069 2254 quae
1082 2189 1141 2242 sine
1161 2191 1256 2257 grandi
1271 2192 1415 2259 sacrilegio
1431 2204 1489 2245 non
1502 2193 1598 2244 admit-

379 2277 413 2330 ab
435 2277 570 2344 apostolis
602 2277 636 2330 ad
669 2277 743 2329 rnille
766 2289 854 2342 usque
884 2289 972 2329 annos
1008 2277 1082 2336 titur,
1104 2275 1205 2342 qnippe
1221 2289 1282 2342 quae
1303 2276 1474 2330 bominicem
1490 2278 1598 2344 sangui·

382 2369 477 2428 postea
490 2402 497 2428 ‚
512 2363 571 2416 sinc
581 2362 741 2429 exceptione
757 2374 852 2414 omues
872 2361 973 2414 tiebant
1007 2372 1070 2412 nem
1085 2361 1172 2423 reiicit
1184 2374 1216 2413 ex
1228 2362 1423 2428 superstitione
1435 2363 1530 2429 impia,
1545 2377 1597 2429 qua

382 2447 523 2516 utriusque
547 2447 663 2516 symboli
678 2447 844 2514 participes?
864 2447 973 2513 ignora·
1006 2446 1127 2499 creatori
1140 2447 1294 2514 derogatur.
1314 2447 1358 2501 Sic
1375 2449 1462 2503 altero
1481 2455 1543 2502 orto
1562 2461 1598 2500 er·

381 2534 463 2588 batne
487 2542 565 2590 uetus
587 2534 729 2597 Ecclesia,
755 2543 825 2598 quos
849 2531 972 2584 Christus
1007 2543 1069 2585 rore
1094 2533 1129 2586 de
1153 2534 1320 2586 sacramenti
1350 2539 1466 2599 natura,
1497 2533 1596 2600 optime

382 2619 510 2674 convivas
542 2619 574 2674 ad
601 2617 709 2672 coenam
737 2631 815 2670 suam
845 2616 972 2670 admisis·
1007 2617 1100 2670 statuit
1132 2619 1253 2671 Ecclesia
1281 2617 1456 2684 disciplinam
1480 2619 1595 2672 retinere

382 2705 447 2756 seti
466 2705 509 2751 »²
905 2727 907 2731 ·
1002 2703 1060 2769 jam
1077 2703 1283 2766 inductam,ne
1293 2715 1369 2756 error
1380 2703 1530 2767 foveretur,
1543 2716 1595 2769 quo

414 2788 473 2840 tto.
494 2791 572 2855 ltcsp.
596 2789 702 2855 optime
721 2788 834 2855 quidem
855 2801 905 2855 pro
929 2800 970 2841 ra·
1006 2789 1122 2853 inpane
1140 2793 1167 2842 et
1188 2788 1250 2843 rino
1269 2790 1476 2843 Sacramentum
1494 2790 1594 2843 consti·

381 2871 456 2924 tione
482 2872 606 2925 locorum
624 2877 651 2924 et
675 2879 829 2939 temporum
853 2872 972 2925 admini·
1007 2873 1143 2926 tuebatur.

381 2953 519 3007 strabatnr
531 2956 699 3009 liucharistia
712 2956 821 3022 publice
832 2957 883 3008 sub
898 2962 972 3009 utra·
1039 2958 1098 3011 tto.
1118 2960 1177 3024 obj.
1196 2962 1223 3013 o.
1241 2962 1350 3013 Frustra
1369 2961 1439 3014 tales
1461 2960 1594 3027 legislato-

382 3052 434 3103 que
452 3041 561 3105 specie;
581 3042 668 3095 sedet
690 3041 862 3095 laudabiliter
880 3054 973 3095 recen·
1007 3056 1051 3097 res
1076 3063 1089 3090 α
1109 3044 1228 3111 pericula
1249 3045 1420 3110 obtendunt,
1439 3058 1502 3110 quae
1525 3044 1594 3097 acci·

383 3122 496 3177 tioribus
507 3126 674 3193 temporibus
682 3127 824 3179 immutata
837 3132 879 3179 est
892 3127 972 3180 disci·
1006 3129 1071 3182 dere
1087 3137 1219 3195 possent,
1239 3131 1262 3183 si
1281 3129 1411 3183 omnibus
1432 3130 1537 3195 passim
1555 3143 1595 3182 ex·

381 3209 474 3275 plina,
500 3216 530 3265 ut
549 3211 672 3278 periculo
696 3210 838 3265 effusionis
862 3211 970 3267 obviam
1005 3221 1153 3279 poneretur
1175 3228 1253 3268 sacer
1275 3215 1319 3268 bic
1346 3215 1417 3268 calix
1437 3230 1444 3265 ε
1467 3228 1500 3268 ac
1521 3215 1545 3268 si
1562 3214 1593 3267 ab

382 3294 474 3359 iretur,
498 3301 525 3349 et
545 3297 578 3350 iis
597 3298 785 3351 consuleretur
807 3298 854 3363 qui
876 3297 904 3351 in
928 3312 971 3351 ec·
1005 3305 1105 3353 aeterna
1126 3300 1172 3353 liei
1192 3300 1325 3367 sapientia
1348 3306 1497 3367 prospecta
1519 3305 1594 3353 caet

382 3381 611 3444 ptentrioualibus
638 3383 817 3450 regionibus,
844 3383 889 3435 ubi
914 3384 970 3437 vini
1005 3386 1193 3441 animaduersa
1210 3399 1265 3439 non
1278 3390 1381 3439 essent.
1400 3385 1447 3434 »⁶

382 3466 521 3520 laboratur
545 3468 655 3533 inopia,
676 3471 787 3536 degunt.
817 3472 970 3525 Praesertim
1037 3473 1096 3523 teo.
1110 3470 1593 3537 lterp.0mniasuntaueopruevisn,

383 3560 447 3600 uero
459 3550 527 3603 falsa
544 3557 715 3617 propugnata
734 3553 867 3605 sententia
880 3554 914 3606 de
927 3557 971 3607 sa·
1005 3556 1051 3621 qui
1075 3563 1167 3610 tamon
1192 3558 1281 3624 legem
1304 3557 1401 3609 tulisse
1424 3558 1461 3610 de
1484 3562 1596 3622 utraque

342 3692 343 3695 Ἴ
383 3634 514 3685 crementi
532 3639 629 3686 natura
642 3674 647 3695 ,
660 3635 733 3699 quod
753 3636 781 3687 in
800 3649 870 3701 pane
892 3642 919 3690 et
931 3640 971 3693 vi·
1005 3641 1096 3705 specie
1113 3643 1245 3694 sumenda
1264 3641 1349 3707 gratis
1367 3641 1478 3694 dicitur.
1495 3640 1596 3693 idcirco

383 3727 419 3767 no
445 3717 648 3771 constituebant
670 3727 832 3784 novatores,
857 3735 970 3777 neccsse
1005 3726 1051 3777 liei
1070 3728 1131 3793 lege
1153 3728 1204 3779 bac
1224 3726 1304 3779 dere
1322 3727 1395 3779 baud
1416 3729 1488 3789 lata,
1512 3726 1597 3779 Eccle-

384 3797 433 3850 frtit
443 3798 614 3867 disciplinam
627 3804 729 3856 sensim
749 3804 808 3858 sine
826 3817 909 3859 sensu
930 3808 971 3860 in·
1004 3809 1053 3862 siae
1068 3817 1125 3863 erat
1141 3811 1168 3863 id
1184 3815 1305 3863 statuere
1319 3811 1391 3864 circa
1412 3812 1598 3864 sacramento

383 3882 492 3936 ductam
508 3886 588 3939 tueri.
1005 3908 1063 3947 runr
1078 3896 1355 3958 administrationem,
1374 3895 1452 3960 quod
1466 3907 1519 3960 pro
1531 3899 1597 3946 tern-

416 3968 473 4021 tti.
488 3970 546 4035 obj.
569 3974 593 4025 θ.
613 3975 685 4039 iege
698 3974 761 4027 olim
783 3975 970 4041 praescriptum
1006 3992 1103 4044 porum
1124 3981 1302 4045 locorumque
1320 3978 1599 4045 adjunctisexpedirc
1702 4009 1703 4044 r

384 4056 426 4103 est
439 4058 468 4105 ut
489 4068 584 4109 omnes
607 4058 658 4109 sub
677 4065 792 4125 utraque
811 4062 905 4125 specie
922 4064 972 4113 llu-
1004 4063 1137 4116 videatur.
1702 4047 1703 4062 ἵ

384 4136 539 4191 charistiam
551 4141 733 4207 perciperent,
747 4149 774 4197 et
789 4146 971 4209 quorumdam
1038 4149 1097 4199 till.
1110 4148 1169 4214 obj.
1185 4150 1225 4199 to.
1237 4149 1363 4201 daucum
1383 4154 1428 4202 cst
1443 4151 1601 4203 Sacramen-

382 4222 519 4275 ‹ontraria
564 4227 734 4279 consuetudo
768 4230 971 4293 superstitionis
1004 4238 1076 4293 tum,
1102 4233 1182 4297 quale
1213 4232 1344 4287 tlatbolici
1371 4234 1497 4298 babent,
1517 4245 1545 4287 et
1567 4232 1602 4283 ab

382 4303 511 4357 damnata
525 4313 567 4359 est
582 4323 612 4358 :u
634 4309 677 4361 sic
694 4311 767 4363 enirn
780 4312 900 4377 loquitur
919 4315 969 4368 (te-
1002 4314 1050 4369 illo
1064 4318 1137 4381 qnod
1156 4316 1279 4370 cbristus
1300 4318 1419 4372 instituit
1433 4325 1463 4373 et
1482 4325 1541 4374 tota
1560 4330 1604 4373 ce·

386 4384 468 4438 lasius
482 4388 526 4450 (dc
547 4402 670 4446 consecr.
683 4394 786 4463 distit.
804 4397 868 4461 Cap.
893 4396 970 4451 Com·
1004 4400 1117 4456 lebrarit
1137 4401 1298 4468 antiquitas,
1311 4404 1463 4459 diversum.

412 4626 440 4673 (¹)
452 4626 469 4667 l·
484 4628 534 4670 Cor.
552 4632 579 4673 xl.
597 4638 628 4677 tt.

411 4695 438 4743 (Ξ)
449 4694 549 4742 Calvinus
558 4703 609 4745 lust.
620 4706 632 4745 l
645 4706 674 4747 iv.
688 4710 764 4751 cxvii.
778 4722 799 4750 n,
814 4712 844 4751 tt.
1031 4662 1057 4718 (³)
1071 4662 1183 4720 lbidem'n
1200 4670 1231 4709 ⁵⁰⁴
1245 4669 1271 4723 μ)
1287 4665 1377 4711 'mm‘
