3792 5550
643 532 711 583 ele.
730 532 783 583 llll.
805 532 846 583 bu
871 532 974 584 stulto
992 530 1181 585 cobulunrb.
1464 534 1516 585 559

301 659 434 713 quaquam
458 650 549 699 tamen
574 646 608 699 ad
628 646 754 708 diaconi,
778 647 888 713 presby·
920 648 1050 701 inlucem
1072 654 1171 699 iterum
1200 648 1370 712 producere,
1387 661 1458 712 quos
1477 647 1516 699 id·

299 730 522 797 teri,lipiscopi,
542 735 589 783 ant
614 731 794 797 hypodiaconi
813 732 888 784 Ordi-
920 734 994 786 circo
1015 733 1150 798 percussit
1174 736 1348 785 anathemate
1380 733 1516 785 Tridenti-

299 830 360 869 nem
386 818 521 880 admittit,
543 818 590 869 sed
605 831 668 869 eum
687 817 822 870 duntaxat
841 816 887 883 qui
921 833 987 870 num
1000 819 1150 871 Concilium
1167 819 1238 869 :nsi
1261 818 1322 883 quis
1344 818 1442 869 dixerit
1462 823 1515 869 sta·

299 902 331 953 ab
343 903 423 955 nnius
436 904 528 956 uxoris
541 902 740 956 consuetudine
750 915 812 955 sese
825 916 888 955 con·
920 910 979 955 lum
1004 905 1175 970 coniugalem
1195 900 1417 970 anteponendum
1451 915 1516 956 esse

299 986 418 1052 tinuerit,
437 996 483 1042 aut
501 1002 533 1041 ea
556 990 591 1041 sit
609 988 721 1041 orbatus
744 1004 750 1039 :
772 988 845 1054 quod
860 988 886 1039 in
920 990 1003 1043 statui
1024 990 1203 1055 virginitatis,
1232 990 1274 1041 vel
1301 990 1459 1049 coelibatus;
1486 993 1514 1040 et

265 1092 270 1107 ·
298 1071 350 1125 illis
366 1074 434 1127 locis
448 1076 585 1141 praecipue
600 1075 636 1137 tit,
650 1074 695 1126 ubi
709 1072 887 1127 ecclesiastici
920 1090 977 1130 non
998 1090 1060 1128 esse
1085 1075 1183 1127 melius
1196 1088 1226 1126 ac
1239 1074 1345 1126 beatius
1365 1086 1475 1125 uranere
1486 1072 1513 1123 in

300 1170 416 1213 canones
429 1168 554 1213 accurate
567 1166 717 1213 servantur.
730 1180 742 1205 n
755 1158 763 1191 ¹
778 1162 814 1211 be
828 1157 889 1223 Epi·
920 1162 1090 1228 virginitate,
1103 1167 1149 1213 aut
1162 1160 1307 1222 coellbatu,
1331 1173 1413 1224 quam
1434 1158 1513 1225 jungi

301 1244 389 1309 scopis
399 1248 487 1312 legem
497 1246 589 1311 vigere
601 1244 690 1297 lassus
709 1250 751 1297 est
771 1244 829 1309 ipse
842 1246 888 1295 lo·
921 1248 1114 1308 matrimonio;
1125 1248 1269 1298 anathema
1284 1246 1327 1297 sit.
1340 1244 1379 1293 »⁸

301 1328 424 1384 rinianus
446 1346 452 1381 :
468 1351 479 1376 «
495 1334 573 1384 Certe
585 1330 725 1383 confiteris
738 1342 793 1383 non
807 1341 888 1396 posse
1137 1331 1300 1396 Propositio.

302 1428 361 1468 esse
374 1418 555 1483 Episcopum,
576 1418 623 1482 qni
645 1418 672 1469 in
686 1416 845 1482 episcopatu
858 1416 888 1467 li-
954 1418 1050 1471 llclius
1068 1421 1113 1471 est
1122 1431 1153 1471 ac
1163 1418 1269 1470 beatius
1282 1430 1393 1469 manere
1413 1416 1441 1468 in
1458 1415 1514 1467 vir·

301 1499 351 1553 lios
374 1502 454 1556 faciat
476 1518 482 1553 :
508 1503 629 1569 alioquin
649 1502 672 1554 si
700 1502 888 1567 deprenensus
921 1505 1050 1571 ginitate,
1064 1504 1233 1571 quamjungi
1246 1503 1431 1557 matrimonio.

299 1584 391 1651 luerit,
415 1602 472 1642 non
499 1592 576 1655 quasi
605 1592 650 1641 ‘vir
676 1589 822 1647 tenebitur,
839 1588 886 1639 sed
955 1591 1013 1641 aad.
1029 1590 1168 1643 Probatur
1180 1593 1204 1641 1.
1216 1590 1424 1654 exscriptoris.
1440 1589 1515 1641 Chri·

299 1673 373 1733 quasi
395 1675 504 1727 adulter
517 1673 703 1726 damnabitur.
717 1692 728 1719 1
743 1674 782 1724 lta
795 1672 890 1724 lliero-
922 1681 981 1727 stus
994 1676 1115 1740 loquitur
1126 1676 1161 1727 de
1174 1675 1310 1728 eunuchis
1325 1695 1336 1719 r
1351 1680 1462 1739 proptor
1474 1686 1515 1726 rc-

298 1768 402 1822 nymus.
417 1758 429 1793 ²
922 1774 1006 1827 gnum
1025 1762 1178 1813 coelorum..
1190 1760 1240 1823 Qui
1257 1765 1349 1824 potest
1360 1772 1458 1823 capere
1471 1770 1515 1809 ca-

364 1883 387 1950 5,
402 1885 444 1939 11⁸
461 1885 822 1939 „emh-Damemnmua·
922 1846 988 1913 piat.
1005 1845 1044 1891 »⁸
1064 1846 1182 1898 Vocibus
1205 1844 1260 1896 illis
1285 1843 1442 1896 indicantur
1467 1842 1517 1907 qui

922 1932 1031 1998 pietalis
1045 1931 1136 1984 studio
1147 1944 1162 1982 a
1175 1929 1265 1982 carnis
1285 1929 1424 1980 abstinent
1436 1929 1512 1981 volu·

333 2009 391 2063 aot.
415 2011 636 2077 antiquissimam
666 2024 728 2065 esse
745 2012 890 2065 coelibatus
922 2016 1143 2082 ptatibus‚quos
1168 2020 1261 2067 manet
1282 2019 1519 2073 mercesaetcrna·,

300 2094 482 2164 disciplinam,
493 2100 573 2153 etiam
584 2113 616 2151 ea
628 2114 660 2151 ex
671 2105 746 2165 parte
755 2113 808 2165 qua
823 2113 889 2151 usus
922 2104 1030 2155 cbristo
1048 2104 1187 2162 hortante,
1214 2106 1244 2153 ul
1262 2100 1328 2152 illud
1345 2100 1407 2152 vitae
1428 2112 1517 2165 genus

300 2183 417 2249 conjugii
430 2183 505 2249 prius
523 2184 582 2235 initi
598 2184 683 2237 sacris
702 2184 833 2237 ministris
844 2198 888 2237 ve·
922 2189 1005 2255 eligat
1027 2188 1192 2253 quicumque
1210 2187 1364 2239 facultatem
1389 2183 1519 2249 viresque

300 2269 380 2330 tatur,
396 2283 429 2321 ex
447 2270 605 2335 disceptatis
627 2276 743 2323 constat.
757 2271 889 2335 npndoc·
922 2274 974 2327 sibi
994 2274 1124 2327 divinitus
1145 2272 1223 2325 datas
1248 2271 1364 2324 noverit.
1387 2272 1456 2336 Ergo
1470 2269 1519 2321 illa

300 2350 465 2417 cidenlales,
486 2361 513 2407 et
536 2355 703 2421 ubicumque
726 2354 898 2421 Apostolicae'
921 2361 985 2415 vitae
1002 2360 1124 2413 conditio
1142 2360 1249 2412 beatior
1266 2363 1325 2420 est,
1340 2363 1434 2423 utpote
1454 2370 1515 2421 spe·

300 2438 376 2492 Sedis
390 2447 513 2507 potestas
524 2454 586 2494 sese
604 2442 707 2494 directe
719 2441 887 2506 explicuerit,
922 2447 1007 2499 ciales
1021 2446 1126 2497 babens
1139 2443 1348 2509 promissiones.

299 2536 358 2577 eam
376 2541 486 2592 semper
498 2528 618 2590 viguisse
637 2528 807 2591 exploratum
827 2532 886 2578 est:
955 2531 1014 2581 aot.
1025 2529 1097 2582 lllias
1109 2528 1192 2580 dicit:
1208 2527 1325 2579 «Omnis
1344 2526 1390 2591 qui
1402 2527 1516 2593 relique·
1546 2595 1549 2602 ι

298 2624 380 2675 quam
399 2613 597 2673 Orientalibus,
614 2613 751 2678 plerisque
773 2612 887 2673 saltem,
923 2615 958 2666 rit
978 2614 1166 2676 domum,vel
1185 2611 1297 2673 iratres,
1326 2617 1374 2663 aut
1391 2624 1519 2675 sorores,

297 2708 472 2749 communem
488 2698 572 2749 luisse
584 2696 700 2762 plurima
718 2696 835 2761 probant
844 2696 891 2749 do·
923 2704 1100 2763 antpatrem,
1111 2704 1158 2749 aut
1175 2702 1305 2760 matrem,
1321 2702 1368 2748 aut
1384 2710 1520 2759 acorem,

298 2788 435 2835 eumenia.
456 2782 482 2834 Si
507 2795 569 2847 quae
581 2782 664 2848 igitur
689 2787 833 2835 occurrant
862 2782 889 2834 in
923 2791 971 2839 aut
987 2784 1077 2849 lilios,
1110 2791 1157 2837 aut
1181 2797 1262 2850 agros
1283 2789 1395 2848 propter
1413 2795 1516 2836 nornen

298 2868 465 2921 contrarium
485 2869 627 2932 exempla,
648 2873 731 2934 prout
744 2869 889 2923 rer-ronins
923 2883 1031 2934 mcum,
1056 2869 1213 2934 centuplum
1234 2868 1365 2934 accipiet,
1384 2873 1411 2921 et
1432 2868 1520 2921 ritem

298 2953 624 3020 postmomodum,
643 2968 675 3008 ea
693 2954 821 3008 videntur
841 2968 890 3008 ve-
923 2961 1053 3009 aeteruam
1073 2954 1233 3020 possidebit.
1249 2954 1286 2999 υ*
1309 2955 1446 3020 neunqnu
1466 2968 1516 3006 au·

301 3039 364 3092 teris
384 3040 535 3106 disciplinae
550 3041 720 3103 laxamenta,
746 3041 887 3093 bominum
923 3047 978 3094 tem
1006 3055 1117 3095 uxorem
1131 3042 1178 3106 qui
1197 3047 1289 3094 manet
1302 3041 1329 3093 in
1342 3042 1519 3108 virginitate,

299 3124 454 3178 infirmitate
468 3119 682 3180 et'couniventia
702 3127 821 3179 inducta.
836 3122 890 3179 Car·
923 3135 1059 3193 quatenus
1078 3141 1139 3179 eam
1152 3127 1224 3179 baud
1244 3127 1318 3179 ducit
1332 3141 1338 3176 :
1353 3141 1413 3179 eam
1424 3126 1519 3191 reipsa·

299 3212 387 3262 terum
409 3211 431 3262 si
454 3211 497 3262 cul
507 3211 813 3278 videaturmatrimonia
826 3217 889 3276 post
923 3213 1053 3277 relinquit
1070 3212 1116 3277 qui
1128 3212 1305 3263 matrimonio
1315 3213 1371 3276 jam
1382 3212 1513 3276 junctus,

262 3285 263 3288 ’
299 3296 413 3350 Ordines
428 3303 572 3362 susceptos
586 3302 691 3349 tanturn
710 3297 792 3349 vetita
804 3296 889 3349 luisse
923 3297 982 3362 ipsa
992 3296 1183 3348 consentiente
1198 3295 1324 3347 coelibem
1342 3294 1517 3359 amplectitur

299 3380 376 3436 initio
399 3384 471 3448 apud
496 3383 666 3443 Orientales,
696 3396 747 3434 usu
768 3382 889 3449 conjugii
922 3382 1007 3434 vitam
1037 3379 1519 3446 llaecvoluptatisabdicatioCbrist'r

299 3467 374 3531 prius
392 3468 451 3520 initi
475 3471 637 3535 cujusquam
658 3468 793 3532 permisso
817 3468 888 3520 arbi·
922 3481 1005 3522 causa
1017 3467 1173 3532 centuplam
1190 3467 1521 3519 mercedcmsecumtrav
1590 3498 1592 3504 ·

299 3551 366 3617 trio,
378 3567 429 3620 per
441 3568 493 3606 nos
502 3554 580 3617 licet,
593 3555 626 3606 ad
640 3554 804 3621 legisqualis
815 3567 889 3607 nunc
923 3553 964 3606 bit
976 3560 1004 3606 et
1013 3553 1096 3606 vitam
1110 3559 1250 3605 aelernarn.

299 3636 372 3704 riget
383 3639 411 3690 in
425 3639 545 3692 Ecclesia
563 3639 656 3691 Latina
679 3639 850 3692 sanctitatem
862 3645 890 3694 et
956 3641 1015 3692 258.
1030 3641 1177 3706 apostolus
1198 3639 1345 3691 Corinthiis
1361 3637 1405 3690 bis
1418 3637 1453 3690 de
1473 3650 1519 3690 re·
1615 3672 1617 3677 -

301 3726 456 3792 aequitatem
468 3726 660 3780 vindicandam
671 3726 842 3780 lestinantes.
923 3727 976 3780 bus
986 3727 1159 3793 respondens
1171 3726 1253 3778 dicit:
1267 3745 1279 3771 α
1293 3729 1398 3778 Bonum
1412 3729 1454 3776 cst
1468 3725 1521 3776 bo·

333 3811 392 3864 aad.
408 3813 440 3864 Ut
451 3811 745 3877 disciplinaesanctitas
758 3812 890 3878 inlelliga·
923 3815 989 3866 mini
1012 3815 1153 3867 mulierem
1168 3826 1224 3866 non
1240 3820 1367 3878 tangere3
1385 3811 1425 3857 »⁸
1442 3810 1520 3862 bona

301 3900 353 3959 tur,
365 3897 527 3963 virginitatis
550 3910 606 3962 prae
629 3897 802 3948 matrimonio
820 3908 892 3960 prae-
926 3901 1136 3953 scilicetrocare
1152 3901 1242 3951 solent
1256 3900 1360 3951 llcbraei
1378 3910 1440 3962 quae
1458 3909 1516 3948 me·

301 3984 429 4036 stantiam
451 3983 567 4048 probare
590 3985 707 4044 oportet.
733 3983 798 4032 Eam
826 3981 890 4033 olim
925 3984 993 4037 liora
1005 3984 1047 4036 vel
1061 3983 1161 4048 optima
1176 3988 1248 4035 suut.
1271 3983 1315 4034 Sic
1328 3982 1393 4034 dicit
1406 3997 1413 4031 ε
1426 4001 1438 4026 α
1449 3982 1521 4034 Volo

301 4067 409 4134 negavit
433 4065 611 4126 lorinianus,
641 4079 722 4131 quem
750 4067 785 4120 ob
819 4068 892 4120 bunc
925 4069 1110 4121 enimomnes
1129 4079 1253 4119 vosesse
1271 4065 1488 4129 sicutmeipsum

300 4153 424 4220 aliosque
444 4165 552 4206 errores
565 4158 702 4218 tamquam
731 4154 888 4206 haereticum
926 4155 974 4207 sed
993 4153 1183 4218 unusquisque
1194 4152 1335 4218 proprium
1351 4153 1454 4224 donum
1467 4151 1522 4202 lra'

302 4239 440 4294 damnavit
454 4237 574 4292 licclesia
589 4238 690 4292 saeculo
714 4239 817 4304 quinto.
832 4242 888 4294 llo-
923 4241 972 4294 bet
993 4253 1026 4294 cx
1044 4241 1124 4292 beo:
1146 4238 1216 4290 alins
1238 4237 1348 4303 quidem
1367 4237 1424 4295 sic,
1446 4235 1519 4288 alius

301 4332 409 4379 ratores
431 4339 487 4381 uon
500 4324 596 4392 puduit
624 4324 693 4377 locda
712 4325 770 4390 eius
791 4325 889 4390 placite
926 4338 992 4380 vcro
1004 4325 1051 4377 sic.
1066 4325 1130 4377 bico
1141 4329 1232 4376 autem
1250 4335 1305 4374 non
1323 4322 1426 4388 nuptis,
1439 4327 1466 4374 ct
1477 4321 1521 4374 vi·

329 4605 356 4657 ll]
373 4607 428 4648 fler.
440 4605 542 4658 11111111
552 4605 619 4646 levin.
630 4607 644 4646 1.
654 4607 668 4646 1.
681 4618 699 4646 c.
709 4607 750 4647 nin
950 4605 977 4660 (a)
987 4605 1076 4647 ibidem.
1085 4608 1117 4644 11.
1513 4642 1517 4648 ,

329 4677 354 4728 lb)
366 4675 549 4718 §conuincam
559 4686 579 4714 ι.
954 4675 981 4726 (ol
992 4674 1000 4714 l
1015 4675 1064 4715 Cor.
1075 4674 1113 4714 rii.
1132 4679 1150 4714 1.
1160 4689 1170 4711 ι
1179 4673 1233 4714 'lbet
1247 4671 1265 4713 ls
1280 4673 1306 4726 bp
1316 4685 1329 4714 a
1338 4683 1437 4714 common
1447 4669 1518 4712 idion!

329 4752 358 4802 lt)
368 4747 467 4791 1111111.
478 4753 509 4790 11.
926 4745 1003 4786 dener.
1014 4743 1158 4785 »Bloomlield
1167 4743 1189 4784 in
1201 4744 1241 4784 loc.
