3792 5550
375 557 428 610 3⁰0
659 562 773 614 ruber.
791 561 855 612 xvi.
875 559 917 610 bn
935 557 1089 610 barbada
1107 557 1278 609 ducatoris.

378 679 451 724 trum
460 676 658 729 communione
668 676 762 729 viatici
774 674 941 728 reficiantur.
952 690 968 720 n
1004 672 1171 734 Radbertus,
1190 671 1292 725 saeculo
1310 683 1401 732 nono,
1414 671 1442 722 in
1454 672 1511 726 vita
1530 675 1600 728 Ade-

307 758 311 765 ’
377 760 440 812 itaec
460 772 492 812 er
511 761 622 825 synodo
641 761 803 829 moguntina
816 799 822 822 ,
835 772 909 813 anno
918 761 969 811 1111
1003 758 1083 822 lardi,
1097 758 1209 811 abbatis
1222 757 1406 824 corbeiensis,
1420 765 1515 812 narrat
1527 760 1600 812 iiild·

380 843 809 910 babita,descriptaridentur.¹
1002 857 1114 896 manum
1144 843 1336 910 Episcopum,
1366 843 1462 897 audito
1500 846 1599 900 morbo

410 932 451 981 11.
475 931 631 984 Graecorum
659 931 859 999 Eucboiogium
886 931 968 982 ritum
1003 927 1147 991 adeladi,
1166 928 1314 983 advenisse
1336 928 1433 982 illico:
1453 949 1470 978 u
1491 933 1598 985 interea

375 1013 496 1080 ungendi
514 1014 637 1069 intirmos
654 1022 762 1082 septem
779 1015 970 1069 sacerdotibus
1002 1025 1065 1066 cum
1077 1013 1207 1078 coepisset
1224 1013 1298 1067 idem
1315 1019 1428 1068 sanetus
1446 1015 1599 1082 Episcopus

376 1098 549 1151 adstantibus
585 1101 771 1168 peragendum
807 1101 967 1167 praescribit,
1003 1099 1117 1151 anobis
1130 1099 1304 1164 percontari,
1324 1105 1414 1152 utrum
1429 1100 1599 1156 benedictio

376 1183 510 1237 Sacerdos
521 1185 569 1250 qui
589 1189 668 1253 ungit
685 1201 750 1252 eos,
764 1188 831 1241 dicit
845 1203 852 1238 :
865 1208 877 1234 ι
891 1189 970 1240 Pater
1002 1181 1046 1235 nis
1065 1183 1144 1246 oleo,
1157 1184 1229 1237 sicut
1246 1197 1263 1236 a
1279 1185 1361 1238 beato
1380 1187 1515 1251 apostolo
1535 1199 1597 1240 san-

375 1272 653 1333 sancte,animarum
675 1280 702 1329 et
723 1287 869 1340 corporum
884 1274 971 1335 medi·
1001 1267 1086 1320 citum
1106 1274 1162 1328 est,
1182 1269 1296 1322 deberet
1313 1271 1429 1337 perungi
1453 1286 1460 1322 :
1483 1272 1597 1326 interro·

375 1367 423 1416 ce,
445 1357 867 1428 quidiliumtuumunigenitum
878 1359 969 1414 bomi·
1002 1351 1126 1418 divimus
1152 1359 1283 1407 ulium
1312 1356 1418 1410 vellet?
1439 1396 1445 1408 ·
1468 1395 1474 1408 ·
1498 1359 1596 1424 -1111011

365 1454 442 1511 *num
455 1448 580 1496 nostrum
592 1447 685 1497 lesum
698 1446 846 1510 Christum,
857 1458 967 1499 omnem
994 1429 1192 1510 ,ille’tiudienm
1210 1439 1310 1492 erectis
1323 1440 1411 1492 oculis
1424 1441 1454 1492 in
1477 1443 1596 1506 coelum,

350 1541 358 1548 ·
375 1526 502 1578 morbum
525 1534 683 1591 curantem,
709 1534 736 1582 et
754 1543 787 1582 ex
807 1535 896 1583 morte
915 1542 968 1583 nos
1001 1522 1164 1575 obsecrabat
1184 1529 1213 1577 ⁰1
1230 1523 1316 1576 fleret·
1331 1545 1343 1571 ¹·
1358 1526 1395 1578 ὓθ·
1406 1527 1435 1578 S·
1451 1528 1596 1592 0⁸W³ld02

375 1609 538 1664 liberantem
560 1613 676 1666 misisti:
690 1627 756 1667 sana
779 1628 890 1681 quoque
910 1628 968 1668 ser·
1001 1609 1167 1664 eboracensi
1180 1610 1332 1686 Episcopo,
1345 1613 1449 1666 saecuio
1468 1613 1596 1677 decimo,

375 1710 440 1749 vum
461 1703 540 1750 tuum
554 1702 584 1753 p,
603 1700 770 1754 adetjnenpe
780 1701 858 1754 mum
870 1713 968 1767 fflrpo.
1001 1699 1142 1757 narratur,
1155 1695 1229 1759 quod
1242 1701 1359 1749 mortem
1376 1696 1524 1751 imminere
1537 1712 1596 1753 sen·

374 1780 413 1833 ris
437 1781 613 1848 infirmitate,
643 1785 796 1839 ausiniaca
819 1785 895 1838 inum
918 1798 968 1851 par
1001 1777 1595 1844 tiens,«conuocatisiratribus,hortatureos

278 1902 283 1909 .
374 1866 475 1920 ebriati
488 1868 528 1921 tui
541 1870 690 1935 gratiam.»
1000 1863 1159 1931 impendere
1174 1864 1227 1916 sibi
1240 1865 1425 1918 ministerium
1440 1881 1528 1921 sacrae
1544 1871 1596 1922 Un-

407 1952 652 2007 temeratori.
673 1954 856 2008 amoturum
874 1960 967 2008 aucto·
999 1949 1115 2011 ctionis,
1137 1963 1200 2004 cum
1217 1951 1319 2004 Viatico
1341 1952 1476 2006 dominici
1502 1966 1596 2020 corpo

374 2036 464 2090 ritate·
495 2039 645 2092 Concilium
674 2040 870 2103 cabilonense,
893 2052 965 2092 anno
1000 2034 1117 2088 ris.»tn
1129 2035 1182 2088 vita
1194 2036 1293 2089 Leonis
1307 2039 1347 2088 111.
1360 2036 1594 2102 refertur,·cum

377 2123 442 2184 8¹5,
452 2122 572 2177 decrevit
587 2138 594 2174 :
610 2145 622 2169 ι
633 2125 789 2177 Secundum
807 2126 881 2178 beati
893 2128 966 2190 dpo-
1000 2121 1185 2188 intelligeret,
1210 2135 1266 2176 uon
1288 2123 1392 2176 diutius
1417 2123 1594 2178 retinendum

375 2207 439 2259 stoli
463 2208 560 2262 Jacobi
580 2209 795 2273 documentum,
819 2211 862 2263 cui
882 2211 965 2264 etiam
1000 2219 1030 2260 se
1059 2206 1150 2258 carnis
1178 2209 1333 2273 ergastulo,
1362 2209 1537 2272 decrevisse,
1565 2218 1595 2266 ut

374 2289 540 2344 documenta
568 2294 678 2346 Petrum
706 2296 900 2357 consentiunt,
926 2296 967 2347 in·
999 2291 1129 2356 quoniam
1150 2291 1244 2356 plures
1268 2293 1484 2358 Episcoporum,
1503 2295 1593 2350 Abba-

377 2374 448 2426 firmi
459 2377 522 2429 oleo
543 2377 617 2443 quod
630 2378 665 2429 ab
675 2379 965 2445 Episcopisbenedici·
999 2377 1423 2442 tum,caeterorumquetidelium
1436 2380 1594 2434 effluxerant

375 2466 471 2524 tur,a
494 2461 663 2530 presbyteris
691 2465 756 2531 ungi
785 2464 895 2518 debent.
921 2465 965 2518 Sic
998 2462 1105 2527 turbae,
1135 2463 1175 2516 eis
1202 2464 1387 2529 praesentibus
1416 2465 1593 2533 inungeretur

374 2545 503 2601 enimait
527 2563 535 2600 ε
558 2569 570 2595 ι
592 2549 965 2616 infirmaturquisinuobis?
999 2548 1068 2600 sacri
1088 2548 1141 2602 olei
1170 2549 1287 2615 liquore.
1312 2569 1325 2598 n
1346 2552 1384 2604 be
1412 2555 1441 2605 S.
1465 2555 1590 2608 Maiacbia

373 2652 387 2678 ι
406 2632 518 2687 inducat
535 2636 725 2702 presbyteros,
744 2641 796 2688 etc.
819 2637 903 2689 »tion
922 2639 965 2688 est
998 2632 1081 2686 reiert
1102 2634 1130 2685 S.
1151 2635 1325 2688 bernardus:
1344 2655 1360 2685 u
1377 2639 1461 2692 dubet
1474 2654 1592 2695 sesacro

373 2718 466 2785 itaque
475 2721 550 2785 parui
559 2721 704 2787 pendenda
714 2720 965 2785 nujuscemodinre-
998 2719 1060 2772 oleo
1072 2719 1146 2785 ungi.
1160 2719 1196 2766 »⁸

373 2804 482 2868 diuina,
505 2819 567 2870 que
592 2806 690 2858 animae
709 2806 887 2872 corporisque
907 2820 962 2860 me·
1032 2807 1073 2857 16.
1092 2804 1229 2859 Probatur
1245 2810 1269 2860 6.
1285 2808 1443 2862 Graecorum
1459 2816 1485 2863 et
1498 2813 1587 2865 oriatu-

374 2889 455 2940 detur
466 2889 657 2955 languoribus.
668 2906 684 2937 »
697 2889 708 2924 ¹
998 2888 1096 2941 tatium
1106 2895 1239 2943 sectorum
1252 2894 1437 2947 consensimus.
1450 2898 1535 2950 Graeci
1546 2911 1589 2951 ro·

406 2975 446 3024 15.
472 2974 623 3025 Concilium
650 2974 871 3041 aquisgranense
889 2989 963 3028 anno
998 2975 1122 3027 canthos
1135 2977 1340 3031 Sacramentum
1355 2978 1485 3045 inuisam,
1500 2985 1586 3036 oleum

374 3058 673 3125 secusrquisautem
689 3059 844 3113 infirmitate
856 3061 966 3126 depres-
997 3071 1061 3111 cum
1080 3073 1166 3124 prece.
1187 3062 1217 3113 ln
1238 3064 1412 3119 confessione
1437 3069 1586 3122 orthodoxa

373 3156 422 3196 sus
433 3144 530 3205 tuerit,
543 3159 578 3198 ne
599 3146 773 3200 confessione
797 3152 879 3212 atque
902 3160 964 3202 ora·
997 3143 1110 3197 dicunt:
1127 3148 1302 3213 «septimum
1321 3152 1528 3207 sacramentum
1547 3164 1589 3207 est

373 3230 449 3283 tione
465 3232 646 3296 sacerdotati,
671 3247 723 3287 nec
753 3248 809 3287 non
833 3234 965 3288 unctione
998 3230 1123 3283 Extrema
1141 3233 1237 3285 Unctio
1256 3248 1272 3285 a
1292 3236 1400 3289 cbristo
1418 3241 1586 3306 praescripta.

374 3315 472 3368 sacrati
494 3316 563 3378 olei,
584 3330 634 3383 per
651 3318 803 3384 presbytcri
826 3317 965 3385 negligen·
998 3314 1063 3365 Cum
1093 3314 1165 3367 enim
1191 3318 1320 3383 coepisset
1347 3320 1501 3389 discipulos
1521 3338 1589 3379 suos

373 3400 438 3453 uam
448 3403 599 3455 careat.»⁸
996 3398 1078 3451 binos
1107 3400 1234 3465 mittere,
1263 3406 1588 3474 (discumbatis)

406 3489 448 3538 rt.
465 3490 616 3543 Concilium
635 3491 963 3552 Ticiuenseannotibd,
999 3485 1136 3551 ungebant
1162 3487 1225 3541 oleo
1254 3491 1356 3544 multos
1375 3498 1402 3545 et
1431 3495 1585 3548 sanabant:

373 3570 458 3623 dicit:
480 3591 493 3617 ι
513 3573 582 3624 iilud
601 3586 712 3639 quoque
731 3575 849 3627 salutare
867 3576 965 3627 Sacra-
997 3583 1079 3635 quam
1108 3570 1238 3638 deinceps
1275 3576 1433 3630 unctionem
1461 3580 1586 3647 religiosa

372 3660 513 3716 mentum,
536 3657 611 3720 quod
640 3658 815 3710 commendat
844 3658 963 3712 lacobus
996 3657 1195 3711 consuetudine
1205 3660 1325 3712 Ecclesia
1334 3663 1586 3731 observavit,prout

371 3740 519 3804 apostotus
538 3741 633 3794 dicens
656 3758 664 3793 :
689 3763 701 3788 ι
723 3742 878 3795 infirmatur
899 3744 963 3810 quis
996 3753 1030 3793 ex
1053 3743 1170 3807 epistola
1188 3746 1275 3798 sancti
1301 3748 1396 3801 iacobi
1416 3757 1585 3817 compertum

372 3842 389 3872 u
406 3826 435 3876 in
449 3826 549 3879 vobisi
561 3833 614 3881 etc.
627 3846 644 3876 u
661 3829 755 3883 solerti
768 3830 962 3894 predicatione
997 3830 1053 3878 est:
1064 3844 1081 3874 u
1093 3828 1247 3881 infirmatur
1259 3832 1321 3896 quis
1335 3832 1361 3885 in
1373 3834 1449 3887 vobis
1460 3837 1498 3885 tu
1510 3835 1585 3888 etr}

371 3911 481 3977 populis
501 3912 730 3968 innotescendum
751 3922 809 3979 asa,
832 3930 962 3984 magnum
996 3912 1110 3964 Fructus
1127 3914 1208 3979 hujus
1232 3916 1399 3969 sacramenti
1418 3924 1501 3983 sunt,
1515 3931 1585 3985 quos

372 4009 439 4050 sane
449 4011 482 4051 tc
496 3999 575 4052 vaide
586 4002 768 4066 appetendum
784 4003 961 4068 mysterium,
996 3997 1070 4049 reiut
1085 3996 1108 4049 ei
1122 3997 1247 4063 proprios
1257 4006 1369 4053 sanctus
1385 4002 1505 4055 lacobus
1516 4009 1587 4067 apo—

370 4094 421 4147 per
433 4084 526 4150 quod,
542 4084 565 4137 si
585 4084 702 4141 fideliter
718 4087 856 4153 poscitur,
868 4095 896 4141 er
917 4102 962 4141 η.
996 4082 1085 4133 stolus
1097 4082 1230 4147 explicat,
1244 4083 1373 4138 videlicet
1389 4086 1517 4139 remissio
1527 4098 1587 4151 pec·

370 4168 516 4221 mittuntur
542 4176 673 4236 peccata,
704 4176 731 4224 et
759 4177 961 4239 consequenter
995 4172 1137 4230 catorum,
1151 4167 1252 4222 animae
1263 4171 1339 4223 satus
1351 4208 1359 4234 ,
1372 4172 1497 4237 corporis
1510 4171 1584 4224 deni-

369 4254 522 4319 corporalis
542 4257 617 4308 satus
637 4255 817 4309 restituitur.‘
994 4264 1048 4318 que
1073 4251 1191 4315 sanitas3
1214 4268 1296 4320 quam
1321 4256 1373 4310 etsi
1397 4270 1455 4311 non
1479 4268 1587 4322 semper

402 4340 444 4390 tb.
460 4338 596 4392 Probatur
603 4343 629 4392 5.
642 4340 784 4405 exemptis.
797 4340 960 4393 Paschasius
994 4337 1137 4403 importet,
1159 4352 1271 4405 semper
1291 4345 1383 4395 tamen
1401 4343 1522 4397 animam
1538 4354 1588 4407 per

395 4603 422 4649 (11
435 4601 515 4652 synod.
526 4601 583 4651 Uog.
593 4612 641 4652 cap.
650 4601 705 4642 uvi.
1020 4603 1046 4645 111
1064 4600 1116 4651 Cap.
1126 4601 1174 4642 viii.
1215 4564 1219 4569 =

392 4668 422 4718 tt)
429 4668 482 4709 Can.
489 4667 556 4709 xlviii.
1020 4669 1047 4719 (11
1059 4671 1082 4709 in
1091 4670 1133 4711 vita
1149 4670 1171 4712 S.
1187 4670 1297 4711 metrobio
1310 4682 1329 4711 c.
1340 4671 1395 4712 mi.

394 4738 421 4787 11)
430 4737 484 4777 Can.
497 4748 518 4778 r.
1017 4736 1044 4793 (b)
1051 4739 1131 4789 Quest.
1139 4745 1182 4780 111.

1709 373 1715 520 i

1710 521 1715 652 i
