3792 5550
618 539 687 590 cha.
706 538 735 590 V.
754 537 797 588 uli
814 536 966 589 sapuistis
984 536 1214 591 NECESSITATE.
1493 535 1526 585 59

306 654 461 721 quidquam
473 653 557 708 refert
566 654 637 707 inter
646 666 695 707 eos
704 654 903 719 quosloannes
934 668 980 708 mo
993 670 999 705 :
1011 660 1118 707 tautum
1135 653 1228 713 abest,
1248 654 1277 703 ut
1299 662 1430 702 excusare
1445 649 1527 701 susti-

307 737 339 793 in
357 741 493 803 lordane,
511 744 538 793 et
554 752 625 805 quos
644 741 741 793 Petrus
759 738 788 790 in
806 738 904 805 Tyheri
937 742 1027 805 neam)
1046 756 1053 791 :
1071 742 1175 792 tantum
1194 736 1319 789 evincere
1339 734 1452 798 suflicit,
1471 747 1528 787 non

308 825 389 879 tinxit
404 824 476 877 :uisi
493 829 520 877 et
531 825 577 877 ille
589 824 692 890 spado,
705 837 787 889 quern
801 824 903 890 Philip·
938 839 1001 879 esse
1016 826 1085 878 adeo
1097 820 1293 883 necessarium,
1304 825 1334 872 ut
1342 819 1457 885 periisse
1467 832 1530 885 pro·

307 926 360 979 pus
369 911 441 964 iuter
454 911 512 965 rias
522 911 634 964 fortuita
647 924 719 976 aqua
730 910 912 977 tinnit,plusv
938 912 1011 965 tinus
1036 910 1204 965 existimetur
1228 908 1271 961 cui
1301 908 1360 973 eius
1385 904 1528 959 obtinendi

308 998 406 1051 salutis
418 1004 464 1050 aut
477 998 569 1049 minus
582 998 685 1051 retulit.
705 997 791 1064 Igitur
809 1010 907 1051 omnes
936 998 1064 1063 adempta
1074 995 1301 1049 lueriiiacultas.»
1311 992 1322 1025 ²
1332 994 1438 1043 Patrem
1446 1004 1528 1043 suum

308 1096 389 1149 aquae
404 1083 440 1135 de
458 1082 572 1148 pristina
593 1082 709 1148 originis
725 1082 905 1149 praerogativa
937 1086 1091 1149 sequuntur
1125 1078 1324 1146 Presbyteriani
1357 1076 1493 1130 hodierni.
1517 1074 1528 1109 ⁸

308 1171 517 1221 Sacramentum
547 1168 772 1221 sanctificationis
805 1181 904 1221 conse·
939 1166 1054 1220 Unitarii
1069 1164 1368 1230 nuliamuaptismivet
1382 1162 1528 1215 necessita·

309 1258 447 1321 eduntur,
481 1254 606 1307 invocato
642 1254 707 1308 lieo.
739 1256 906 1320 Supervenit
937 1260 1011 1316 tem,
1031 1253 1074 1306 vci
1086 1252 1204 1304 fructum
1217 1248 1448 1316 agnoscunt,sed
1464 1261 1529 1301 eum

310 1340 386 1392 enim
399 1339 490 1392 statim
501 1339 617 1405 Spiritus
630 1340 665 1393 de
679 1341 756 1394 coelis
765 1380 774 1404 ,
784 1345 812 1394 et
825 1341 906 1408 aquis
937 1342 1040 1394 habeut
1051 1340 1134 1395 veluti
1145 1340 1300 1407 symbolum
1314 1337 1453 1403 quoddam
1465 1348 1530 1401 pro«

310 1430 459 1492 superest,
484 1426 658 1480 sanctificans
681 1440 728 1480 eas
749 1428 784 1480 de
802 1433 905 1481 semet·
936 1426 1065 1479 sessionis
1083 1426 1242 1479 christianae
1262 1424 1290 1475 in
1309 1422 1466 1489 primordiis
1482 1424 1529 1474 Ec·

309 1512 373 1578 ipso
387 1550 396 1576 ,
410 1517 441 1570 ¹et
457 1512 494 1564 ita
513 1513 689 1567 sanctificata
708 1515 762 1568 vim
785 1514 904 1568 sanctifi·
937 1512 1028 1567 clesiae
1045 1516 1216 1577 usurpatum.
1236 1509 1367 1575 Baptismi
1379 1507 1529 1561 necessita*

312 1598 395 1650 caudi
406 1598 577 1651 combibunt.
591 1620 604 1646 s
783 1609 794 1623 ·
938 1603 992 1651 tem
1002 1598 1155 1651 ahsolutum
1164 1609 1220 1649 non
1231 1596 1378 1649 admittunt
1388 1594 1527 1660 Baptistae,

936 1695 988 1735 nec
1008 1682 1081 1735 euim
1099 1695 1115 1733 a
1136 1681 1224 1734 salute
1240 1681 1388 1733 excludunt
1409 1693 1459 1733 eos
1480 1680 1528 1745 oui

532 1770 637 1822 CAPUT
657 1772 688 1822 v.
937 1766 1001 1820 fidei
1014 1780 1069 1820 nou
1082 1771 1155 1831 suut,
1168 1766 1274 1819 ratione
1290 1766 1388 1828 aetatis,
1401 1779 1527 1831 capaces,

938 1865 990 1905 nec
1002 1851 1150 1904 iniantihus
1168 1865 1232 1904 eum
1243 1852 1445 1903 administrant.
1460 1852 1530 1903 llum

432 1946 467 1988 on
484 1950 599 1989 naariam
615 1952 788 1992 nncmnrarr.
938 1942 1031 1989 tamm
1053 1941 1152 1990 vocant
1175 1948 1228 1987 una
1248 1949 1311 1987 cum
1330 1948 1408 1988 coena
1430 1936 1530 1989 Christi

918 2034 924 2045 ·
938 2022 1093 2075 institutum
1107 2024 1134 2075 rt
1150 2021 1319 2073 mandatum.
1330 2020 1341 2054 ⁴
1353 2023 1390 2073 lix
1400 2026 1441 2075 tot
1458 2034 1532 2074 erro-

346 2110 404 2161 182.
424 2108 562 2176 Pelagiani
584 2110 755 2177 Baptismum
774 2124 903 2165 necessa·
937 2108 1015 2160 ribus
1030 2106 1150 2160 derivata
1171 2112 1214 2159 est
1230 2107 1276 2159 illa
1298 2106 1429 2171 Baptismi
1444 2106 1530 2174 negli-

308 2195 386 2247 rium
404 2207 467 2247 esse
479 2194 634 2248 fatebantur
645 2197 680 2249 ad
694 2210 810 2263 regnum
821 2198 904 2251 coelo·
938 2194 1047 2261 genita,
1061 2194 1090 2247 in
1101 2195 1144 2247 his
1160 2195 1319 2263 regionibus
1331 2196 1470 2262 plerisque
1486 2208 1529 2249 se·

311 2294 375 2333 rum
398 2279 619 2345 assequendum,
642 2280 677 2333 ad
702 2281 903 2336 beatitudinem
936 2280 1028 2340 ctariis
1061 2281 1225 2335 communis.
1254 2282 1428 2349 Episcopatus
1456 2294 1529 2347 prce-

312 2365 418 2419 acilicet
430 2369 458 2417 et
469 2364 584 2431 gloriam
594 2367 846 2434 coelestemzquum
859 2382 904 2421 au·
935 2367 1006 2432 cepti
1024 2367 1235 2431 necessitatem,
1255 2380 1312 2421 uon
1329 2368 1413 2420 medii
1433 2366 1529 2419 admit-

312 2457 370 2504 tem
383 2455 524 2516 peccatum
543 2450 656 2518 originis
671 2460 821 2519 negarent,
839 2468 903 2508 eum
937 2458 998 2506 tunt
1014 2451 1043 2503 :i
1062 2452 1129 2518 quin
1149 2452 1315 2506 diffiteantur
1333 2453 1361 2504 iu
1378 2452 1464 2506 reteri
1483 2453 1530 2505 Ec-

312 2536 500 2591 necessarium
513 2549 569 2590 uon
578 2538 711 2603 putabant
722 2541 757 2591 ad
767 2541 903 2593 maculam
937 2538 1022 2591 clesia
1034 2536 1226 2590 necessitatem
1242 2537 1325 2590 medii
1338 2536 1468 2602 agnitam.

312 2621 434 2687 aliquam
451 2621 615 2687 tollendam,
637 2625 681 2677 vel
702 2623 738 2676 ad
758 2625 904 2678 heatitudi-
972 2624 1029 2675 185.
1056 2622 1251 2675 Necessitatem
1278 2620 1409 2687 Baptismi
1432 2633 1530 2673 omnes

311 2719 380 2760 nem
388 2707 534 2772 quamdam
547 2714 623 2761 extra
634 2710 768 2762 coelorum
777 2723 903 2778 regnum.
939 2714 1093 2777 agnoscunt
1112 2708 1242 2762 Catholici
1263 2723 1270 2760 :
1288 2708 1417 2761 doctores
1437 2712 1530 2759 autem

313 2793 497 2848 interdecimi
508 2794 576 2848 sexti
590 2794 685 2848 saeculi
694 2801 842 2849 novatores
853 2799 905 2850 Bu·
938 2796 1101 2850 scholastici
1120 2796 1257 2862 duplicem
1277 2796 1352 2848 illam
1370 2808 1451 2861 quam
1466 2805 1530 2848 mox

313 2892 395 2934 cerus
405 2879 499 2934 docuit
509 2882 721 2947 praedestinatos
735 2883 851 2950 adipisci
862 2897 905 2936 sa·
938 2871 1135 2946 indicavimuS,
1148 2882 1317 2949 distinguere
1332 2883 1423 2934 solent
1434 2893 1528 2934 neces·

247 2984 253 2996 ¹
312 2967 420 3031 lutens,
440 2966 499 3023 sive
518 2968 688 3034 Baptismum
713 2968 903 3036 susceperint,
937 2972 1047 3024 sitalem
1057 3008 1065 3033 ,
1076 2969 1204 3035 precepti
1216 2969 1321 3021 scilicet
1333 2973 1361 3020 et
1370 2967 1464 3020 medii.
1476 2967 1529 3019 Illa

312 3052 358 3106 vel
376 3064 409 3105 eo
423 3058 544 3105 careant.
564 3052 574 3086 ¹
596 3055 722 3108 Calvinus
740 3055 779 3108 ait
793 3071 800 3107 :
816 3075 829 3101 n
843 3057 903 3108 lam
937 3056 1024 3110 oritur
1043 3069 1076 3108 ex
1095 3056 1155 3122 lege
1175 3068 1256 3122 quam
1275 3066 1386 3106 servare
1399 3057 1528 3118 oportet,

312 3136 516 3202 explodendum
528 3151 591 3191 esse
602 3151 697 3193 eorum
715 3143 904 3194 commentum
937 3154 1020 3208 quam
1036 3149 1128 3194 tamen
1146 3141 1169 3193 si
1186 3140 1248 3206 quis
1265 3140 1369 3204 absque
1384 3152 1433 3191 sua
1448 3139 1530 3204 culpa

312 3225 404 3291 palam
423 3230 478 3287 est,
499 3224 547 3289 qui
565 3237 661 3276 omnes
679 3238 736 3277 uon
754 3225 906 3290 baptizatos
938 3227 1119 3293 ignoraverit,
1136 3227 1179 3280 vel
1192 3238 1248 3278 nou
1262 3223 1432 3289 impleverit,
1445 3223 1531 3288 impe·

312 3315 425 3363 aeteruae
438 3308 522 3362 morti
534 3307 702 3374 adiudicant.
715 3309 793 3360 clara
804 3317 846 3360 est
854 3313 906 3362 llo-
938 3311 1062 3362 dimeuto
1074 3311 1164 3374 aliquo
1176 3311 1313 3370 detentus,
1322 3319 1378 3360 nou
1390 3307 1454 3359 ideo
1463 3306 1532 3371 peri·

310 3395 382 3448 mini
397 3394 546 3460 promissio
561 3409 567 3445 :
587 3393 756 3460 Quicumque
769 3393 797 3446 in
809 3394 906 3446 Filium
939 3393 1077 3448 clitahitur
1090 3395 1188 3448 salute.
1204 3392 1358 3446 Necessitas
1370 3396 1461 3444 autem
1473 3404 1533 3444 nse-

311 3481 448 3544 credidit,
465 3479 653 3533 nonrisurum
665 3485 799 3543 mortem,
812 3480 905 3535 necin
938 3479 979 3532 dit
997 3483 1072 3532 tanta
1091 3483 1147 3542 cst,
1169 3484 1215 3543 ut,
1229 3491 1279 3532 seu
1297 3478 1376 3545 culpa
1393 3491 1443 3530 seu
1460 3477 1531 3532 forte

311 3565 448 3634 judicium
472 3570 618 3619 venturum
633 3603 640 3628 ,
658 3565 709 3618 sed
728 3566 870 3621 transiisse
889 3582 906 3621 a
939 3565 1031 3632 aliqua
1050 3578 1094 3619 res
1112 3565 1238 3631 deficiat,
1256 3565 1331 3618 salus
1350 3564 1469 3618 obtineri
1485 3578 1531 3618 ue·

311 3658 404 3706 morte
421 3651 448 3704 iu
461 3651 545 3706 vitam
558 3653 645 3718 (toan.
659 3655 691 3715 5,
702 3653 745 3717 at)
759 3669 766 3704 :
781 3655 906 3707 nondum
939 3658 1032 3720 queat.
1052 3654 1220 3724 Baptismum
1243 3654 1294 3706 hac
1314 3652 1421 3706 ratione
1437 3665 1532 3706 ueces-

312 3737 480 3804 baptizatum
497 3737 595 3789 nullihi
612 3736 760 3792 damnasse
771 3741 906 3807 comperi·
938 3739 1040 3793 sarium
1054 3753 1116 3792 esse
1126 3745 1250 3794 censent.

312 3827 369 3874 tur.
393 3822 469 3885 Quod
489 3821 516 3874 in
534 3835 595 3875 earn
609 3836 625 3874 a
641 3837 685 3876 me
698 3829 804 3889 partem
819 3827 906 3892 accipi
973 3825 1190 3879 i8l.Conuilium
1200 3820 1388 3880 Tridentinum
1400 3823 1531 3890 simplici-

313 3907 398 3970 nolo,
417 3906 531 3973 perinde
544 3920 577 3960 ac
589 3907 613 3959 si
628 3909 799 3973 Baptismum
816 3917 907 3965 conte
940 3915 983 3970 ter
1000 3909 1122 3964 delinivit
1139 3911 1306 3976 Baptismum
1324 3925 1386 3966 esse
1407 3910 1441 3964 ad
1459 3910 1532 3962 salu·

313 3991 374 4045 mni
386 3991 497 4058 impune
508 4005 592 4058 posse
605 3992 748 4047 innuerem
762 3995 825 4060 (quo
838 4008 908 4050 con·
940 4001 997 4049 tem
1011 3997 1217 4061 necessarium,
1231 4011 1351 4052 errorem
1365 3995 1532 4049 contrarium

314 4082 420 4143 tempto
430 4077 562 4132 violatum
575 4076 608 4129 iri
617 4078 723 4131 homini
736 4079 825 4133 ioedus
836 4079 907 4133 adir·
940 4083 1138 4148 proscrihendo
1153 4099 1160 4134 :
1183 4103 1195 4130 n
1212 4084 1238 4137 Si
1251 4085 1314 4150 quis
1327 4081 1425 4135 dixerit
1443 4079 1533 4146 Bapti-

340 4325 371 4375 ti)
380 4322 433 4364 luc.
441 4323 474 4364 iii.
482 4325 535 4365 Usi.
968 4326 996 4380 (l)
1006 4340 1018 4366 e
1028 4329 1124 4382 Baptssm
1137 4327 1181 4368 and
1190 4328 1227 4368 the
1243 4327 1318 4369 Lord's
1332 4328 1417 4380 Suppes
1430 4341 1467 4370 are
1475 4331 1532 4372 ordi-

339 4391 367 4443 β)
376 4391 430 4434 lust.
438 4393 455 4432 Ι.
464 4392 494 4434 is.
502 4405 524 4434 c.
531 4394 573 4435 ssi.
583 4405 606 4435 n.
613 4399 647 4436 so.
942 4407 1024 4438 nnnees
1033 4397 1057 4438 oi
1063 4397 1156 4450 positive
1165 4396 1208 4437 snd
1221 4397 1335 4449 sosereigu
1348 4397 1470 4440 institution
1481 4411 1534 4453 ,sp-

343 4459 392 4513 (on
409 4462 519 4514 although
529 4463 673 4516 ithesgrent
686 4464 721 4506 sin
736 4470 871 4507 tocoulemu
884 4478 910 4508 or
943 4465 1031 4519 pointed
1047 4467 1075 4520 hy
1090 4467 1127 4507 the
1141 4466 1197 4507 Lord
1209 4467 1341 4518 lesus,the
1349 4468 1399 4520 only
1409 4468 1534 4521 Lnssgiser,
1571 4458 1573 4463 ¹

313 4530 402 4582 neglect
413 4530 458 4573 this
471 4532 604 4583 ordiusuee,
616 4537 651 4585 yet
664 4545 728 4585 grace
746 4534 789 4575 snrl
801 4535 908 4578 sslrstiou
941 4540 964 4576 to
979 4534 1005 4575 be
1016 4535 1131 4576 continued
1140 4535 1163 4575 in
1181 4535 1216 4576 his
1232 4535 1313 4575 church
1324 4541 1346 4575 to
1362 4535 1399 4576 the
1411 4537 1452 4576 end
1466 4537 1490 4577 oi
1497 4537 1534 4578 the

314 4611 356 4640 ars
364 4606 402 4641 not
416 4613 442 4642 so
450 4601 588 4656 insepsrshly
595 4603 689 4645 annexstl
700 4610 752 4645 unte
758 4605 784 4656 it,
791 4616 816 4646 ss
826 4605 872 4646 that
879 4617 908 4646 no
941 4604 1017 4648 world.
1026 4619 1036 4642 s
1045 4603 1130 4656 Baptist
1139 4603 1262 4644 confession
1271 4603 1296 4642 oi
1302 4601 1356 4643 luith
1366 4629 1373 4653 ,
1382 4603 1417 4643 eh.
1430 4603 1483 4644 nis.

315 4681 397 4722 person
406 4682 446 4712 esu
455 4672 482 4712 be
495 4674 634 4724 regenersted
642 4685 668 4714 or
680 4675 745 4716 ssssd
757 4675 851 4718 ssithont
862 4677 908 4718 it»
970 4675 998 4728 itt>
1007 4674 1106 4716 Burnst’s
1114 4673 1226 4728 anaiysis,
1236 4675 1280 4714 Art.
1289 4673 1352 4713 xssii.
1362 4683 1384 4724 p.
1393 4679 1437 4713 tis.

316 4739 468 4794 &msyteria
477 4741 599 4783 confession
609 4742 634 4783 oi
639 4743 693 4784 isitii
700 4771 708 4792 ,
716 4744 751 4784 ch.
761 4742 833 4785 sxriii.
841 4749 859 4783 lt.
