3792 5550
719 544 832 601 TRACT·
850 538 892 591 xl.
909 533 951 587 DE
967 523 1134 583 ulrrlsuo.

356 691 599 744 sacramentum..
620 690 635 720 n
653 665 722 721 Satis
744 656 827 713 eluxit
846 655 934 719 pasto·
967 634 1185 730 desideraverint
1214 631 1381 700 baptismum
1406 641 1413 679 :
1440 647 1453 675 r
1485 629 1565 680 punc

358 778 437 833 ribus
451 767 572 829 Ecclesiae
592 752 730 813 catholicae
742 749 798 800 teto
811 732 936 793 orhedit·
968 736 1050 791 ergo,
1070 741 1082 767 υ
1106 724 1240 817 rnantz«
1259 717 1446 813 appreciarem
1469 724 1566 809 spem.

358 866 427 919 msae
462 860 595 925 perones
612 845 705 909 postca
715 872 724 895 ,
734 823 848 898 plenarii
864 823 933 873 con-
967 809 1093 865 mentalis
1102 808 1232 873 imprrmrt
1241 809 1440 901 operationum
1452 799 1567 896 obicem

358 948 413 1005 eilii
425 899 598 997 authoritate.
611 918 748 989 originalis
765 903 932 969 consuetudo
966 895 1113 952 veluntatis
1138 898 1282 947 eontrarrae
1307 902 1363 943 uon
1377 892 1492 984 ¹invenit
1516 884 1569 979 οὶ)-Ι

358 1033 462 1087 firmata
474 1028 525 1082 est,
535 1016 616 1071 etiam
625 1020 703 1065 ovem
717 1012 777 1068 quae
786 994 851 1047 loris
864 1000 934 1042 erra·
968 983 1120 1035 sistentem.
1139 997 1156 1027 >›
1174 978 1185 1011 ³
1204 980 1241 1029 hir
1253 988 1308 1043 quo
1321 974 1474 1068 ειοΙΙιςιιιινι
1494 971 1571 1036 bapti

357 1120 403 1172 bat
413 1152 422 1176 ,
434 1117 461 1165 ct
479 1103 645 1163 bominicnm
661 1089 842 1147 characterem
856 1088 871 1127 a
885 1072 933 1125 ial-
966 1066 1068 1119 zandos
1085 1078 1140 1118 nou
1155 1076 1227 1125 esse,
1246 1061 1328 1115 etiam
1347 1060 1374 1113 in
1393 1060 1491 1111 mortis
1506 1056 1565 1109 dis-

358 1194 644 1343 lwlbusfsgnicntem
662 1262 695 1315 ad
710 1250 862 1309 christianae
874 1243 935 1295 uni-
967 1238 1030 1291 tatis
1048 1236 1189 1299 -indicium
1223 1233 1346 1299 praebere
1375 1233 1512 1297 possunt,
1539 1228 1564 1283 si

777 1329 933 1397 corrigi‚a
967 1322 1101 1377 contraria
1121 1322 1248 1374 voluntas
1277 1331 1310 1369 ex
1333 1316 1433 1382 praevia
1464 1327 1564 1367 eorum

781 1434 796 1474 e
820 1414 933 1476 sanari,
967 1408 1066 1475 agendi
1079 1410 1107 1459 et
1125 1402 1257 1471 loquendi
1276 1402 1383 1454 ratione
1401 1400 1561 1467 colligatur:

633 1536 649 1573 n
669 1507 836 1567 hominicum
851 1501 881 1552 in
901 1511 934 1550 ca
966 1490 1168 1560 baptizandose
1181 1494 1276 1541 eontra
1291 1500 1348 1547 eos,
1362 1499 1479 1552 quorum
1492 1496 1563 1550 prae-

831 1598 934 1651 :quan-
968 1578 1011 1632 via
1032 1578 1159 1631 voluutas
1182 1573 1262 1625 luerit
1280 1573 1426 1625 declarata,
1448 1570 1562 1634 Quoties

355 1708 503 1777 nequidem
524 1701 612 1764 ipsum
620 1685 800 1743 characterem
813 1672 891 1724 multi
907 1675 935 1723 et
968 1670 1058 1717 autem
1084 1662 1119 1715 de
1137 1662 1278 1714 voluntate
1297 1671 1353 1711 aon
1374 1662 1505 1725 coaptat,
1525 1668 1563 1709 ex

359 1796 415 1863 lupi
426 1797 453 1845 et
470 1784 540 1851 rupis
556 1775 677 1840 inrigant.
693 1763 725 1811 '¹
969 1748 1075 1803 iudiciis
1093 1746 1248 1802 verosimile
1271 1745 1406 1811 judicium
1429 1742 1561 1805 efficitur,

390 1882 449 1935 251.
475 1872 558 1936 liujus
576 1849 738 1915 characteris
765 1843 872 1909 insigne
890 1854 936 1894 ar·
968 1841 996 1889 et
1006 1833 1149 1899 benignior
1157 1831 1316 1897 plerumque
1330 1829 1358 1881 in
1368 1833 1489 1881 extremo
1499 1826 1562 1880 vitae

356 1968 514 2040 gumenwm
529 1957 569 2006 εει
586 1943 712 2010 perpetua
728 1929 856 1983 Ecclesiae
869 1939 935 1979 eon·
968 1920 1090 1987 periculo
1109 1915 1286 1970 anteferenda
1298 1920 1339 1966 cst
1355 1918 1513 1975 sententia,
1532 1917 1564 1963 ut

359 2032 620 2110 suetudo,ulurihus
637 2017 820 2075 conciliorum
841 2013 935 2064 decre·
969 2012 1101 2075 quantum
1117 2017 1266 2071 possumus
1287 2000 1448 2069 periclitanti
1475 1999 1564 2051 salute

359 2143 396 2195 ris
423 2131 541 2186 firmata,
568 2117 642 2181 juxta
674 2116 756 2170 quam
782 2097 936 2163 Baptismus
969 2091 1173 2145 subveniamus.
1200 2088 1249 2150 Qui
1273 2094 1364 2140 autem
1388 2086 1465 2139 nullo
1500 2084 1564 2139 vitae

357 2225 502 2282 numquam
529 2203 640 2255 iteratur
663 2189 764 2242 :nulla
790 2181 936 2237 animalia
970 2190 1027 2231 suae
1055 2174 1309 2254 temporeluerunt
1332 2170 1374 2224 sui
1399 2173 1564 2235 competes,

360 2307 457 2361 idonea
476 2291 555 2355 hujus
583 2270 789 2333 consuetudinis
808 2268 876 2321 ratio
893 2266 938 2319 ad·
971 2262 1113 2315 inlantium
1143 2260 1229 2311 instar
1255 2258 1416 2320 habentur,
1446 2254 1565 2320 ideoque

359 2381 458 2455 signari
474 2374 580 2442 potest.
594 2375 678 2430 quum
696 2358 834 2411 videretur
856 2366 938 2418 opor·
971 2355 1045 2403 recte
1057 2340 1479 2411 abluunturaqua,utsanguine
1492 2338 1567 2391 Chri·

356 2480 414 2527 tere
426 2466 521 2517 iterum
541 2451 650 2504 abluere
666 2442 713 2509 qui
731 2440 833 2506 peccati
849 2438 937 2491 sordi·
973 2437 1008 2489 sti
1026 2436 1060 2488 ab
1079 2434 1193 2502 originis
1210 2433 1272 2485 lahe
1285 2430 1459 2483 mundentur.

355 2560 409 2613 bus
428 2563 457 2603 se
480 2535 675 2605 inquinaverat.
699 2528 766 2579 llicit
784 2529 936 2584 suranus,

355 2636 534 2703 anglicanus,
558 2619 620 2672 ideo
647 2627 701 2667 non
725 2612 819 2664 iterari
850 2608 937 2674 Bapti-
1163 2605 1281 2665 ⁴CAPUT
1302 2603 1344 2653 lll.

354 2731 461 2779 smum,
472 2708 535 2776 quia
548 2702 631 2757 semel
647 2703 701 2752 lieo
717 2698 824 2750 dicatus
843 2696 937 2756 homo,

354 2806 436 2860 debet
458 2805 566 2858 semper
585 2787 680 2840 eadem
695 2781 851 2836 conditione
868 2779 939 2832 aesti-
1162 2787 1194 2826 nn
1219 2782 1383 2825 cernamus.

355 2885 439 2944 mari,
459 2880 548 2931 donec
569 2870 646 2924 totali
670 2865 808 2932 apostasia
832 2864 938 2917 deiece-

355 2963 482 3027 rit.²Sed
494 2961 518 3012 si
527 2959 616 3011 valeat
633 2953 712 3015 ratio,
727 2952 823 3003 saltem
841 2949 939 3002 iterum
1007 2945 1065 2998 ⁶253.
1085 2947 1151 2996 Tota
1167 2940 1297 3008 Baptismi
1315 2937 1433 2992 essentia
1456 2936 1484 2988 in
1504 2943 1570 2994 actu

354 3048 532 3118 baptizandus
559 3041 629 3094 foret
654 3040 699 3104 qui
718 3036 752 3088 ad
773 3035 940 3088 llahnmeta·
975 3028 1137 3096 baptizantis
1157 3027 1209 3080 sita
1224 3030 1286 3088 est,
1303 3021 1442 3077 ablutione
1464 3022 1571 3076 seilicet

355 3151 422 3194 nos,
435 3131 479 3184 vel
497 3128 626 3180 Ethnicos
638 3122 792 3184 deiecisset,
814 3127 842 3173 et
861 3120 941 3172 dein·
975 3119 1044 3170 lacta
1056 3115 1084 3167 in
1097 3113 1208 3167 nomine
1228 3111 1309 3164 trium
1324 3121 1506 3176 personarum
1531 3109 1571 3162 di-

354 3232 418 3285 ceps
435 3213 497 3267 lacti
511 3211 647 3279 poenitens
663 3246 671 3271 ,
687 3205 856 3260 consortium
870 3206 941 3256 chri·
976 3200 1450 3255 visarumhttamenconsueverunt
1459 3195 1570 3262 plurimi

354 3306 505 3360 stianorum
516 3306 543 3352 et
551 3301 612 3364 jura
625 3299 729 3362 peteret
740 3308 747 3343 :
758 3306 841 3358 quem
850 3299 942 3345 tamen
978 3284 1101 3339 adhiberi
1125 3283 1192 3336 ritus
1209 3281 1318 3348 praevii,
1341 3279 1467 3334 nonnulli
1486 3282 1569 3332 etiam

352 3387 430 3445 nefas
448 3391 492 3435 cst
507 3383 588 3436 undis
606 3379 705 3433 lavacri
726 3379 841 3443 tingere.
977 3367 1149 3440 postea,'qui
1165 3381 1272 3435 magnae
1293 3373 1358 3420 sunt
1378 3365 1568 3431 antiquitatis,

386 3467 445 3520 252.
464 3469 540 3518 Patet
553 3466 634 3532 igitur
645 3470 748 3515 temere
759 3469 787 3513 et
797 3461 866 3512 salso
879 3461 942 3512 cha·
978 3462 1005 3509 et
1018 3455 1134 3518 plurima
1153 3454 1277 3518 praebent
1294 3441 1467 3504 adstantibus
1483 3451 1570 3504 decu·

354 3549 468 3609 cacteris
486 3550 627 3602 notionem
648 3547 682 3597 ab
702 3544 862 3597 innocentio
887 3544 942 3605 lll.‚
978 3544 1080 3591 menta.

354 3635 473 3702 primum
495 3633 675 3698 excogitatam
694 3629 748 3681 diei
770 3644 776 3678 :
803 3641 854 3680 nec
871 3626 943 3679 enim
1011 3624 1069 3674 25³2.
1089 3622 1246 3674 Tertulliani
1264 3628 1360 3686 aetate,
1378 3620 1517 3674 Paschatis
1542 3624 1570 3672 et

353 3731 413 3772 rem
435 3729 534 3769 novam
557 3715 683 3777 tradidit,
699 3713 748 3764 sed
772 3712 943 3766 notissimam
979 3713 1154 3762 Pentecostes
1174 3715 1296 3776 tempora
1308 3709 1424 3763 solemni
1438 3705 1568 3774 Baptismi

355 3800 487 3856 Ecclesia
504 3801 656 3853 doctrinam
688 3799 819 3864 singulari
840 3811 946 3852 accom-
979 3792 1207 3848 administrationi
1220 3794 1308 3847 dicata
1321 3801 1497 3860 saumonem
1509 3805 1570 3845 mo-

355 3885 480 3938 modavit
498 3885 584 3938 casui.
599 3885 775 3950 Quaerebatnr
788 3891 877 3936 utrum
898 3885 946 3950 qui
980 3894 1038 3936 rem
1056 3880 1090 3932 ab
1111 3881 1247 3946 apostolis
1264 3879 1415 3934 derivatum
1429 3893 1491 3933 esse
1514 3882 1570 3932 Leo

355 3970 385 4022 in
413 3969 551 4032 amentia,
573 3977 620 4022 aut
650 3971 774 4036 lethargo
803 3969 946 4036 correpti,
980 3969 1093 4032 magnus
1112 3966 1412 4018 testatusest.«ltiem
1432 3965 1571 4031 Baptismo

356 4051 443 4103 abluti
456 4053 559 4105 fuerint
571 4056 624 4107 ritu
635 4054 808 4120 baptismali,
827 4055 946 4108 habendi
982 4051 1222 4114 solemniorem»
1252 4050 1340 4116 inquit
1369 4050 1573 4112 Tertullianus,

358 574 395 627 bd

534 1180 709 1243 redatorihus
732 1168 787 1223 suis
807 1160 872 1215 ioris
887 1170 934 1209 ac·
965 1150 1097 1213 crimine,
1127 1147 1240 1213 eosqui
1266 1146 1372 1199 nullum
1390 1156 1448 1197 suaa
1469 1142 1566 1196 volun-

358 1455 511 1524 captititatc
528 1447 626 1500 liberar

353 1544 537 1600 characterem
561 1536 631 1582 tame
809 1588 814 1599 .

357 1624 467 1696 agnosci
481 1617 571 1687 potius
582 1618 661 1675 quam
671 1592 816 1661 improbari

355 4141 451 4186 essent
461 4136 599 4202 baptizati.
617 4139 767 4206 Respondit
781 4140 848 4192 nihil
859 4140 950 4193 valere
986 4159 999 4185 a
1020 4137 1123 4190 Pascha
1145 4142 1273 4203 praestat3
1288 4149 1350 4188 cum
1370 4139 1399 4188 et
1415 4134 1508 4201 passio
1524 4137 1577 4188 bo·

355 4217 440 4269 ritum
462 4221 486 4272 si
509 4225 639 4287 previam
660 4239 715 4278 non
735 4225 881 4279 habuerint
901 4237 952 4279 vu·
984 4223 1070 4286 mini,
1088 4222 1116 4275 in
1134 4236 1216 4290 quam
1234 4221 1403 4288 tinguimur,
1427 4221 1577 4287 adimpleta

354 4301 492 4394 luntatem
516 4310 647 4373 Baptismi
674 4312 860 4378 suscipiendi,
885 4311 952 4363 dum
986 4313 1071 4362 est.»
1106 4343 1114 4358 .
1151 4346 1157 4358 ,
1195 4305 1329 4359 «Exinde
1354 4309 1514 4360 pentecoste
1534 4319 1580 4359 or,

356 4395 399 4434 ⁸11¹
438 4397 532 4443 essent
555 4401 717 4461 compotcs;
738 4398 830 4450 valere
856 4396 879 4450 si
899 4397 954 4463 jam
989 4390 1116 4445 dinandis
1139 4389 1254 4444 lavacris
1277 4390 1440 4444 latissimum
1458 4390 1580 4456 spatium

384 4637 414 4690 (⁸)
430 4643 455 4693 L.
462 4646 491 4687 ri.
498 4647 525 4687 de
536 4649 647 4701 liaptirnro
656 4659 730 4694 eontra
739 4655 814 4696 Donat.
824 4666 842 4696 e.
851 4666 867 4695 r.
1011 4649 1039 4704 (⁵)
1049 4648 1102 4702 ⁰¹1²·
1110 4647 1199 4700 ”siffis
1207 4677 1212 4699 r
1221 4649 1235 4688 ¹·
1246 4649 1276 4690 ffi·
1287 4651 1368 4692 ”⁰⁰1⁸-
1377 4649 1410 4692 ²5²·
1422 4650 1468 4692 ΧΨ·

388 4706 419 4760 (²)
435 4714 533 4768 Analysis
542 4719 586 4758 Art.
600 4731 646 4763 xxv.
656 4734 677 4775 p.
687 4729 730 4763 tlt.
