3792 5550
361 554 410 606 tid
690 556 805 607 inici.
814 556 883 607 xlii.
898 558 925 610 P.
942 558 962 607 l.
976 554 1018 605 DE
1031 553 1258 608 ntcnnnlsiln.

361 674 458 721 cantur
482 671 541 735 eius
555 670 766 735 bencdictione,
788 672 955 725 etsanctita·
987 671 1053 724 dicit
1071 686 1079 721 ε
1100 691 1113 717 ι
1143 670 1242 723 exinde
1274 669 1413 733 opimitme
1463 672 1586 726 Domini

360 760 416 805 tem
427 754 508 807 nobis
517 756 720 820 impertiuntur,
731 757 801 809 iacta
812 768 913 822 corpus
926 762 955 810 et
985 756 1106 820 corporis
1141 756 1269 819 annitar,
1303 756 1471 809 Eucharistia
1502 759 1581 812 scili·

334 880 337 885 ,
362 839 475 904 sanguis
486 839 584 891 christi
598 841 714 893 nomini.
985 846 1039 894 cet
1053 840 1087 886 ι·

396 926 454 976 tan.
474 927 669 991 Argumentum
693 925 765 978 idem
787 927 819 979 ad
834 928 953 993 pronan-
1020 929 1079 979 157.
1090 928 1118 978 S.
1130 926 1280 993 Cyprianus
1291 926 1415 992 queritur
1426 927 1462 980 de
1479 927 1515 981 iis
1531 930 1579 995 qui

360 1008 424 1062 dam
447 1022 595 1076 corporum
626 1012 857 1067 resurrectionem
884 1016 953 1069 alins
985 1012 1015 1063 in
1026 1011 1209 1065 idololatriam
1226 1012 1310 1077 lapsi,
1323 1011 1455 1078 deinceps
1474 1013 1510 1065 ad
1524 1016 1578 1066 Eu·

360 1102 450 1149 versat
463 1111 470 1146 :
484 1117 495 1141 a
509 1098 622 1161 Quando
644 1109 710 1165 ergo
724 1106 752 1152 et
768 1100 952 1155 mixtuscalix
985 1096 1140 1150 charistiam
1163 1097 1301 1150 audebant
1334 1098 1482 1160 accedere,
1512 1107 1579 1152 ante

361 1182 500 1235 etiractus
522 1183 601 1249 panis
621 1186 738 1251 percipit
757 1188 874 1239 veritum
887 1189 951 1251 liei,
985 1184 1121 1249 expiatum
1134 1185 1239 1237 crimen
1254 1196 1375 1249 congrua
1392 1184 1554 1250 poenitentia
1570 1201 1583 1236 ε,

361 1272 388 1319 et
400 1268 433 1319 lit
446 1268 614 1322 eucharistia
627 1272 770 1337 sanguinis
782 1279 809 1325 et
827 1277 951 1340 corporis
986 1288 999 1314 ⁸
1010 1271 1030 1320 Α
1043 1270 1146 1322 diaooii
1171 1268 1226 1322 niis
1246 1275 1429 1332 reverientes,
1451 1270 1487 1322 ild
1510 1272 1578 1323 8²¹¹·

360 1354 475 1418 Christi,
488 1368 521 1407 ex
531 1355 631 1421 quinus
644 1363 760 1424 augetur
782 1364 808 1411 et
825 1361 952 1414 consistit
984 1362 1059 1408 etum
1068 1355 1175 1409 nomini
1185 1355 1307 1409 sordidis
1319 1362 1347 1409 et
1359 1355 1466 1410 intectis
1479 1357 1579 1410 nidore

360 1440 451 1491 carnis
478 1446 581 1494 nostrae
613 1442 783 1504 suostantia;
811 1447 952 1511 quomodo
984 1441 1113 1493 maninus
1124 1441 1268 1494 accedunt.
1277 1441 1431 1494 leniteros
1439 1441 1578 1495 idolorum

360 1531 563 1593 antemnegant
576 1541 704 1595 capacem
719 1543 781 1584 esse
792 1532 950 1586 donationis
983 1527 1162 1580 eibosadltuc
1173 1541 1244 1593 pene
1257 1529 1578 1590 ructantes,exhalanti·

360 1611 422 1673 liei,
436 1613 607 1676 quaeestvita
620 1620 735 1681 eterna,
747 1620 951 1684 messagetae
983 1614 1037 1666 ltus
1049 1613 1131 1666 etiam
1149 1627 1224 1666 nnnc
1245 1614 1336 1667 scelus
1354 1627 1435 1665 suum
1453 1614 1579 1668 eminus

359 1701 385 1749 el
402 1709 510 1761 tmpore
537 1699 641 1753 Christi
659 1703 792 1765 natatur,
821 1708 849 1756 et
867 1716 952 1756 mem·
984 1704 1012 1751 et
1031 1699 1158 1765 coritagia
1178 1699 1286 1751 funesta
1303 1698 1508 1759 redolentibus,
1520 1699 1578 1750 Do·

359 1780 439 1833 lirum
458 1783 517 1848 eins
530 1784 543 1824 i
555 1804 567 1829 ‚r
578 1784 587 1817 ¹
599 1786 712 1839 interius
722 1787 789 1841 dicii
803 1804 810 1839 ς
829 1808 842 1834 a
852 1790 951 1852 Quem·
984 1784 1054 1837 mici
1065 1785 1307 1850 eomaeinncdurtt
1321 1822 1328 1835 .
1344 1823 1350 1835 .
1370 1823 1378 1837 .
1393 1790 1457 1837 ante
1469 1786 1578 1850 expiata

358 1866 506 1921 admodum
542 1868 646 1935 lignum
681 1870 758 1934 ritis,
794 1873 950 1938 depositum
983 1869 1108 1923 delicta.
1134 1876 1252 1923 ..ante
1269 1875 1411 1936 purgatam
1433 1870 1578 1923 conscien-

359 1949 387 2001 in
408 1956 493 2015 terra,
513 1966 564 2005 sno
591 1954 734 2009 fructificat
758 1962 898 2023 tempore,
923 1965 951 2013 et
984 1956 1051 2008 tiam
1076 1956 1212 2009 sacrificio
1234 1962 1262 2009 et
1291 1968 1375 2007 manu
1400 1955 1576 2019 Sacerdotis,

360 2048 475 2101 granum
494 2038 574 2091 tritici
595 2040 727 2094 decidens
748 2041 775 2093 in
800 2048 900 2095 terram
920 2050 949 2097 et
983 2047 1047 2093 ante
1078 2040 1212 2094 offensam
1249 2040 1382 2105 placatam
1404 2039 1573 2106 indignantis

359 2121 526 2175 dissolutum
545 2124 686 2191 multiplex
707 2126 811 2193 surgit,
824 2140 874 2193 per
891 2128 950 2193 Spi-
983 2126 1289 2188 liominietminantis,
1311 2126 1355 2178 eis
1378 2124 1500 2189 iniertnr
1515 2138 1581 2178 cor--

361 2207 443 2259 ritum
476 2209 523 2261 liei
548 2210 594 2275 qni
620 2211 742 2265 continet
765 2213 857 2265 omnia
887 2223 950 2279 quae
982 2211 1118 2276 poneius
1134 2211 1355 2277 etscogcirri,et
1372 2212 1433 2276 plus
1451 2211 1574 2265 modoin

360 2292 461 2345 deinde
472 2307 521 2359 per
538 2294 701 2359 sapientiam
720 2296 747 2347 in
760 2297 848 2349 visum
865 2298 951 2350 laomi-
984 2297 1129 2348 mutinum
1147 2296 1275 2348 manibus
1291 2301 1319 2348 et
1334 2296 1573 2362 oredelinqnunt,

359 2376 582 2438 nibusveniunt‚
598 2380 814 2446 etpercipientia
831 2384 949 2435 veritum
984 2390 1067 2445 qnam
1088 2393 1152 2433 eum
1173 2380 1319 2433 lionrinum
1348 2383 1582 2447 negaveruntrm

360 2463 424 2526 liei,
444 2465 613 2517 Eucharistia
624 2466 702 2530 fiant,
720 2469 791 2532 qaod
802 2474 951 2534 estcornns
984 2465 1112 2517 Manilius*
1130 2471 1158 2518 el
1171 2474 1221 2518 ore
1240 2465 1401 2531 delinquere
1419 2479 1468 2519 eos
1491 2467 1557 2521 dicit
1565 2506 1579 2530 ,.

358 2552 384 2601 et
393 2550 508 2617 scapeia
517 2550 687 2606 constizsie
695 2559 824 2607 etnostra
834 2566 951 2621 corpora
983 2551 1047 2617 quia
1057 2553 1133 2617 iuxta
1153 2557 1276 2605 veterum
1289 2552 1464 2619 disciplinam
1485 2556 1575 2607 Sacra·

360 2649 393 2689 ex
404 2650 437 2690 ea
450 2641 551 2693 nutrita
564 2645 592 2692 ei
611 2642 730 2707 reposita
748 2642 776 2695 in
792 2649 909 2708 igi-mm,
923 2651 951 2699 gi
984 2641 1106 2689 menium
1114 2636 1369 2689 minibusfidtilillm
1380 2637 1575 2704 excipiebatur,

360 2724 480 2777 resoluta
495 2724 522 2777 in
532 2737 563 2779 ea
577 2731 721 2793 resurgent
740 2740 791 2781 suo
811 2734 948 2795 tempore,
985 2724 1143 2791 illiusquam
1155 2724 1195 2778 oti
1206 2724 1408 2781 numeraretur.

358 2809 448 2862 verno
456 2810 504 2862 liei
514 2811 741 2865 resurrectionem
757 2812 798 2866 eis
811 2813 949 2880 donante,
1018 2813 1074 2864 litii.
1095 2811 1205 2876 lapsis,
1226 2812 1275 2864 sed
1294 2811 1418 2865 criminis
1438 2815 1572 2879 poeniten-

358 2894 519 2958 ingloriam
533 2897 580 2948 liei
593 2897 688 2948 Patris.
703 2916 716 2942 e
984 2897 1049 2948 tiam
1079 2897 1241 2963 agentiitus,
1272 2899 1472 2952 Eucharistiam
1501 2900 1572 2953 ltaud

395 2981 452 3031 456.
472 2982 519 3032 lli.
543 2982 660 3035 Saeculo.
686 2982 867 3036 Tertullianus
897 2985 949 3036 suit
983 2982 1173 3048 denegandam
1186 3020 1193 3043 ,
1205 2982 1228 3034 si
1242 2995 1313 3036 nova
1325 2990 1436 3050 urgeret
1447 2997 1578 3050 persecu·-

359 3067 441 3120 linem
453 3069 585 3131 secundi,
602 3074 630 3121 et
640 3067 747 3120 initium
767 3067 838 3120 tertii
855 3069 951 3121 saeculi
984 3067 1036 3129 tio,
1049 3071 1077 3119 et
1088 3067 1208 3134 martyrii
1221 3067 1323 3120 idcirco
1334 3069 1488 3134 periculum
1499 3108 1508 3134 ,
1521 3075 1574 3122 tra·

359 3152 435 3206 vixit.
447 3153 526 3206 Plura
543 3155 601 3220 ejus
624 3153 780 3206 testimonia
799 3153 850 3206 hac
866 3154 902 3206 de
920 3167 951 3208 re
983 3153 1024 3206 dit
1042 3155 1232 3217 :rQuonr'odo
1256 3155 1330 3208 enim
1357 3155 1509 3220 docemus,
1527 3162 1573 3208 aot

356 3237 413 3302 iam
438 3239 595 3303 retulimus,
620 3238 721 3304 quibus
740 3251 824 3290 unum
848 3239 951 3294 addere
983 3251 1163 3305 provocamus
1183 3253 1233 3293 eos
1250 3239 1465 3294 inconfessione
1485 3242 1572 3294 nomi-

355 3323 441 3388 jurat.
454 3325 492 3375 lie
510 3323 545 3376 iis
566 3337 653 3388 agens
670 3325 717 3391 qni
730 3325 864 3379 stationes
875 3337 953 3392 pera-
984 3325 1027 3378 nis
1045 3326 1145 3379 christi
1156 3326 1319 3393 sanguinem
1335 3339 1417 3378 suum
1438 3326 1572 3390 tundere,

359 3409 444 3472 cturi,
462 3409 566 3463 scilicet
580 3410 951 3477 publicapoenitentiaeerer·
984 3411 1008 3464 si
1030 3412 1071 3464 eis
1104 3411 1260 3465 militaturis
1285 3411 1384 3465 christi
1410 3413 1572 3475 sanguinem

342 3477 439 3555 citis,
454 3493 580 3560 religioni
596 3494 734 3548 ducebant
750 3496 949 3550 Eucharistiam
983 3495 1172 3563 denegamus?
1185 3518 1198 3543 ιι
1214 3497 1226 3530 ⁸
1246 3496 1418 3553 liberitanos
1435 3497 1464 3549 in
1480 3497 1582 3552 discet--

357 3577 434 3642 prius
460 3577 584 3642 accipere
601 3617 609 3640 ,
626 3591 661 3630 ne
679 3579 741 3630 laeta
764 3579 885 3631 tristibus
899 3581 951 3632 ad·
983 3579 1057 3632 mine
1078 3583 1242 3636 constitutos
1260 3581 1366 3634 monuit
1388 3595 1395 3629 :
1418 3600 1430 3631 ι
1450 3581 1519 3637 Fido
1531 3595 1581 3637 ro»

357 3661 555 3724 miscerentur,
569 3661 688 3714 consulit
709 3667 739 3713 ut
756 3675 816 3716 eam
837 3662 948 3727 quidem
982 3655 1063 3717 busta
1073 3678 1104 3718 se
1114 3665 1216 3719 debent
1227 3667 1328 3720 milites
1342 3667 1441 3720 coristi
1456 3679 1581 3734 pararet

357 3744 489 3810 recipiant
506 3759 603 3808 manu,
624 3751 652 3798 ut
673 3745 797 3800 sacrificii
810 3747 874 3800 liant
886 3761 948 3813 par·
982 3750 1190 3805 considerantes
1203 3752 1304 3807 idcirco
1322 3767 1353 3807 se
1370 3753 1494 3820 qnotidie
1510 3755 1584 3808 cali--

356 3828 467 3894 ticipes,
481 3831 545 3893 sed,
559 3836 641 3895 prout
661 3831 769 3886 illorum
794 3838 946 3898 temporum
981 3848 1041 3888 cem
1063 3837 1206 3903 sanguinis
1233 3838 1345 3903 bibere,
1365 3844 1395 3892 ut
1418 3840 1526 3904 possint
1546 3845 1574 3893 et

356 3915 499 3981 disciplina
517 3916 706 3981 permittebat,
725 3923 865 3972 reservent
885 3925 948 3984 post
982 3921 1034 3985 ipsi
1053 3928 1165 3987 propter
1184 3923 1320 3976 christum
1335 3923 1499 3990 sanguinem
1512 3924 1572 3976 lun·

358 4001 490 4054 stationes
509 4013 558 4054 ore
566 4003 787 4068 percipiendam:
804 4023 817 4050 a
829 4007 947 4070 accepto
981 4006 1057 4059 dere.
1078 4027 1090 4053 ι
1111 4006 1122 4039 ⁰

357 4097 472 4151 corpore
482 4087 623 4140 nominiet
633 4091 788 4150 reservato,
801 4093 948 4154 utrumque
1016 4094 1073 4144 159.
1086 4092 1123 4144 lie
1140 4090 1233 4144 laetitia
1247 4105 1329 4157 onam
1345 4095 1515 4147 eucharistia
1525 4107 1572 4160 pa-

359 4173 463 4227 salvum
477 4178 534 4235 est,
546 4179 573 4226 et
582 4171 753 4238 participatio
771 4173 909 4238 sacrificii,
922 4179 951 4226 et
983 4189 1043 4229 rere
1056 4177 1128 4230 solet
1139 4176 1204 4230 dicit
1218 4192 1224 4227 :
1239 4177 1497 4240 «Quemadmodum
1509 4179 1584 4232 vino·

355 4257 481 4310 executio
491 4259 580 4312 oliieii.
597 4245 628 4308 ,i
639 4263 674 4313 lie
687 4265 829 4326 peccatore
844 4260 879 4313 ad
892 4275 949 4313 mu·
984 4261 1037 4314 isto
1054 4262 1193 4315 communi
1205 4275 1284 4315 niens
1298 4263 1429 4327 solvitur,
1442 4270 1470 4317 et
1481 4264 1582 4316 anima.

362 4352 415 4393 nus
428 4353 507 4394 suum
519 4345 668 4410 redeunte,
680 4346 766 4400 instar
775 4344 821 4398 lilii
833 4345 949 4414 prodigi,
984 4347 1128 4411 relaxatur,
1141 4352 1169 4400 et
1181 4347 1288 4402 tristitia
1304 4349 1394 4402 omnis
1406 4349 1552 4416 exponitur
1563 4365 1578 4402 e

348 4617 353 4627 ·
385 4604 413 4656 lt)
423 4605 446 4644 L.
454 4617 473 4652 ii·
484 4607 532 4648 adr.
542 4607 595 4655 ner,
603 4619 622 4649 c.
630 4608 653 4648 ii.
1010 4610 1036 4661 [ti
1045 4611 1075 4651 lie
1084 4610 1167 4664 capris.

387 4674 469 4724 (tilib.
478 4675 504 4715 de
511 4675 611 4717 Oratione
619 4688 639 4717 c.
647 4689 691 4718 nrt.
1011 4686 1038 4733 iti
1051 4681 1090 4732 Ep.
1100 4680 1136 4721 liv.
1150 4681 1177 4722 ad
1191 4680 1323 4724 Comelrunt.

391 4743 419 4794 (t)
429 4744 459 4784 lle
468 4743 572 4785 Pudicitia
582 4756 601 4785 c,
609 4745 637 4785 in·
1011 4750 1037 4802 (o)
1052 4750 1090 4803 Ep.
1100 4749 1137 4793 iri.
1145 4750 1173 4791 ed
1182 4750 1324 4793 Tiharitenos.
