3792 5550
674 566 757 639 'ine
778 586 819 636 ιιι.
838 584 880 636 uu
898 580 1070 633 erroneus.
1453 582 1502 630 ran

294 713 342 759 crat
362 706 395 759 ad
422 706 552 761 vitamet
576 704 706 773 gaudium
733 701 876 767 sempiter·
910 698 970 749 haec
989 695 1138 758 solemnia,
1163 700 1193 748 ut
1214 694 1261 748 dat
1282 695 1362 748 nobis
1381 693 1502 761 legitima

296 806 365 845 num.
380 814 391 838 n
405 794 520 845 sumens
534 793 647 845 calicem
660 790 697 843 ait
712 810 718 838 ι
734 809 745 835 n
759 792 875 844 Praesta,
910 781 1078 835 Eucharislia
1094 782 1182 835 intuo
1199 782 1313 847 Filiique
1324 782 1363 833 tui
1378 780 1501 834 nomine.

293 890 391 941 rpuaeso,
409 878 539 939 bomine,
553 880 583 929 ut
595 874 734 941 perceptio
755 870 877 937 corporis
911 873 938 919 et
954 866 1069 932 Spiritus
1093 866 1196 930 sancti,
1215 867 1242 917 in
1262 865 1501 930 transformatione

293 968 315 1013 et
329 962 467 1029 sanguinis
482 962 587 1015 Domini
602 960 688 1014 nostri
701 961 766 1012 lesu
779 955 877 1009 christi
911 945 1040 1019 corporis¹
1055 966 1087 1005 ac
1111 952 1252 1023 sanguinis
1279 950 1386 1004 bomini
1415 951 1501 1003 nostri

294 1048 324 1099 ad
351 1048 432 1101 sitam
460 1060 511 1101 uos
543 1046 674 1113 perducat
698 1049 838 1097 aeteruam.
863 1060 875 1085 r
911 1041 976 1091 lesu
997 1037 1261 1103 Gbristi,Unigeuiti
1280 1037 1337 1096 tui,
1356 1036 1503 1088 edentibus

294 1128 878 1197 Postea:aQuadoresumpsimns,l)0mine,
912 1124 993 1178 nobis
1011 1123 1094 1176 vitam
1112 1128 1502 1189 aeternam,regnumoueper·
1572 1183 1576 1189 Ι

294 1230 356 1281 pura
378 1225 470 1270 mente
493 1218 642 1283 capiamus,
662 1221 692 1268 ut
709 1215 743 1266 de
763 1224 878 1277 corpore
911 1215 1025 1276 petuum
1050 1210 1182 1261 collatura
1203 1207 1400 1259 bibentibus.»
1421 1207 1503 1258 llissa

293 1308 317 1354 rt
335 1303 468 1367 sangnine
481 1302 588 1355 bomini
605 1301 690 1355 nostri
704 1303 769 1353 lesu
779 1298 878 1351 Christi
911 1297 997 1347 Lllllll
1010 1294 1183 1347 dominicalis
1198 1298 1261 1359 post
1278 1298 1384 1346 secreta
1401 1292 1501 1345 babet:

294 1383 425 1441 tiatnobis
440 1384 590 1441 remedium
607 1386 842 1452 sempiternum.»
911 1399 927 1428 n
944 1380 1090 1445 Explentes
1122 1384 1297 1432 sacrosancta
1327 1377 1503 1431 ceremonia-

323 1474 379 1524 520.
402 1474 482 1525 Missa
515 1472 680 1525 llozarabica
715 1471 741 1521 in
777 1469 878 1521 blissali
912 1480 973 1518 rum
985 1467 1131 1530 solemnia,
1143 1468 1196 1522 ritu
1210 1467 1409 1520 Melchisedech
1429 1480 1504 1518 sum·

293 1558 411 1609 orciniam
426 1556 604 1622 atterentium,
618 1555 818 1609 institutionem
828 1566 879 1618 sex·
912 1552 951 1603 mi
966 1553 1117 1605 sacerdotis
1129 1553 1238 1616 oblata,
1258 1565 1401 1618 precamur
1413 1557 1504 1604 mente

294 1641 380 1699 hibet,
396 1648 497 1708 etpost
510 1642 637 1696 verbam
655 1643 711 1693 lloc
724 1644 765 1691 est
780 1650 879 1703 eorpus
913 1642 1011 1694 devota
1036 1648 1081 1705 te,
1098 1644 1222 1709 liajestas
1249 1648 1366 1706 aeterna,
1388 1648 1419 1695 ut
1440 1654 1505 1705 ope·

293 1740 403 1790 meunt,
431 1728 505 1793 quod
531 1740 580 1791 pro
601 1725 680 1778 vobis
706 1724 842 1782 tr·ndetur;
866 1742 877 1767 ι
914 1730 1504 1793 rantevirtute,pocemmutotumincarne,

293 1812 474 1878 praescribitur
492 1828 499 1861 z
514 1832 525 1857 α
541 1812 593 1864 llic
609 1812 725 1863 elevetur
747 1822 878 1873 carpos.»
914 1813 1042 1875 poculum
1065 1826 1174 1865 ceratem
1200 1815 1230 1865 in
1259 1814 1394 1880 aaronitae
1427 1814 1505 1864 illum

295 1900 356 1951 Post
375 1898 458 1950 uerba
472 1895 686 1949 consecrationis
702 1894 882 1959 calicis,prae·
915 1908 1058 1948 sumamus
1078 1898 1106 1949 in
1125 1897 1210 1950 calice
1232 1897 1326 1963 quide
1345 1904 1372 1949 te
1390 1898 1466 1949 duxit
1479 1897 1505 1948 in

287 1983 422 2035 'scribitur
444 1982 558 2035 elevatio
576 1982 688 2042 calicis,
701 1987 728 2033 et
752 1980 882 2045 deinceps
916 1995 998 2035 cruce
1019 1996 1052 2035 ex
1065 1984 1158 2036 latere.
1182 2002 1198 2031 n
1217 1986 1249 2035 Et
1273 1990 1336 2049 post
1355 1984 1507 2035 orationem

293 2068 375 2120 dicit:
390 2086 406 2115 «
425 2069 508 2120 elevet
525 2080 624 2131 corpus
644 2066 762 2127 Christi,
782 2065 883 2130 »quod
916 2066 1084 2119 dominicam
1119 2083 1157 2118 :a
1182 2069 1280 2121 Libera
1302 2082 1353 2121 nos
1382 2068 1506 2127 amalo,

294 2168 374 2219 super
396 2154 508 2207 calicem
532 2159 628 2207 tenens
651 2153 745 2205 recitat
768 2151 880 2218 Symbo·
917 2152 1107 2205 bomineJesu
1124 2154 1239 2207 christe.
1252 2157 1356 2220 corpus
1370 2161 1444 2205 tuum
1457 2166 1507 2217 pro

294 2240 348 2291 lum
367 2239 706 2305 constantinopolitannm.
725 2239 792 2289 Ante
811 2250 882 2290 com·
916 2238 998 2291 nobis
1017 2240 1175 2292 crucifixum
1201 2241 1328 2304 edimus,
1349 2246 1377 2292 et
1401 2226 1508 2305 sangui-

295 2326 450 2378 munionem
470 2332 530 2379 orat
557 2325 711 2379 sacerdos:
734 2343 746 2369 «
768 2312 894 2376 bomine¹
916 2337 980 2376 nem
1002 2331 1127 2378 sanetum
1142 2333 1218 2378 tuum
1233 2338 1283 2392 pro
1295 2325 1376 2378 nobis
1391 2322 1508 2377 effusum

296 2412 364 2463 beus
380 2424 472 2472 meus,
488 2412 522 2463 da
535 2410 601 2461 mihi
613 2422 713 2475 carpus
732 2414 759 2460 et
779 2407 884 2474 sangui·
917 2409 1047 2462 bibimus.
1067 2428 1084 2457 n

216 2526 219 2531 -
295 2508 356 2549 nem
368 2495 425 2548 Filii
438 2496 477 2548 tui
495 2494 601 2548 bomini
617 2494 703 2547 nostri
715 2494 786 2547 ¹lesu
807 2492 883 2544 Gbri·
951 2494 1009 2545 δὴ.
1028 2495 1137 2547 missale
1164 2498 1329 2547 Francorum
1351 2494 1378 2545 in
1402 2493 1510 2547 ordina·

295 2580 327 2631 sti
345 2580 382 2633 ita
403 2594 527 2642 sumere,
543 2585 573 2631 ut
594 2593 642 2644 per
660 2577 725 2630 illud
746 2576 883 2629 remissio·
918 2578 993 2631 tione
1017 2579 1167 2644 presbiteri
1193 2579 1357 2643 Episcopum
1385 2583 1510 2629 orantem

295 2677 358 2716 nem
380 2664 503 2717 omnium
522 2670 695 2729 peccatorum
709 2674 815 2713 merear
836 2674 885 2714 ac·
919 2662 1049 2715 inducit:
1072 2682 1087 2710 «
1109 2665 1141 2715 Ut
1157 2676 1206 2729 per
1234 2664 1401 2728 obsequium
1421 2661 1510 2727 plebis

294 2750 396 2816 cipere.
409 2750 463 2803 hie
486 2748 513 2801 in
530 2762 616 2803 aevum
629 2747 804 2802 sanctissimo
822 2758 885 2800 coro
919 2753 974 2802 tuae
990 2760 1091 2815 corpus
1105 2755 1132 2802 et
1148 2749 1310 2816 sangninem
1332 2746 1390 2801 tilii
1403 2745 1442 2800 tui
1460 2746 1510 2798 im·

292 2835 409 2890 Christi.
454 2875 459 2886 .
504 2875 511 2886 .
556 2873 562 2886 .
600 2873 607 2887 .
650 2837 754 2899 Corpus
776 2841 802 2885 et
823 2846 885 2885 san·
919 2835 1054 2888 maculata
1077 2834 1271 2888 bencdictione
1291 2832 1475 2886 transformet.
1496 2852 1508 2876 a

293 2920 356 2985 guis
369 2920 477 2974 bomini
499 2920 584 2972 nostri
597 2918 774 2972 lesuGhristi
794 2925 885 2973 custo·
918 2921 998 2973 ltissa
1016 2920 1069 2972 xiil
1091 2934 1174 2986 super
1196 2921 1288 2974 oblata
1312 2934 1347 2970 τι
1368 2921 1439 2970 beus
1463 2917 1510 2982 qui

293 3005 352 3057 diat
363 3017 464 3070 corpus
476 2998 504 3057 e't
514 3005 632 3056 animam
649 3017 737 3057 meam
757 3005 784 3056 in
801 3005 884 3058 uitam
918 3008 1046 3076 legalium
1067 3008 1234 3079 differemias
1255 3009 1405 3061 hostiarum
1430 3004 1510 3057 unius

295 3093 565 3143 aeternamhmen.»
583 3091 884 3144 postcommunionem
919 3094 1045 3147 sacrificii
1072 3095 1239 3160 perfectione
1263 3091 1394 3151 sanxisti,
1417 3090 1511 3155 accipe
1535 3074 1539 3083 ’

293 3176 434 3230 orationes
452 3177 534 3228 variae
552 3175 700 3228 recitantur
724 3191 760 3225 :a
781 3177 885 3240 Gorpus
921 3178 1228 3232 sacrificiumadevotis
1251 3179 1300 3229 tibi
1317 3177 1426 3229 famulis
1447 3214 1453 3226 .
1474 3211 1481 3224 .
1504 3213 1509 3224 .

296 3262 401 3323 bomini
414 3260 501 3314 riustri
515 3262 579 3312 lesu
594 3259 692 3311 Christi
706 3260 797 3323 ,quod
811 3271 887 3311 aece-
920 3269 949 3314 ut
962 3262 1045 3314 Filius
1069 3271 1133 3314 tuus
1148 3256 1233 3315 'lesus
1251 3261 1394 3321 Christus,
1412 3259 1459 3323 qui
1481 3271 1511 3309 se

294 3348 404 3412 pimus,
418 3354 445 3400 et
457 3351 569 3398 sanetus
585 3344 698 3409 sanguis
712 3344 789 3409 ejus,
804 3355 887 3417 quem
921 3358 1010 3409 usque
1034 3346 1061 3396 in
1082 3345 1164 3396 tinem
1189 3345 1283 3396 saeculi
1303 3344 1361 3395 suis
1385 3342 1511 3394 fidelibus

293 3434 472 3497 potavimus,
498 3431 637 3482 adhaereat
659 3427 812 3480 visceribus
837 3440 888 3480 no·
921 3430 1226 3495 promisitadtuturum,
1242 3436 1269 3482 et
1286 3428 1439 3494 morentiae
1452 3439 1512 3479 cor-

295 3520 373 3579 stris,
400 3523 502 3570 aeterne
523 3516 697 3580 omnipotens
716 3516 828 3566 bens.»
854 3540 888 3551 —
919 3517 1021 3580 porota'a
1048 3516 1186 3582 lacrumis
1218 3529 1274 3569 non
1299 3516 1409 3567 deserat
1440 3524 1512 3578 quos

298 3623 309 3648 «ι
329 3601 431 3654 Reieeti
447 3601 546 3652 Christi
570 3613 685 3666 corpore
707 3606 733 3654 et
754 3599 886 3666 sanguine
921 3602 1053 3665 redemit,
1076 3609 1104 3655 et
1122 3603 1272 3669 majestatis
1292 3614 1350 3654 suae
1370 3598 1511 3653 benefieiis

295 3688 417 3752 liariter·
432 3686 495 3752 quia
508 3685 666 3740 sanctificati
679 3689 733 3739 beo
747 3686 817 3738 Patri
830 3698 887 3739 om·
921 3700 979 3740 non
997 3688 1143 3755 relinquat.
1167 3710 1178 3734 ll

296 3772 431 3839 tripotenti
443 3773 543 3840 gratias
561 3773 721 3825 referamus.
741 3792 753 3818 u
954 3774 1013 3825 325.
1028 3774 1136 3826 ltissale
1156 3775 1323 3828 Gallicanum
1336 3780 1415 3826 vetus
1433 3773 1511 3838 plura

329 3859 437 3909 hetha
452 3857 553 3910 blissali
567 3857 695 3920 Gothico,
708 3870 757 3910 seu
772 3855 885 3909 Gothico
920 3859 1085 3923 suppeditat.
1110 3861 1140 3910 lu
1162 3860 1242 3912 Missa
1263 3862 1290 3911 S.
1302 3857 1428 3910 Germani
1452 3856 1512 3921 Epi·

297 3942 547 4006 Gallicano,liissa
572 3941 794 4006 lll,r1uaeestin
814 3942 887 3993 diem
921 3943 1016 4008 scopi,
1046 3943 1171 3996 collectio
1201 3949 1263 4008 post
1290 3941 1509 3994 eucharistiam:

300 4036 423 4082 sanctum
444 4028 620 4094 Epiphaniae,
632 4027 672 4080 sic
685 4027 778 4091 incipit
792 4041 798 4078 ε
812 4045 828 4074 e
840 4029 889 4078 lle-
924 4047 936 4073 α
955 4029 1127 4093 sumpsimus
1144 4041 1176 4080 ex
1194 4029 1279 4081 sacris
1290 4027 1422 4080 altaribus
1438 4026 1513 4078 Gbri-

301 4115 449 4168 nerabilem
462 4128 493 4168 ac
503 4113 668 4180 primitivum
681 4113 708 4164 in
718 4111 888 4164 mirabilibus
922 4111 957 4163 sti
970 4111 1076 4164 bonini
1094 4112 1182 4164 achei
1196 4111 1283 4164 nostri
1295 4124 1396 4176 eorpus
1411 4116 1438 4162 et
1447 4122 1510 4161 san-

302 4200 458 4266 Epipbaniae
470 4201 543 4253 diem
586 4237 591 4249 .
632 4237 637 4248 .
676 4237 681 4248 .
715 4210 886 4260 veneremur,
923 4195 1033 4262 guinem
1070 4235 1076 4247 .
1113 4231 1121 4246 .
1158 4232 1164 4247 .
1200 4195 1512 4262 aspice,llomine,qui

302 4285 345 4350 pie
358 4286 548 4339 obsecratione
561 4290 715 4350 poscentes,
728 4291 755 4336 ut
768 4283 814 4348 qui
825 4287 889 4335 tune
923 4287 951 4333 et
963 4287 1010 4334 tuo
1034 4281 1106 4333 vesci
1126 4294 1260 4347 corpore,
1275 4288 1301 4334 et
1318 4288 1394 4333 tuum
1410 4294 1512 4347 corpus

303 4381 387 4436 aquas
399 4361 436 4423 ¹in
455 4369 517 4422 vina
532 4371 665 4432 mutavit,
683 4381 757 4422 nune
779 4369 805 4420 in
827 4381 889 4420 san·
922 4366 1161 4420 ehicivishdeles.
1183 4388 1194 4412 n
1214 4368 1243 4418 ln
1261 4367 1341 4420 llissa
1361 4370 1426 4421 lillll
1444 4370 1512 4422 teria

299 4456 412 4520 -guinem
438 4469 516 4508 suurn
542 4454 711 4507 oblationum
733 4459 889 4506 nostrarum
924 4454 942 4505 V
966 4453 994 4505 in
1017 4466 1094 4506 coena
1122 4454 1245 4518 bomini,
1269 4460 1330 4520 pest
1359 4455 1474 4509 Sanctus
1501 4471 1511 4508 :

300 4539 364 4594 eina
380 4547 528 4594 convertat.
545 4540 690 4593 nlrablissa
702 4540 781 4592 llliin
794 4541 889 4592 Gathe·
923 4557 938 4587 κ
957 4540 1032 4591 lianc
1052 4538 1134 4604 igitur
1159 4539 1346 4602 oblationem,
1364 4556 1447 4607 quam
1462 4543 1511 4594 tibi

299 4624 379 4678 dram
397 4628 423 4676 S.
437 4626 506 4678 Petri
520 4625 640 4691 apostoli
653 4631 715 4690 post
730 4625 889 4691 mysterium
924 4623 1064 4676 offerimus
1080 4625 1116 4676 ob
1135 4624 1207 4677 diem
1219 4625 1314 4691 jejunii
1325 4641 1411 4680 eoenae
1425 4628 1514 4680 dorni-

304 4711 432 4764 sacerdos
445 4699 570 4777 precatur
588 4726 594 4761 :
609 4731 621 4756 α
635 4717 664 4762 ut
682 4709 827 4762 immittere
849 4709 890 4761 di·
924 4708 1012 4769 nicae‚
1037 4708 1063 4759 in
1087 4722 1140 4773 qua
1161 4709 1293 4762 hominus
1315 4717 1409 4764 noster
1433 4712 1513 4762 lesus

303 4796 394 4859 pneris
411 4797 540 4862 Spiritum
560 4801 635 4849 tuum
661 4787 784 4848 sanetum
809 4809 891 4861 super
909 4793 1047 4876 ,Christus
1061 4794 1143 4846 Filius
1156 4798 1219 4845 tuus
1231 4792 1259 4844 in
1271 4797 1344 4849 Novo
1358 4797 1515 4848 Testamen·
1581 4812 1584 4817 ·
