<?xml version="1.0" encoding="UTF-8"?>
<!DOCTYPE html PUBLIC "-//W3C//DTD XHTML 1.0 Transitional//EN"
    "http://www.w3.org/TR/xhtml1/DTD/xhtml1-transitional.dtd">
<html xmlns="http://www.w3.org/1999/xhtml" xml:lang="en" lang="en">
 <head>
  <title>
</title>
<meta http-equiv="Content-Type" content="text/html;charset=utf-8" />
  <meta name='ocr-system' content='tesseract 3.04.00' />
  <meta name='ocr-capabilities' content='ocr_page ocr_carea ocr_par ocr_line ocrx_word'/>
</head>
<body>
  <div class='ocr_page' id='page_1' title='image "./theologiadogmat02kenrgoog_0046.png"; bbox 0 0 3792 5550; ppageno 0'>
   <div class='ocr_carea' id='block_1_1' title="bbox 346 590 1157 687">
    <p class='ocr_par' dir='ltr' id='par_1_1' title="bbox 346 590 1157 687">
     <span class='ocr_line' id='line_1_1' title="bbox 346 590 1157 687; baseline -0.015 -1"><span class='ocrx_word' id='word_1_1' title='bbox 346 634 379 687; x_wconf 80' lang='lat' dir='ltr'>aa</span> <span class='ocrx_word' id='word_1_2' title='bbox 498 590 507 600; x_wconf 44' lang='lat'>⁵</span> <span class='ocrx_word' id='word_1_3' title='bbox 741 626 855 680; x_wconf 75' lang='lat' dir='ltr'>unior.</span> <span class='ocrx_word' id='word_1_4' title='bbox 873 628 915 681; x_wconf 84' lang='lat' dir='ltr'>ru.</span> <span class='ocrx_word' id='word_1_5' title='bbox 932 599 975 677; x_wconf 84' lang='lat' dir='ltr'>nn</span> <span class='ocrx_word' id='word_1_6' title='bbox 993 624 1157 677; x_wconf 80' lang='lat' dir='ltr'>narrrsno.</span> 
     </span>
    </p>
   </div>
   <div class='ocr_carea' id='block_1_2' title="bbox 329 736 1561 3716">
    <p class='ocr_par' dir='ltr' id='par_1_2' title="bbox 329 736 1561 3716">
     <span class='ocr_line' id='line_1_2' title="bbox 345 736 1553 810; baseline -0.007 -9"><span class='ocrx_word' id='word_1_7' title='bbox 345 746 458 802; x_wconf 83' lang='lat' dir='ltr'>suffixus</span> <span class='ocrx_word' id='word_1_8' title='bbox 474 743 659 800; x_wconf 85' lang='lat' dir='ltr'>estltominus</span> <span class='ocrx_word' id='word_1_9' title='bbox 681 745 780 808; x_wconf 83' lang='lat' dir='ltr'>lesus,</span> <span class='ocrx_word' id='word_1_10' title='bbox 800 757 865 798; x_wconf 91' lang='lat' dir='ltr'>cum</span> <span class='ocrx_word' id='word_1_11' title='bbox 884 756 934 810; x_wconf 90' lang='lat' dir='ltr'>pa·</span> <span class='ocrx_word' id='word_1_12' title='bbox 968 740 1062 793; x_wconf 87' lang='lat' dir='ltr'>omnia</span> <span class='ocrx_word' id='word_1_13' title='bbox 1091 744 1202 807; x_wconf 83' lang='lat' dir='ltr'>peccata</span> <span class='ocrx_word' id='word_1_14' title='bbox 1234 740 1336 805; x_wconf 82' lang='lat' dir='ltr'>donata</span> <span class='ocrx_word' id='word_1_15' title='bbox 1367 742 1447 803; x_wconf 84' lang='lat' dir='ltr'>sunt,</span> <span class='ocrx_word' id='word_1_16' title='bbox 1481 736 1553 793; x_wconf 87' lang='lat' dir='ltr'>bene</span> 
     </span>
     <span class='ocr_line' id='line_1_3' title="bbox 346 824 1173 899; baseline -0.013 -12"><span class='ocrx_word' id='word_1_17' title='bbox 346 837 450 887; x_wconf 85' lang='lat' dir='ltr'>teretur</span> <span class='ocrx_word' id='word_1_18' title='bbox 470 843 520 899; x_wconf 92' lang='lat' dir='ltr'>pro</span> <span class='ocrx_word' id='word_1_19' title='bbox 540 831 632 885; x_wconf 87' lang='lat' dir='ltr'>nohis.</span> <span class='ocrx_word' id='word_1_20' title='bbox 643 830 774 883; x_wconf 85' lang='lat' dir='ltr'>Columba</span> <span class='ocrx_word' id='word_1_21' title='bbox 793 835 836 883; x_wconf 88' lang='lat' dir='ltr'>est</span> <span class='ocrx_word' id='word_1_22' title='bbox 849 828 876 881; x_wconf 90' lang='lat' dir='ltr'>in</span> <span class='ocrx_word' id='word_1_23' title='bbox 890 842 934 882; x_wconf 92' lang='lat' dir='ltr'>cu·</span> <span class='ocrx_word' id='word_1_24' title='bbox 968 831 996 880; x_wconf 87' lang='lat' dir='ltr'>et</span> <span class='ocrx_word' id='word_1_25' title='bbox 1016 825 1140 879; x_wconf 83' lang='lat' dir='ltr'>tideliter.</span> <span class='ocrx_word' id='word_1_26' title='bbox 1162 824 1173 859; x_wconf 78' lang='lat'>⁸</span> 
     </span>
     <span class='ocr_line' id='line_1_4' title="bbox 343 910 1424 985; baseline -0.008 -14"><span class='ocrx_word' id='word_1_27' title='bbox 343 919 390 985; x_wconf 86' lang='lat' dir='ltr'>jus</span> <span class='ocrx_word' id='word_1_28' title='bbox 408 916 499 983; x_wconf 88' lang='lat' dir='ltr'>specie</span> <span class='ocrx_word' id='word_1_29' title='bbox 513 915 655 970; x_wconf 88' lang='lat' dir='ltr'>descendit</span> <span class='ocrx_word' id='word_1_30' title='bbox 670 915 786 980; x_wconf 77' lang='lat' dir='ltr'><strong>Spiritus</strong></span> <span class='ocrx_word' id='word_1_31' title='bbox 799 919 933 978; x_wconf 88' lang='lat' dir='ltr'>sanctus,</span> <span class='ocrx_word' id='word_1_32' title='bbox 1095 910 1259 977; x_wconf 68' lang='lat' dir='ltr'>dilectiores</span> <span class='ocrx_word' id='word_1_33' title='bbox 1271 911 1424 964; x_wconf 65' lang='lat' dir='ltr'>minuatur.</span> 
     </span>
     <span class='ocr_line' id='line_1_5' title="bbox 346 996 1555 1064; baseline -0.005 -7"><span class='ocrx_word' id='word_1_34' title='bbox 346 1004 417 1057; x_wconf 90' lang='lat' dir='ltr'>sicut</span> <span class='ocrx_word' id='word_1_35' title='bbox 429 1001 550 1055; x_wconf 80' lang='lat' dir='ltr'>didicisti</span> <span class='ocrx_word' id='word_1_36' title='bbox 563 1001 591 1053; x_wconf 92' lang='lat' dir='ltr'>in</span> <span class='ocrx_word' id='word_1_37' title='bbox 604 1013 676 1054; x_wconf 83' lang='lat' dir='ltr'>noro</span> <span class='ocrx_word' id='word_1_38' title='bbox 688 1003 874 1061; x_wconf 76' lang='lat' dir='ltr'>testamento,</span> <span class='ocrx_word' id='word_1_39' title='bbox 887 998 934 1064; x_wconf 93' lang='lat' dir='ltr'>qni</span> <span class='ocrx_word' id='word_1_40' title='bbox 1002 996 1059 1047; x_wconf 67' lang='lat' dir='ltr'>itt.</span> <span class='ocrx_word' id='word_1_41' title='bbox 1081 996 1140 1061; x_wconf 84' lang='lat' dir='ltr'>Otj.</span> <span class='ocrx_word' id='word_1_42' title='bbox 1164 999 1187 1047; x_wconf 89' lang='lat' dir='ltr'>t.</span> <span class='ocrx_word' id='word_1_43' title='bbox 1210 996 1376 1049; x_wconf 85' lang='lat' dir='ltr'>Testimonia</span> <span class='ocrx_word' id='word_1_44' title='bbox 1398 996 1479 1049; x_wconf 90' lang='lat' dir='ltr'>allata</span> <span class='ocrx_word' id='word_1_45' title='bbox 1498 1008 1555 1051; x_wconf 92' lang='lat' dir='ltr'>non</span> 
     </span>
     <span class='ocr_line' id='line_1_6' title="bbox 345 1080 1556 1153; baseline -0.003 -13"><span class='ocrx_word' id='word_1_46' title='bbox 345 1086 396 1140; x_wconf 86' lang='lat' dir='ltr'>tibi</span> <span class='ocrx_word' id='word_1_47' title='bbox 418 1100 512 1153; x_wconf 90' lang='lat' dir='ltr'>pacem</span> <span class='ocrx_word' id='word_1_48' title='bbox 531 1086 630 1139; x_wconf 74' lang='lat' dir='ltr'>animae</span> <span class='ocrx_word' id='word_1_49' title='bbox 655 1084 935 1151; x_wconf 75' lang='lat' dir='ltr'>tranquillitatemque</span> <span class='ocrx_word' id='word_1_50' title='bbox 967 1080 1085 1146; x_wconf 76' lang='lat' dir='ltr'>probant</span> <span class='ocrx_word' id='word_1_51' title='bbox 1096 1093 1175 1146; x_wconf 74' lang='lat' dir='ltr'>tqttae</span> <span class='ocrx_word' id='word_1_52' title='bbox 1189 1081 1243 1134; x_wconf 84' lang='lat' dir='ltr'>vim</span> <span class='ocrx_word' id='word_1_53' title='bbox 1258 1080 1369 1134; x_wconf 80' lang='lat' dir='ltr'>inesse:</span> <span class='ocrx_word' id='word_1_54' title='bbox 1385 1094 1466 1135; x_wconf 84' lang='lat' dir='ltr'>«uon</span> <span class='ocrx_word' id='word_1_55' title='bbox 1481 1082 1556 1135; x_wconf 88' lang='lat' dir='ltr'>enim</span> 
     </span>
     <span class='ocr_line' id='line_1_7' title="bbox 346 1164 1556 1238; baseline -0.004 -12"><span class='ocrx_word' id='word_1_56' title='bbox 346 1172 446 1225; x_wconf 88' lang='lat' dir='ltr'>mentis</span> <span class='ocrx_word' id='word_1_57' title='bbox 458 1170 582 1238; x_wconf 85' lang='lat' dir='ltr'>inspirat.</span> <span class='ocrx_word' id='word_1_58' title='bbox 601 1188 617 1218; x_wconf 74' lang='lat' dir='ltr'>a</span> <span class='ocrx_word' id='word_1_59' title='bbox 638 1169 649 1203; x_wconf 86' lang='lat'>¹</span> <span class='ocrx_word' id='word_1_60' title='bbox 968 1164 1120 1231; x_wconf 84' lang='lat' dir='ltr'>significare</span> <span class='ocrx_word' id='word_1_61' title='bbox 1141 1165 1227 1219; x_wconf 89' lang='lat' dir='ltr'>voluit</span> <span class='ocrx_word' id='word_1_62' title='bbox 1252 1165 1297 1219; x_wconf 90' lang='lat' dir='ltr'>ille</span> <span class='ocrx_word' id='word_1_63' title='bbox 1323 1167 1453 1231; x_wconf 80' lang='lat' dir='ltr'>(Paulus)</span> <span class='ocrx_word' id='word_1_64' title='bbox 1476 1168 1556 1221; x_wconf 79' lang='lat' dir='ltr'>attiu-</span> 
     </span>
     <span class='ocr_line' id='line_1_8' title="bbox 379 1250 1555 1323; baseline 0 -16"><span class='ocrx_word' id='word_1_65' title='bbox 379 1258 438 1309; x_wconf 83' lang='lat' dir='ltr'>tto.</span> <span class='ocrx_word' id='word_1_66' title='bbox 463 1258 489 1308; x_wconf 90' lang='lat' dir='ltr'>S.</span> <span class='ocrx_word' id='word_1_67' title='bbox 512 1256 626 1323; x_wconf 77' lang='lat' dir='ltr'>cyrillus</span> <span class='ocrx_word' id='word_1_68' title='bbox 653 1253 850 1307; x_wconf 76' lang='lat' dir='ltr'>Alexandrinus</span> <span class='ocrx_word' id='word_1_69' title='bbox 875 1250 933 1304; x_wconf 89' lang='lat' dir='ltr'>ait:</span> <span class='ocrx_word' id='word_1_70' title='bbox 958 1251 1070 1303; x_wconf 85' lang='lat' dir='ltr'>¹tionem</span> <span class='ocrx_word' id='word_1_71' title='bbox 1083 1256 1110 1304; x_wconf 87' lang='lat' dir='ltr'>el</span> <span class='ocrx_word' id='word_1_72' title='bbox 1128 1252 1243 1305; x_wconf 84' lang='lat' dir='ltr'>salutem</span> <span class='ocrx_word' id='word_1_73' title='bbox 1261 1256 1383 1305; x_wconf 90' lang='lat' dir='ltr'>nostram</span> <span class='ocrx_word' id='word_1_74' title='bbox 1403 1266 1473 1319; x_wconf 87' lang='lat' dir='ltr'>aqua</span> <span class='ocrx_word' id='word_1_75' title='bbox 1494 1267 1555 1321; x_wconf 90' lang='lat' dir='ltr'>per·</span> 
     </span>
     <span class='ocr_line' id='line_1_9' title="bbox 350 1335 1555 1406; baseline -0.001 -12"><span class='ocrx_word' id='word_1_76' title='bbox 350 1342 513 1406; x_wconf 74' lang='lat' dir='ltr'>«Quoniam</span> <span class='ocrx_word' id='word_1_77' title='bbox 540 1354 596 1395; x_wconf 91' lang='lat' dir='ltr'>non</span> <span class='ocrx_word' id='word_1_78' title='bbox 620 1340 753 1393; x_wconf 78' lang='lat' dir='ltr'>intellexit</span> <span class='ocrx_word' id='word_1_79' title='bbox 773 1336 935 1391; x_wconf 81' lang='lat' dir='ltr'>Nicodemus</span> <span class='ocrx_word' id='word_1_80' title='bbox 968 1335 1027 1399; x_wconf 87' lang='lat' dir='ltr'>lici,</span> <span class='ocrx_word' id='word_1_81' title='bbox 1046 1341 1092 1389; x_wconf 90' lang='lat' dir='ltr'>aut</span> <span class='ocrx_word' id='word_1_82' title='bbox 1109 1349 1207 1403; x_wconf 87' lang='lat' dir='ltr'>aquam</span> <span class='ocrx_word' id='word_1_83' title='bbox 1227 1337 1377 1405; x_wconf 76' lang='lat' dir='ltr'>purgandi,</span> <span class='ocrx_word' id='word_1_84' title='bbox 1392 1352 1555 1406; x_wconf 81' lang='lat' dir='ltr'>regeneran-</span> 
     </span>
     <span class='ocr_line' id='line_1_10' title="bbox 347 1422 1553 1494; baseline -0.002 -15"><span class='ocrx_word' id='word_1_85' title='bbox 347 1427 414 1494; x_wconf 92' lang='lat' dir='ltr'>quid</span> <span class='ocrx_word' id='word_1_86' title='bbox 431 1426 537 1480; x_wconf 87' lang='lat' dir='ltr'>renasci</span> <span class='ocrx_word' id='word_1_87' title='bbox 558 1426 678 1491; x_wconf 80' lang='lat' dir='ltr'>desuper</span> <span class='ocrx_word' id='word_1_88' title='bbox 689 1422 842 1490; x_wconf 75' lang='lat' dir='ltr'>significet,</span> <span class='ocrx_word' id='word_1_89' title='bbox 857 1434 935 1487; x_wconf 88' lang='lat' dir='ltr'>aper·</span> <span class='ocrx_word' id='word_1_90' title='bbox 966 1422 1004 1486; x_wconf 89' lang='lat' dir='ltr'>di,</span> <span class='ocrx_word' id='word_1_91' title='bbox 1018 1423 1168 1477; x_wconf 87' lang='lat' dir='ltr'>renovandi</span> <span class='ocrx_word' id='word_1_92' title='bbox 1179 1424 1308 1477; x_wconf 84' lang='lat' dir='ltr'>tirtutem</span> <span class='ocrx_word' id='word_1_93' title='bbox 1317 1424 1344 1476; x_wconf 94' lang='lat' dir='ltr'>in</span> <span class='ocrx_word' id='word_1_94' title='bbox 1356 1438 1386 1477; x_wconf 90' lang='lat' dir='ltr'>se</span> <span class='ocrx_word' id='word_1_95' title='bbox 1394 1425 1553 1479; x_wconf 89' lang='lat' dir='ltr'>continere:</span> 
     </span>
     <span class='ocr_line' id='line_1_11' title="bbox 347 1506 1555 1577; baseline -0.002 -12"><span class='ocrx_word' id='word_1_96' title='bbox 347 1511 403 1565; x_wconf 88' lang='lat' dir='ltr'>tius</span> <span class='ocrx_word' id='word_1_97' title='bbox 415 1516 502 1564; x_wconf 91' lang='lat' dir='ltr'>totum</span> <span class='ocrx_word' id='word_1_98' title='bbox 513 1510 732 1577; x_wconf 84' lang='lat' dir='ltr'>mysterium‚et</span> <span class='ocrx_word' id='word_1_99' title='bbox 748 1507 866 1562; x_wconf 84' lang='lat' dir='ltr'>breviter</span> <span class='ocrx_word' id='word_1_100' title='bbox 883 1506 934 1559; x_wconf 85' lang='lat' dir='ltr'>sioi</span> <span class='ocrx_word' id='word_1_101' title='bbox 968 1522 1058 1575; x_wconf 90' lang='lat' dir='ltr'>neque</span> <span class='ocrx_word' id='word_1_102' title='bbox 1078 1508 1123 1561; x_wconf 86' lang='lat' dir='ltr'>hic</span> <span class='ocrx_word' id='word_1_103' title='bbox 1153 1510 1272 1574; x_wconf 83' lang='lat' dir='ltr'>(Petrus)</span> <span class='ocrx_word' id='word_1_104' title='bbox 1305 1510 1401 1563; x_wconf 89' lang='lat' dir='ltr'>salutis</span> <span class='ocrx_word' id='word_1_105' title='bbox 1427 1524 1555 1576; x_wconf 82' lang='lat' dir='ltr'>oausam,</span> 
     </span>
     <span class='ocr_line' id='line_1_12' title="bbox 347 1594 1556 1663; baseline -0.001 -13"><span class='ocrx_word' id='word_1_106' title='bbox 347 1596 469 1662; x_wconf 83' lang='lat' dir='ltr'>exponit.</span> <span class='ocrx_word' id='word_1_107' title='bbox 494 1595 738 1663; x_wconf 75' lang='lat' dir='ltr'>degenerationem</span> <span class='ocrx_word' id='word_1_108' title='bbox 757 1594 844 1657; x_wconf 90' lang='lat' dir='ltr'>enim,</span> <span class='ocrx_word' id='word_1_109' title='bbox 873 1604 935 1659; x_wconf 84' lang='lat' dir='ltr'>quae</span> <span class='ocrx_word' id='word_1_110' title='bbox 969 1594 1018 1646; x_wconf 88' lang='lat' dir='ltr'>sed</span> <span class='ocrx_word' id='word_1_111' title='bbox 1037 1594 1167 1648; x_wconf 78' lang='lat' dir='ltr'>duntaxat</span> <span class='ocrx_word' id='word_1_112' title='bbox 1188 1596 1282 1648; x_wconf 89' lang='lat' dir='ltr'>talium</span> <span class='ocrx_word' id='word_1_113' title='bbox 1304 1596 1439 1649; x_wconf 89' lang='lat' dir='ltr'>donorum</span> <span class='ocrx_word' id='word_1_114' title='bbox 1463 1597 1556 1663; x_wconf 77' lang='lat' dir='ltr'>cogni·</span> 
     </span>
     <span class='ocr_line' id='line_1_13' title="bbox 347 1678 1556 1747; baseline 0.001 -13"><span class='ocrx_word' id='word_1_115' title='bbox 347 1694 397 1747; x_wconf 89' lang='lat' dir='ltr'>per</span> <span class='ocrx_word' id='word_1_116' title='bbox 413 1680 541 1747; x_wconf 86' lang='lat' dir='ltr'>Spiritum</span> <span class='ocrx_word' id='word_1_117' title='bbox 559 1684 685 1733; x_wconf 89' lang='lat' dir='ltr'>sanctum</span> <span class='ocrx_word' id='word_1_118' title='bbox 709 1679 761 1743; x_wconf 85' lang='lat' dir='ltr'>dt,</span> <span class='ocrx_word' id='word_1_119' title='bbox 785 1678 862 1732; x_wconf 90' lang='lat' dir='ltr'>nasci</span> <span class='ocrx_word' id='word_1_120' title='bbox 887 1678 936 1730; x_wconf 94' lang='lat' dir='ltr'>de·</span> <span class='ocrx_word' id='word_1_121' title='bbox 969 1680 1071 1733; x_wconf 91' lang='lat' dir='ltr'>tionem</span> <span class='ocrx_word' id='word_1_122' title='bbox 1086 1685 1114 1734; x_wconf 91' lang='lat' dir='ltr'>et</span> <span class='ocrx_word' id='word_1_123' title='bbox 1135 1681 1326 1735; x_wconf 79' lang='lat' dir='ltr'>certitudinem</span> <span class='ocrx_word' id='word_1_124' title='bbox 1345 1681 1443 1735; x_wconf 82' lang='lat' dir='ltr'>innoc</span> <span class='ocrx_word' id='word_1_125' title='bbox 1462 1684 1556 1735; x_wconf 88' lang='lat' dir='ltr'>Sacra·</span> 
     </span>
     <span class='ocr_line' id='line_1_14' title="bbox 348 1761 1555 1834; baseline 0.001 -14"><span class='ocrx_word' id='word_1_126' title='bbox 348 1780 432 1834; x_wconf 92' lang='lat' dir='ltr'>super</span> <span class='ocrx_word' id='word_1_127' title='bbox 452 1765 583 1819; x_wconf 81' lang='lat' dir='ltr'>ltominus</span> <span class='ocrx_word' id='word_1_128' title='bbox 606 1765 752 1831; x_wconf 86' lang='lat' dir='ltr'>appellavit</span> <span class='ocrx_word' id='word_1_129' title='bbox 773 1778 780 1816; x_wconf 77' lang='grc' dir='ltr'><strong>ε</strong></span> <span class='ocrx_word' id='word_1_130' title='bbox 805 1767 835 1817; x_wconf 89' lang='lat' dir='ltr'>ut</span> <span class='ocrx_word' id='word_1_131' title='bbox 853 1761 935 1817; x_wconf 89' lang='lat' dir='ltr'>etiam</span> <span class='ocrx_word' id='word_1_132' title='bbox 969 1769 1062 1818; x_wconf 90' lang='lat' dir='ltr'>mento</span> <span class='ocrx_word' id='word_1_133' title='bbox 1080 1766 1182 1833; x_wconf 80' lang='lat' dir='ltr'>percipi</span> <span class='ocrx_word' id='word_1_134' title='bbox 1201 1767 1294 1833; x_wconf 90' lang='lat' dir='ltr'>:qnod</span> <span class='ocrx_word' id='word_1_135' title='bbox 1306 1766 1396 1821; x_wconf 76' lang='lat' dir='ltr'>veritis</span> <span class='ocrx_word' id='word_1_136' title='bbox 1409 1767 1476 1833; x_wconf 89' lang='lat' dir='ltr'>ipsis</span> <span class='ocrx_word' id='word_1_137' title='bbox 1489 1768 1555 1821; x_wconf 88' lang='lat' dir='ltr'>satis</span> 
     </span>
     <span class='ocr_line' id='line_1_15' title="bbox 349 1848 1556 1919; baseline 0.003 -15"><span class='ocrx_word' id='word_1_138' title='bbox 349 1864 382 1904; x_wconf 83' lang='lat' dir='ltr'>ex</span> <span class='ocrx_word' id='word_1_139' title='bbox 407 1852 461 1903; x_wconf 88' lang='lat' dir='ltr'>troc</span> <span class='ocrx_word' id='word_1_140' title='bbox 479 1850 668 1913; x_wconf 88' lang='lat' dir='ltr'>disceremus,</span> <span class='ocrx_word' id='word_1_141' title='bbox 692 1850 794 1903; x_wconf 87' lang='lat' dir='ltr'>ideirco</span> <span class='ocrx_word' id='word_1_142' title='bbox 816 1848 863 1902; x_wconf 87' lang='lat' dir='ltr'>ltei</span> <span class='ocrx_word' id='word_1_143' title='bbox 884 1861 936 1901; x_wconf 92' lang='lat' dir='ltr'>nos</span> <span class='ocrx_word' id='word_1_144' title='bbox 969 1850 1109 1905; x_wconf 85' lang='lat' dir='ltr'>evidenter</span> <span class='ocrx_word' id='word_1_145' title='bbox 1121 1852 1279 1919; x_wconf 85' lang='lat' dir='ltr'>explicatur.</span> <span class='ocrx_word' id='word_1_146' title='bbox 1290 1856 1356 1906; x_wconf 83' lang='lat' dir='ltr'>llam</span> <span class='ocrx_word' id='word_1_147' title='bbox 1367 1854 1481 1908; x_wconf 83' lang='lat' dir='ltr'>verbum</span> <span class='ocrx_word' id='word_1_148' title='bbox 1493 1854 1556 1908; x_wconf 81' lang='lat' dir='ltr'>rilae</span> 
     </span>
     <span class='ocr_line' id='line_1_16' title="bbox 348 1934 1557 2003; baseline 0.003 -14"><span class='ocrx_word' id='word_1_149' title='bbox 348 1937 406 1989; x_wconf 88' lang='lat' dir='ltr'>lieri</span> <span class='ocrx_word' id='word_1_150' title='bbox 418 1936 564 2003; x_wconf 81' lang='lat' dir='ltr'>participes</span> <span class='ocrx_word' id='word_1_151' title='bbox 575 1974 584 1999; x_wconf 92' lang='lat'><em>,</em></span> <span class='ocrx_word' id='word_1_152' title='bbox 595 1935 725 2001; x_wconf 87' lang='lat' dir='ltr'>quoniam</span> <span class='ocrx_word' id='word_1_153' title='bbox 747 1935 872 2001; x_wconf 89' lang='lat' dir='ltr'>spiritum</span> <span class='ocrx_word' id='word_1_154' title='bbox 889 1934 937 2000; x_wconf 92' lang='lat' dir='ltr'>qui</span> <span class='ocrx_word' id='word_1_155' title='bbox 970 1936 1170 2001; x_wconf 80' lang='lat' dir='ltr'>etitaptisrnum</span> <span class='ocrx_word' id='word_1_156' title='bbox 1179 1938 1557 2003; x_wconf 72' lang='lat' dir='ltr'>aquaesimulconnectilltau·</span> 
     </span>
     <span class='ocr_line' id='line_1_17' title="bbox 349 2021 1557 2088; baseline 0.002 -12"><span class='ocrx_word' id='word_1_157' title='bbox 349 2022 564 2076; x_wconf 87' lang='lat' dir='ltr'>substantialiter</span> <span class='ocrx_word' id='word_1_158' title='bbox 592 2036 626 2076; x_wconf 85' lang='lat' dir='ltr'>ex</span> <span class='ocrx_word' id='word_1_159' title='bbox 651 2024 706 2075; x_wconf 83' lang='lat' dir='ltr'>ileo</span> <span class='ocrx_word' id='word_1_160' title='bbox 736 2021 861 2088; x_wconf 84' lang='lat' dir='ltr'>procedit</span> <span class='ocrx_word' id='word_1_161' title='bbox 887 2033 937 2087; x_wconf 92' lang='lat' dir='ltr'>per</span> <span class='ocrx_word' id='word_1_162' title='bbox 969 2021 1033 2071; x_wconf 87' lang='lat' dir='ltr'>lus:</span> <span class='ocrx_word' id='word_1_163' title='bbox 1048 2022 1115 2073; x_wconf 91' lang='lat' dir='ltr'>acsi</span> <span class='ocrx_word' id='word_1_164' title='bbox 1128 2022 1245 2085; x_wconf 85' lang='lat' dir='ltr'>diceret,</span> <span class='ocrx_word' id='word_1_165' title='bbox 1259 2023 1494 2087; x_wconf 73' lang='lat' dir='ltr'>perEvangeiium</span> <span class='ocrx_word' id='word_1_166' title='bbox 1507 2037 1557 2078; x_wconf 90' lang='lat' dir='ltr'>no·</span> 
     </span>
     <span class='ocr_line' id='line_1_18' title="bbox 350 2104 1557 2175; baseline 0 -13"><span class='ocrx_word' id='word_1_167' title='bbox 350 2108 519 2175; x_wconf 88' lang='lat' dir='ltr'>Baptismum</span> <span class='ocrx_word' id='word_1_168' title='bbox 540 2106 730 2172; x_wconf 76' lang='lat' dir='ltr'>acquirimus,</span> <span class='ocrx_word' id='word_1_169' title='bbox 750 2119 806 2173; x_wconf 93' lang='lat' dir='ltr'>quo</span> <span class='ocrx_word' id='word_1_170' title='bbox 833 2106 862 2157; x_wconf 92' lang='lat' dir='ltr'>in</span> <span class='ocrx_word' id='word_1_171' title='bbox 881 2105 936 2171; x_wconf 90' lang='lat' dir='ltr'>pri·</span> <span class='ocrx_word' id='word_1_172' title='bbox 969 2104 1012 2157; x_wconf 87' lang='lat' dir='ltr'>bis</span> <span class='ocrx_word' id='word_1_173' title='bbox 1023 2109 1123 2157; x_wconf 88' lang='lat' dir='ltr'>nostrae</span> <span class='ocrx_word' id='word_1_174' title='bbox 1135 2105 1282 2157; x_wconf 76' lang='lat' dir='ltr'>ablutionis</span> <span class='ocrx_word' id='word_1_175' title='bbox 1295 2109 1322 2158; x_wconf 90' lang='lat' dir='ltr'>et</span> <span class='ocrx_word' id='word_1_176' title='bbox 1333 2106 1557 2163; x_wconf 82' lang='lat' dir='ltr'>sanctificationis</span> 
     </span>
     <span class='ocr_line' id='line_1_19' title="bbox 350 2188 1558 2263; baseline 0 -16"><span class='ocrx_word' id='word_1_177' title='bbox 350 2194 450 2248; x_wconf 89' lang='lat' dir='ltr'>stiuam</span> <span class='ocrx_word' id='word_1_178' title='bbox 467 2192 697 2263; x_wconf 74' lang='lat' dir='ltr'>pulchritudinem</span> <span class='ocrx_word' id='word_1_179' title='bbox 725 2190 885 2254; x_wconf 87' lang='lat' dir='ltr'>relormati,</span> <span class='ocrx_word' id='word_1_180' title='bbox 910 2195 938 2243; x_wconf 91' lang='lat' dir='ltr'>el</span> <span class='ocrx_word' id='word_1_181' title='bbox 969 2190 1094 2242; x_wconf 89' lang='lat' dir='ltr'>nuntium</span> <span class='ocrx_word' id='word_1_182' title='bbox 1106 2188 1450 2255; x_wconf 48' lang='lat' dir='ltr'>ailerripperltaptismum</span> <span class='ocrx_word' id='word_1_183' title='bbox 1463 2192 1558 2260; x_wconf 89' lang='lat' dir='ltr'>hujus·</span> 
     </span>
     <span class='ocr_line' id='line_1_20' title="bbox 351 2273 1558 2343; baseline 0 -12"><span class='ocrx_word' id='word_1_184' title='bbox 351 2280 385 2332; x_wconf 90' lang='lat' dir='ltr'>ad</span> <span class='ocrx_word' id='word_1_185' title='bbox 397 2291 496 2333; x_wconf 84' lang='lat' dir='ltr'>novam</span> <span class='ocrx_word' id='word_1_186' title='bbox 505 2278 588 2333; x_wconf 88' lang='lat' dir='ltr'>vitam</span> <span class='ocrx_word' id='word_1_187' title='bbox 605 2278 709 2343; x_wconf 90' lang='lat' dir='ltr'>renati,</span> <span class='ocrx_word' id='word_1_188' title='bbox 727 2281 811 2332; x_wconf 81' lang='lat' dir='ltr'>alteo</span> <span class='ocrx_word' id='word_1_189' title='bbox 823 2278 851 2330; x_wconf 91' lang='lat' dir='ltr'>in</span> <span class='ocrx_word' id='word_1_190' title='bbox 865 2276 937 2329; x_wconf 85' lang='lat' dir='ltr'>illios</span> <span class='ocrx_word' id='word_1_191' title='bbox 969 2274 1043 2327; x_wconf 89' lang='lat' dir='ltr'>modi</span> <span class='ocrx_word' id='word_1_192' title='bbox 1054 2274 1179 2326; x_wconf 87' lang='lat' dir='ltr'>nuntium</span> <span class='ocrx_word' id='word_1_193' title='bbox 1187 2273 1351 2341; x_wconf 79' lang='lat' dir='ltr'>obsignari.»</span> <span class='ocrx_word' id='word_1_194' title='bbox 1360 2274 1399 2327; x_wconf 92' lang='lat' dir='ltr'>lta</span> <span class='ocrx_word' id='word_1_195' title='bbox 1405 2276 1558 2331; x_wconf 59' lang='lat' dir='ltr'>calvinus!</span> 
     </span>
     <span class='ocr_line' id='line_1_21' title="bbox 351 2362 1557 2430; baseline 0.002 -13"><span class='ocrx_word' id='word_1_196' title='bbox 351 2362 576 2430; x_wconf 66' lang='lat' dir='ltr'>adoptamini·</span> <span class='ocrx_word' id='word_1_197' title='bbox 1004 2363 1060 2413; x_wconf 72' lang='lat' dir='ltr'>lid.</span> <span class='ocrx_word' id='word_1_198' title='bbox 1084 2362 1261 2427; x_wconf 65' lang='lat' dir='ltr'>detulerim</span> <span class='ocrx_word' id='word_1_199' title='bbox 1278 2363 1470 2429; x_wconf 76' lang='lat' dir='ltr'>Apostolorum</span> <span class='ocrx_word' id='word_1_200' title='bbox 1486 2365 1557 2420; x_wconf 87' lang='lat' dir='ltr'>adeo</span> 
     </span>
     <span class='ocr_line' id='line_1_22' title="bbox 383 2446 1557 2519; baseline 0.004 -19"><span class='ocrx_word' id='word_1_201' title='bbox 383 2449 441 2501; x_wconf 76' lang='lat' dir='ltr'>iit.</span> <span class='ocrx_word' id='word_1_202' title='bbox 462 2451 488 2501; x_wconf 85' lang='lat' dir='ltr'>S.</span> <span class='ocrx_word' id='word_1_203' title='bbox 502 2448 683 2515; x_wconf 73' lang='lat' dir='ltr'>Hieronymus</span> <span class='ocrx_word' id='word_1_204' title='bbox 695 2446 861 2514; x_wconf 93' lang='lat' dir='ltr'>colloquium</span> <span class='ocrx_word' id='word_1_205' title='bbox 874 2456 937 2498; x_wconf 90' lang='lat' dir='ltr'>cum</span> <span class='ocrx_word' id='word_1_206' title='bbox 970 2452 1035 2499; x_wconf 82' lang='lat' dir='ltr'>sunt</span> <span class='ocrx_word' id='word_1_207' title='bbox 1046 2447 1117 2499; x_wconf 87' lang='lat' dir='ltr'>clara</span> <span class='ocrx_word' id='word_1_208' title='bbox 1131 2452 1160 2499; x_wconf 89' lang='lat' dir='ltr'>ut</span> <span class='ocrx_word' id='word_1_209' title='bbox 1173 2450 1338 2503; x_wconf 85' lang='lat' dir='ltr'>sacramenti</span> <span class='ocrx_word' id='word_1_210' title='bbox 1351 2450 1478 2505; x_wconf 89' lang='lat' dir='ltr'>virtulem</span> <span class='ocrx_word' id='word_1_211' title='bbox 1497 2454 1557 2519; x_wconf 91' lang='lat' dir='ltr'>pla·</span> 
     </span>
     <span class='ocr_line' id='line_1_23' title="bbox 351 2530 1558 2605; baseline 0.003 -17"><span class='ocrx_word' id='word_1_212' title='bbox 351 2535 471 2601; x_wconf 89' lang='lat' dir='ltr'>quodam</span> <span class='ocrx_word' id='word_1_213' title='bbox 483 2534 605 2589; x_wconf 88' lang='lat' dir='ltr'>habitum</span> <span class='ocrx_word' id='word_1_214' title='bbox 622 2534 720 2597; x_wconf 89' lang='lat' dir='ltr'>relert,</span> <span class='ocrx_word' id='word_1_215' title='bbox 732 2534 760 2586; x_wconf 92' lang='lat' dir='ltr'>in</span> <span class='ocrx_word' id='word_1_216' title='bbox 772 2545 827 2599; x_wconf 94' lang='lat' dir='ltr'>qno</span> <span class='ocrx_word' id='word_1_217' title='bbox 847 2530 939 2594; x_wconf 87' lang='lat' dir='ltr'>dispu·</span> <span class='ocrx_word' id='word_1_218' title='bbox 970 2544 1005 2585; x_wconf 91' lang='lat' dir='ltr'>nc</span> <span class='ocrx_word' id='word_1_219' title='bbox 1029 2532 1181 2586; x_wconf 90' lang='lat' dir='ltr'>enuntient.</span> <span class='ocrx_word' id='word_1_220' title='bbox 1194 2536 1303 2588; x_wconf 83' lang='lat' dir='ltr'>veteres</span> <span class='ocrx_word' id='word_1_221' title='bbox 1323 2548 1420 2590; x_wconf 86' lang='lat' dir='ltr'>omnes</span> <span class='ocrx_word' id='word_1_222' title='bbox 1442 2538 1558 2605; x_wconf 89' lang='lat' dir='ltr'>scripto-</span> 
     </span>
     <span class='ocr_line' id='line_1_24' title="bbox 356 2615 1558 2688; baseline 0.002 -15"><span class='ocrx_word' id='word_1_223' title='bbox 356 2620 465 2674; x_wconf 80' lang='lat' dir='ltr'>taltatur</span> <span class='ocrx_word' id='word_1_224' title='bbox 491 2625 581 2674; x_wconf 90' lang='lat' dir='ltr'>utrum</span> <span class='ocrx_word' id='word_1_225' title='bbox 606 2620 654 2687; x_wconf 93' lang='lat' dir='ltr'>qui</span> <span class='ocrx_word' id='word_1_226' title='bbox 680 2624 745 2685; x_wconf 88' lang='lat' dir='ltr'>post</span> <span class='ocrx_word' id='word_1_227' title='bbox 769 2615 938 2681; x_wconf 86' lang='lat' dir='ltr'>Baptismum</span> <span class='ocrx_word' id='word_1_228' title='bbox 971 2630 1015 2670; x_wconf 89' lang='lat' dir='ltr'>res</span> <span class='ocrx_word' id='word_1_229' title='bbox 1027 2620 1212 2684; x_wconf 87' lang='lat' dir='ltr'>appellamus,</span> <span class='ocrx_word' id='word_1_230' title='bbox 1230 2620 1277 2687; x_wconf 94' lang='lat' dir='ltr'>qui</span> <span class='ocrx_word' id='word_1_231' title='bbox 1296 2622 1463 2688; x_wconf 85' lang='lat' dir='ltr'>Baptismnm</span> <span class='ocrx_word' id='word_1_232' title='bbox 1484 2623 1558 2676; x_wconf 90' lang='lat' dir='ltr'>illam</span> 
     </span>
     <span class='ocr_line' id='line_1_25' title="bbox 350 2697 1560 2776; baseline 0.003 -17"><span class='ocrx_word' id='word_1_233' title='bbox 350 2705 464 2759; x_wconf 84' lang='lat' dir='ltr'>duxerat</span> <span class='ocrx_word' id='word_1_234' title='bbox 485 2718 618 2770; x_wconf 79' lang='lat' dir='ltr'>uxorem,</span> <span class='ocrx_word' id='word_1_235' title='bbox 639 2717 724 2771; x_wconf 92' lang='lat' dir='ltr'>quum</span> <span class='ocrx_word' id='word_1_236' title='bbox 748 2706 828 2754; x_wconf 90' lang='lat' dir='ltr'>antea</span> <span class='ocrx_word' id='word_1_237' title='bbox 855 2697 936 2751; x_wconf 88' lang='lat' dir='ltr'>etiam</span> <span class='ocrx_word' id='word_1_238' title='bbox 971 2702 1071 2756; x_wconf 85' lang='lat' dir='ltr'>habere</span> <span class='ocrx_word' id='word_1_239' title='bbox 1088 2703 1160 2769; x_wconf 86' lang='lat' dir='ltr'>vim,</span> <span class='ocrx_word' id='word_1_240' title='bbox 1174 2718 1206 2758; x_wconf 83' lang='lat' dir='ltr'>en</span> <span class='ocrx_word' id='word_1_241' title='bbox 1224 2706 1439 2760; x_wconf 75' lang='lat' dir='ltr'>christidomini</span> <span class='ocrx_word' id='word_1_242' title='bbox 1452 2713 1479 2761; x_wconf 95' lang='lat' dir='ltr'>et</span> <span class='ocrx_word' id='word_1_243' title='bbox 1491 2709 1560 2776; x_wconf 79' lang='lat' dir='ltr'>ipo-</span> 
     </span>
     <span class='ocr_line' id='line_1_26' title="bbox 351 2781 1560 2857; baseline -0.006 -1"><span class='ocrx_word' id='word_1_244' title='bbox 351 2799 482 2847; x_wconf 77' lang='lat' dir='ltr'>uxoratus</span> <span class='ocrx_word' id='word_1_245' title='bbox 512 2793 627 2856; x_wconf 63' lang='lat' dir='ltr'>fuisset,</span> <span class='ocrx_word' id='word_1_246' title='bbox 646 2792 771 2855; x_wconf 65' lang='lat' dir='ltr'>bigamus</span> <span class='ocrx_word' id='word_1_247' title='bbox 794 2783 938 2838; x_wconf 68' lang='lat' dir='ltr'>habendus</span> <span class='ocrx_word' id='word_1_248' title='bbox 971 2781 1102 2845; x_wconf 85' lang='lat' dir='ltr'>stolorum</span> <span class='ocrx_word' id='word_1_249' title='bbox 1124 2792 1263 2857; x_wconf 89' lang='lat' dir='ltr'>doctrina,</span> <span class='ocrx_word' id='word_1_250' title='bbox 1286 2795 1487 2848; x_wconf 83' lang='lat' dir='ltr'>intellexerunt.</span> <span class='ocrx_word' id='word_1_251' title='bbox 1506 2799 1560 2849; x_wconf 83' lang='lat' dir='ltr'>Fu·</span> 
     </span>
     <span class='ocr_line' id='line_1_27' title="bbox 351 2871 1559 2945; baseline -0.002 -10"><span class='ocrx_word' id='word_1_252' title='bbox 351 2878 422 2935; x_wconf 81' lang='lat' dir='ltr'>toret</span> <span class='ocrx_word' id='word_1_253' title='bbox 432 2917 440 2943; x_wconf 84' lang='lat'>‚</span> <span class='ocrx_word' id='word_1_254' title='bbox 450 2879 520 2934; x_wconf 90' lang='lat' dir='ltr'>adeo</span> <span class='ocrx_word' id='word_1_255' title='bbox 531 2883 561 2932; x_wconf 92' lang='lat' dir='ltr'>ul</span> <span class='ocrx_word' id='word_1_256' title='bbox 578 2872 699 2943; x_wconf 73' lang='lat' dir='ltr'>apostoli</span> <span class='ocrx_word' id='word_1_257' title='bbox 718 2871 801 2926; x_wconf 86' lang='lat' dir='ltr'>vetito</span> <span class='ocrx_word' id='word_1_258' title='bbox 813 2882 938 2934; x_wconf 75' lang='lat' dir='ltr'>compre·</span> <span class='ocrx_word' id='word_1_259' title='bbox 971 2877 1018 2929; x_wconf 89' lang='lat' dir='ltr'>tile</span> <span class='ocrx_word' id='word_1_260' title='bbox 1030 2884 1071 2930; x_wconf 87' lang='lat' dir='ltr'>est</span> <span class='ocrx_word' id='word_1_261' title='bbox 1083 2879 1157 2944; x_wconf 93' lang='lat' dir='ltr'>quod</span> <span class='ocrx_word' id='word_1_262' title='bbox 1177 2879 1271 2945; x_wconf 83' lang='lat' dir='ltr'>objicit</span> <span class='ocrx_word' id='word_1_263' title='bbox 1282 2879 1408 2933; x_wconf 82' lang='lat' dir='ltr'>calvinus</span> <span class='ocrx_word' id='word_1_264' title='bbox 1426 2880 1461 2932; x_wconf 91' lang='lat' dir='ltr'>de</span> <span class='ocrx_word' id='word_1_265' title='bbox 1474 2880 1559 2934; x_wconf 83' lang='lat' dir='ltr'>verbo</span> 
     </span>
     <span class='ocr_line' id='line_1_28' title="bbox 329 2953 1559 3028; baseline 0.001 -11"><span class='ocrx_word' id='word_1_266' title='bbox 329 2953 333 2963; x_wconf 84' lang='lat'>&#39;</span> <span class='ocrx_word' id='word_1_267' title='bbox 349 2964 529 3028; x_wconf 87' lang='lat' dir='ltr'>henderetur‚</span> <span class='ocrx_word' id='word_1_268' title='bbox 545 2976 580 3016; x_wconf 88' lang='lat' dir='ltr'>ne</span> <span class='ocrx_word' id='word_1_269' title='bbox 592 2961 717 3027; x_wconf 79' lang='lat' dir='ltr'>bigamus</span> <span class='ocrx_word' id='word_1_270' title='bbox 734 2955 811 3008; x_wconf 88' lang='lat' dir='ltr'>lieret</span> <span class='ocrx_word' id='word_1_271' title='bbox 827 2955 936 3021; x_wconf 71' lang='lat' dir='ltr'>Episco</span> <span class='ocrx_word' id='word_1_272' title='bbox 971 2961 1048 3015; x_wconf 76' lang='lat' dir='ltr'>vilae:</span> <span class='ocrx_word' id='word_1_273' title='bbox 1063 2974 1126 3014; x_wconf 90' lang='lat' dir='ltr'>narn</span> <span class='ocrx_word' id='word_1_274' title='bbox 1136 2964 1339 3016; x_wconf 87' lang='lat' dir='ltr'>Sacramentum</span> <span class='ocrx_word' id='word_1_275' title='bbox 1352 2963 1461 3016; x_wconf 91' lang='lat' dir='ltr'>nonnisi</span> <span class='ocrx_word' id='word_1_276' title='bbox 1474 2963 1559 3018; x_wconf 82' lang='lat' dir='ltr'>verbo</span> 
     </span>
     <span class='ocr_line' id='line_1_29' title="bbox 351 3046 1561 3115; baseline 0 -13"><span class='ocrx_word' id='word_1_277' title='bbox 351 3063 413 3115; x_wconf 90' lang='lat' dir='ltr'>pus.</span> <span class='ocrx_word' id='word_1_278' title='bbox 435 3052 473 3102; x_wconf 82' lang='lat' dir='ltr'>lle</span> <span class='ocrx_word' id='word_1_279' title='bbox 502 3047 639 3115; x_wconf 86' lang='lat' dir='ltr'>Baptismo</span> <span class='ocrx_word' id='word_1_280' title='bbox 661 3055 694 3094; x_wconf 83' lang='lat' dir='ltr'>ex</span> <span class='ocrx_word' id='word_1_281' title='bbox 715 3046 830 3106; x_wconf 90' lang='lat' dir='ltr'>utraque</span> <span class='ocrx_word' id='word_1_282' title='bbox 862 3046 939 3106; x_wconf 87' lang='lat' dir='ltr'>parte</span> <span class='ocrx_word' id='word_1_283' title='bbox 973 3050 1000 3098; x_wconf 91' lang='lat' dir='ltr'>et</span> <span class='ocrx_word' id='word_1_284' title='bbox 1016 3046 1154 3100; x_wconf 90' lang='lat' dir='ltr'>ablutione</span> <span class='ocrx_word' id='word_1_285' title='bbox 1168 3047 1314 3113; x_wconf 84' lang='lat' dir='ltr'>perficitur,</span> <span class='ocrx_word' id='word_1_286' title='bbox 1328 3046 1444 3113; x_wconf 87' lang='lat' dir='ltr'>ideoque</span> <span class='ocrx_word' id='word_1_287' title='bbox 1458 3053 1561 3102; x_wconf 88' lang='lat' dir='ltr'>utrum·</span> 
     </span>
     <span class='ocr_line' id='line_1_30' title="bbox 352 3125 1561 3200; baseline -0.002 -10"><span class='ocrx_word' id='word_1_288' title='bbox 352 3135 499 3198; x_wconf 79' lang='lat' dir='ltr'>convenit,</span> <span class='ocrx_word' id='word_1_289' title='bbox 523 3144 556 3185; x_wconf 95' lang='lat' dir='ltr'>eo</span> <span class='ocrx_word' id='word_1_290' title='bbox 574 3127 713 3182; x_wconf 88' lang='lat' dir='ltr'>hominem</span> <span class='ocrx_word' id='word_1_291' title='bbox 734 3138 834 3180; x_wconf 83' lang='lat' dir='ltr'>novum</span> <span class='ocrx_word' id='word_1_292' title='bbox 861 3125 939 3191; x_wconf 87' lang='lat' dir='ltr'>lieri,</span> <span class='ocrx_word' id='word_1_293' title='bbox 973 3145 1026 3199; x_wconf 92' lang='lat' dir='ltr'>que</span> <span class='ocrx_word' id='word_1_294' title='bbox 1045 3132 1148 3198; x_wconf 88' lang='lat' dir='ltr'>optimo</span> <span class='ocrx_word' id='word_1_295' title='bbox 1174 3135 1235 3200; x_wconf 87' lang='lat' dir='ltr'>jure</span> <span class='ocrx_word' id='word_1_296' title='bbox 1254 3133 1288 3186; x_wconf 88' lang='lat' dir='ltr'>ah</span> <span class='ocrx_word' id='word_1_297' title='bbox 1307 3134 1436 3198; x_wconf 75' lang='lat' dir='ltr'>apostolo</span> <span class='ocrx_word' id='word_1_298' title='bbox 1456 3146 1561 3187; x_wconf 89' lang='lat' dir='ltr'>eonne-</span> 
     </span>
     <span class='ocr_line' id='line_1_31' title="bbox 351 3210 1559 3278; baseline 0.002 -6"><span class='ocrx_word' id='word_1_299' title='bbox 351 3220 480 3273; x_wconf 86' lang='lat' dir='ltr'>omnihus</span> <span class='ocrx_word' id='word_1_300' title='bbox 501 3213 598 3269; x_wconf 90' lang='lat' dir='ltr'>deletis</span> <span class='ocrx_word' id='word_1_301' title='bbox 622 3210 729 3264; x_wconf 72' lang='lat' dir='ltr'>deliciis</span> <span class='ocrx_word' id='word_1_302' title='bbox 744 3226 751 3262; x_wconf 75' lang='lat'>2</span> <span class='ocrx_word' id='word_1_303' title='bbox 769 3231 782 3257; x_wconf 66' lang='lat'><strong>⁴</strong></span> <span class='ocrx_word' id='word_1_304' title='bbox 803 3211 830 3263; x_wconf 82' lang='lat' dir='ltr'>Si</span> <span class='ocrx_word' id='word_1_305' title='bbox 851 3211 940 3278; x_wconf 68' lang='lat' dir='ltr'>Bapti-</span> <span class='ocrx_word' id='word_1_306' title='bbox 973 3219 1061 3272; x_wconf 86' lang='lat' dir='ltr'>ctilur.</span> <span class='ocrx_word' id='word_1_307' title='bbox 1079 3219 1166 3272; x_wconf 82' lang='lat' dir='ltr'>Verbo</span> <span class='ocrx_word' id='word_1_308' title='bbox 1184 3224 1276 3272; x_wconf 88' lang='lat' dir='ltr'>autem</span> <span class='ocrx_word' id='word_1_309' title='bbox 1293 3219 1340 3272; x_wconf 92' lang='lat' dir='ltr'>illo</span> <span class='ocrx_word' id='word_1_310' title='bbox 1358 3219 1431 3272; x_wconf 89' lang='lat' dir='ltr'>iraud</span> <span class='ocrx_word' id='word_1_311' title='bbox 1448 3221 1559 3274; x_wconf 89' lang='lat' dir='ltr'>nuntius</span> 
     </span>
     <span class='ocr_line' id='line_1_32' title="bbox 352 3295 1559 3372; baseline 0.001 -12"><span class='ocrx_word' id='word_1_312' title='bbox 352 3319 429 3360; x_wconf 87' lang='lat' dir='ltr'>smus</span> <span class='ocrx_word' id='word_1_313' title='bbox 455 3312 554 3356; x_wconf 86' lang='lat' dir='ltr'>novum</span> <span class='ocrx_word' id='word_1_314' title='bbox 585 3295 726 3349; x_wconf 85' lang='lat' dir='ltr'>hominem</span> <span class='ocrx_word' id='word_1_315' title='bbox 753 3296 833 3361; x_wconf 66' lang='lat' dir='ltr'>facil,</span> <span class='ocrx_word' id='word_1_316' title='bbox 854 3302 882 3351; x_wconf 75' lang='grc' dir='ltr'>θῑ</span> <span class='ocrx_word' id='word_1_317' title='bbox 908 3309 941 3350; x_wconf 68' lang='lat' dir='ltr'>ex</span> <span class='ocrx_word' id='word_1_318' title='bbox 973 3311 1079 3360; x_wconf 87' lang='lat' dir='ltr'>tantum</span> <span class='ocrx_word' id='word_1_319' title='bbox 1105 3305 1215 3360; x_wconf 86' lang='lat' dir='ltr'>allertur</span> <span class='ocrx_word' id='word_1_320' title='bbox 1240 3305 1480 3372; x_wconf 82' lang='lat' dir='ltr'>sanctificationis,</span> <span class='ocrx_word' id='word_1_321' title='bbox 1510 3308 1559 3361; x_wconf 89' lang='lat' dir='ltr'>sed</span> 
     </span>
     <span class='ocr_line' id='line_1_33' title="bbox 352 3383 1561 3458; baseline 0.002 -13"><span class='ocrx_word' id='word_1_322' title='bbox 352 3397 410 3446; x_wconf 93' lang='lat' dir='ltr'>toto</span> <span class='ocrx_word' id='word_1_323' title='bbox 440 3398 540 3446; x_wconf 80' lang='lat' dir='ltr'>uotum</span> <span class='ocrx_word' id='word_1_324' title='bbox 573 3388 663 3445; x_wconf 60' lang='lat' dir='ltr'>creat,</span> <span class='ocrx_word' id='word_1_325' title='bbox 694 3383 819 3450; x_wconf 87' lang='lat' dir='ltr'>nihilque</span> <span class='ocrx_word' id='word_1_326' title='bbox 849 3383 877 3436; x_wconf 91' lang='lat' dir='ltr'>in</span> <span class='ocrx_word' id='word_1_327' title='bbox 907 3396 940 3438; x_wconf 73' lang='lat'>00</span> <span class='ocrx_word' id='word_1_328' title='bbox 974 3404 1044 3458; x_wconf 90' lang='lat' dir='ltr'>aqua</span> <span class='ocrx_word' id='word_1_329' title='bbox 1064 3392 1261 3446; x_wconf 89' lang='lat' dir='ltr'>determinatur</span> <span class='ocrx_word' id='word_1_330' title='bbox 1276 3393 1311 3445; x_wconf 90' lang='lat' dir='ltr'>ad</span> <span class='ocrx_word' id='word_1_331' title='bbox 1328 3405 1388 3445; x_wconf 86' lang='lat' dir='ltr'>eam</span> <span class='ocrx_word' id='word_1_332' title='bbox 1407 3392 1561 3458; x_wconf 91' lang='lat' dir='ltr'>impertien-</span> 
     </span>
     <span class='ocr_line' id='line_1_34' title="bbox 352 3467 1560 3545; baseline 0.002 -15"><span class='ocrx_word' id='word_1_333' title='bbox 352 3475 451 3530; x_wconf 87' lang='lat' dir='ltr'>veteris</span> <span class='ocrx_word' id='word_1_334' title='bbox 462 3467 581 3523; x_wconf 85' lang='lat' dir='ltr'>hominis</span> <span class='ocrx_word' id='word_1_335' title='bbox 593 3475 769 3533; x_wconf 87' lang='lat' dir='ltr'>reservatur,</span> <span class='ocrx_word' id='word_1_336' title='bbox 782 3481 836 3522; x_wconf 95' lang='lat' dir='ltr'>non</span> <span class='ocrx_word' id='word_1_337' title='bbox 851 3474 943 3536; x_wconf 81' lang='lat' dir='ltr'>potest</span> <span class='ocrx_word' id='word_1_338' title='bbox 974 3477 1037 3529; x_wconf 89' lang='lat' dir='ltr'>darn</span> <span class='ocrx_word' id='word_1_339' title='bbox 1048 3515 1056 3541; x_wconf 88' lang='lat'>,</span> <span class='ocrx_word' id='word_1_340' title='bbox 1067 3478 1277 3532; x_wconf 87' lang='lat' dir='ltr'>instrumentum</span> <span class='ocrx_word' id='word_1_341' title='bbox 1289 3479 1358 3532; x_wconf 90' lang='lat' dir='ltr'>lacta</span> <span class='ocrx_word' id='word_1_342' title='bbox 1372 3479 1486 3545; x_wconf 83' lang='lat' dir='ltr'>Spiritus</span> <span class='ocrx_word' id='word_1_343' title='bbox 1498 3492 1560 3533; x_wconf 89' lang='lat' dir='ltr'>san·</span> 
     </span>
     <span class='ocr_line' id='line_1_35' title="bbox 352 3552 1560 3629; baseline 0.003 -15"><span class='ocrx_word' id='word_1_344' title='bbox 352 3570 423 3614; x_wconf 87' lang='lat' dir='ltr'>noro</span> <span class='ocrx_word' id='word_1_345' title='bbox 439 3552 583 3620; x_wconf 69' lang='lat' dir='ltr'>imputari,</span> <span class='ocrx_word' id='word_1_346' title='bbox 605 3554 681 3620; x_wconf 84' lang='lat' dir='ltr'>qnod</span> <span class='ocrx_word' id='word_1_347' title='bbox 697 3554 725 3605; x_wconf 81' lang='lat' dir='ltr'>tn</span> <span class='ocrx_word' id='word_1_348' title='bbox 749 3553 836 3607; x_wconf 79' lang='lat' dir='ltr'>veteri</span> <span class='ocrx_word' id='word_1_349' title='bbox 853 3567 942 3618; x_wconf 84' lang='lat' dir='ltr'>quon·</span> <span class='ocrx_word' id='word_1_350' title='bbox 975 3562 1020 3614; x_wconf 82' lang='lat' dir='ltr'>cti.</span> <span class='ocrx_word' id='word_1_351' title='bbox 1039 3562 1144 3627; x_wconf 70' lang='lat' dir='ltr'>opums</span> <span class='ocrx_word' id='word_1_352' title='bbox 1163 3564 1331 3629; x_wconf 76' lang='lat' dir='ltr'>nugusunus</span> <span class='ocrx_word' id='word_1_353' title='bbox 1349 3564 1385 3616; x_wconf 84' lang='lat' dir='ltr'>au</span> <span class='ocrx_word' id='word_1_354' title='bbox 1398 3579 1405 3616; x_wconf 74' lang='grc' dir='ltr'>ι</span> <span class='ocrx_word' id='word_1_355' title='bbox 1419 3583 1435 3613; x_wconf 82' lang='lat'>«</span> <span class='ocrx_word' id='word_1_356' title='bbox 1446 3565 1560 3619; x_wconf 77' lang='lat' dir='ltr'>notram</span> 
     </span>
     <span class='ocr_line' id='line_1_36' title="bbox 355 3638 1559 3716; baseline 0.003 -19"><span class='ocrx_word' id='word_1_357' title='bbox 355 3645 417 3697; x_wconf 93' lang='lat' dir='ltr'>dam</span> <span class='ocrx_word' id='word_1_358' title='bbox 443 3640 503 3694; x_wconf 85' lang='lat' dir='ltr'>luit.</span> <span class='ocrx_word' id='word_1_359' title='bbox 533 3658 547 3686; x_wconf 71' lang='lat' dir='ltr'>a</span> <span class='ocrx_word' id='word_1_360' title='bbox 584 3675 766 3692; x_wconf 85' lang='lat'>·····</span> <span class='ocrx_word' id='word_1_361' title='bbox 803 3656 816 3684; x_wconf 72' lang='lat'>¹</span> <span class='ocrx_word' id='word_1_362' title='bbox 844 3638 941 3690; x_wconf 67' lang='lat' dir='ltr'>Omnia</span> <span class='ocrx_word' id='word_1_363' title='bbox 974 3647 1139 3711; x_wconf 75' lang='lat' dir='ltr'>verbumst</span> <span class='ocrx_word' id='word_1_364' title='bbox 1157 3646 1223 3713; x_wconf 92' lang='lat' dir='ltr'>quid</span> <span class='ocrx_word' id='word_1_365' title='bbox 1243 3653 1285 3701; x_wconf 89' lang='lat' dir='ltr'>est</span> <span class='ocrx_word' id='word_1_366' title='bbox 1309 3661 1380 3715; x_wconf 89' lang='lat' dir='ltr'>aqua</span> <span class='ocrx_word' id='word_1_367' title='bbox 1398 3649 1451 3701; x_wconf 93' lang='lat' dir='ltr'>nisi</span> <span class='ocrx_word' id='word_1_368' title='bbox 1466 3649 1559 3716; x_wconf 82' lang='lat' dir='ltr'>aquai</span> 
     </span>
    </p>
   </div>
   <div class='ocr_carea' id='block_1_3' title="bbox 353 3723 1561 3887">
    <p class='ocr_par' dir='ltr' id='par_1_3' title="bbox 353 3723 1561 3887">
     <span class='ocr_line' id='line_1_37' title="bbox 354 3723 1561 3799; baseline -0.004 -7"><span class='ocrx_word' id='word_1_369' title='bbox 354 3727 462 3792; x_wconf 65' lang='lat' dir='ltr'>(induit)</span> <span class='ocrx_word' id='word_1_370' title='bbox 496 3724 578 3778; x_wconf 73' lang='lat' dir='ltr'>110bi⁵</span> <span class='ocrx_word' id='word_1_371' title='bbox 609 3724 637 3777; x_wconf 64' lang='lat'>1¹¹</span> <span class='ocrx_word' id='word_1_372' title='bbox 674 3723 838 3789; x_wconf 66' lang='lat' dir='ltr'>fflllismile</span> <span class='ocrx_word' id='word_1_373' title='bbox 875 3736 943 3776; x_wconf 77' lang='lat'><strong>00¹¹·</strong></span> <span class='ocrx_word' id='word_1_374' title='bbox 975 3731 1080 3784; x_wconf 88' lang='lat' dir='ltr'>accedit</span> <span class='ocrx_word' id='word_1_375' title='bbox 1104 3731 1216 3785; x_wconf 88' lang='lat' dir='ltr'>verbum</span> <span class='ocrx_word' id='word_1_376' title='bbox 1235 3733 1269 3785; x_wconf 92' lang='lat' dir='ltr'>ad</span> <span class='ocrx_word' id='word_1_377' title='bbox 1289 3734 1512 3799; x_wconf 84' lang='lat' dir='ltr'>elementum,et</span> <span class='ocrx_word' id='word_1_378' title='bbox 1532 3734 1561 3787; x_wconf 88' lang='lat' dir='ltr'>dt</span> 
     </span>
     <span class='ocr_line' id='line_1_38' title="bbox 353 3807 1247 3887; baseline -0.017 -21"><span class='ocrx_word' id='word_1_379' title='bbox 353 3814 453 3887; x_wconf 74' lang='lat' dir='ltr'>donata</span> <span class='ocrx_word' id='word_1_380' title='bbox 471 3816 536 3863; x_wconf 89' lang='lat' dir='ltr'>sunt</span> <span class='ocrx_word' id='word_1_381' title='bbox 557 3810 669 3864; x_wconf 90' lang='lat' dir='ltr'>crimina</span> <span class='ocrx_word' id='word_1_382' title='bbox 695 3824 701 3859; x_wconf 94' lang='lat'>:</span> <span class='ocrx_word' id='word_1_383' title='bbox 732 3821 784 3860; x_wconf 90' lang='lat' dir='ltr'>nec</span> <span class='ocrx_word' id='word_1_384' title='bbox 806 3812 868 3872; x_wconf 86' lang='lat' dir='ltr'>post</span> <span class='ocrx_word' id='word_1_385' title='bbox 900 3807 943 3859; x_wconf 92' lang='lat' dir='ltr'>in·</span> <span class='ocrx_word' id='word_1_386' title='bbox 975 3818 1189 3870; x_wconf 51' lang='lat' dir='ltr'>sacramentum,</span> <span class='ocrx_word' id='word_1_387' title='bbox 1208 3816 1247 3866; x_wconf 74' lang='lat' dir='ltr'>„a</span> 
     </span>
    </p>
   </div>
   <div class='ocr_carea' id='block_1_4' title="bbox 353 3893 1564 4395">
    <p class='ocr_par' dir='ltr' id='par_1_4' title="bbox 353 3893 1564 4395">
     <span class='ocr_line' id='line_1_39' title="bbox 353 3893 1561 3970; baseline 0.002 -18"><span class='ocrx_word' id='word_1_388' title='bbox 353 3897 530 3964; x_wconf 81' lang='lat' dir='ltr'>dulgentiam,</span> <span class='ocrx_word' id='word_1_389' title='bbox 554 3895 654 3964; x_wconf 87' lang='lat' dir='ltr'>judicis</span> <span class='ocrx_word' id='word_1_390' title='bbox 675 3900 718 3948; x_wconf 91' lang='lat' dir='ltr'>est</span> <span class='ocrx_word' id='word_1_391' title='bbox 737 3893 884 3946; x_wconf 88' lang='lat' dir='ltr'>metuenda</span> <span class='ocrx_word' id='word_1_392' title='bbox 898 3906 941 3945; x_wconf 87' lang='lat' dir='ltr'>se·</span> <span class='ocrx_word' id='word_1_393' title='bbox 1010 3903 1067 3953; x_wconf 76' lang='lat' dir='ltr'>lit.</span> <span class='ocrx_word' id='word_1_394' title='bbox 1092 3901 1150 3968; x_wconf 78' lang='lat' dir='ltr'>cuj.</span> <span class='ocrx_word' id='word_1_395' title='bbox 1181 3903 1206 3954; x_wconf 68' lang='grc' dir='ltr'>Ξ.</span> <span class='ocrx_word' id='word_1_396' title='bbox 1233 3906 1291 3957; x_wconf 85' lang='lat' dir='ltr'>Non</span> <span class='ocrx_word' id='word_1_397' title='bbox 1320 3904 1380 3970; x_wconf 88' lang='lat' dir='ltr'>ipsa</span> <span class='ocrx_word' id='word_1_398' title='bbox 1409 3904 1561 3970; x_wconf 91' lang='lat' dir='ltr'>Baptismus</span> 
     </span>
     <span class='ocr_line' id='line_1_40' title="bbox 353 3977 1562 4054; baseline -0.007 -3"><span class='ocrx_word' id='word_1_399' title='bbox 353 3982 466 4039; x_wconf 60' lang='lat' dir='ltr'>verilis»</span> <span class='ocrx_word' id='word_1_400' title='bbox 492 3981 600 4035; x_wconf 61' lang='lat' dir='ltr'>(¹5⁰0ssoe</span> <span class='ocrx_word' id='word_1_401' title='bbox 621 3980 750 4046; x_wconf 79' lang='lat' dir='ltr'>apostolo</span> <span class='ocrx_word' id='word_1_402' title='bbox 770 3993 777 4030; x_wconf 91' lang='lat'><strong>:</strong></span> <span class='ocrx_word' id='word_1_403' title='bbox 798 3998 811 4024; x_wconf 61' lang='grc' dir='ltr'><strong>α</strong></span> <span class='ocrx_word' id='word_1_404' title='bbox 832 3980 865 4030; x_wconf 67' lang='lat' dir='ltr'>El</span> <span class='ocrx_word' id='word_1_405' title='bbox 883 3977 942 4030; x_wconf 66' lang='lat' dir='ltr'>¹¹aess</span> <span class='ocrx_word' id='word_1_406' title='bbox 976 3986 1150 4052; x_wconf 73' lang='lat' dir='ltr'>quidamst,</span> <span class='ocrx_word' id='word_1_407' title='bbox 1173 3988 1220 4040; x_wconf 88' lang='lat' dir='ltr'>sed</span> <span class='ocrx_word' id='word_1_408' title='bbox 1242 3988 1313 4041; x_wconf 86' lang='lat' dir='ltr'>fides</span> <span class='ocrx_word' id='word_1_409' title='bbox 1338 3989 1562 4054; x_wconf 85' lang='lat' dir='ltr'>conscientiaque</span> 
     </span>
     <span class='ocr_line' id='line_1_41' title="bbox 354 4062 1563 4139; baseline -0.007 -5"><span class='ocrx_word' id='word_1_410' title='bbox 354 4067 495 4133; x_wconf 77' lang='lat' dir='ltr'>»quidem</span> <span class='ocrx_word' id='word_1_411' title='bbox 519 4066 631 4131; x_wconf 81' lang='lat' dir='ltr'>rursus,</span> <span class='ocrx_word' id='word_1_412' title='bbox 658 4066 707 4118; x_wconf 80' lang='lat' dir='ltr'>sed</span> <span class='ocrx_word' id='word_1_413' title='bbox 730 4064 815 4117; x_wconf 81' lang='lat' dir='ltr'>aoros</span> <span class='ocrx_word' id='word_1_414' title='bbox 841 4062 908 4116; x_wconf 81' lang='lat' dir='ltr'>esus</span> <span class='ocrx_word' id='word_1_415' title='bbox 932 4077 939 4114; x_wconf 75' lang='grc' dir='ltr'><strong>ε</strong></span> <span class='ocrx_word' id='word_1_416' title='bbox 975 4072 1150 4139; x_wconf 57' lang='grc' dir='ltr'>ῡοηηυκια</span> <span class='ocrx_word' id='word_1_417' title='bbox 1168 4072 1234 4125; x_wconf 81' lang='lat' dir='ltr'>rouo</span> <span class='ocrx_word' id='word_1_418' title='bbox 1249 4073 1363 4126; x_wconf 60' lang='lat' dir='ltr'>petrin</span> <span class='ocrx_word' id='word_1_419' title='bbox 1382 4075 1563 4127; x_wconf 73' lang='lat' dir='ltr'>conscientie</span> 
     </span>
     <span class='ocr_line' id='line_1_42' title="bbox 354 4148 1564 4225; baseline -0.01 -1"><span class='ocrx_word' id='word_1_420' title='bbox 354 4153 437 4207; x_wconf 56' lang='lat' dir='ltr'>&#39;led</span> <span class='ocrx_word' id='word_1_421' title='bbox 464 4152 625 4207; x_wconf 62' lang='lat' dir='ltr'>Wiffifflfi</span> <span class='ocrx_word' id='word_1_422' title='bbox 657 4151 743 4213; x_wconf 62' lang='grc' dir='ltr'><strong>θδῑὶῦν</strong></span> <span class='ocrx_word' id='word_1_423' title='bbox 765 4149 813 4203; x_wconf 64' lang='lat' dir='ltr'>Sed</span> <span class='ocrx_word' id='word_1_424' title='bbox 841 4148 941 4216; x_wconf 62' lang='lat' dir='ltr'>lusim-</span> <span class='ocrx_word' id='word_1_425' title='bbox 975 4157 1384 4225; x_wconf 76' lang='lat' dir='ltr'>bonaeinterrogatioinltoum.</span> <span class='ocrx_word' id='word_1_426' title='bbox 1400 4158 1564 4212; x_wconf 66' lang='lat' dir='ltr'>»insonuit</span> 
     </span>
     <span class='ocr_line' id='line_1_43' title="bbox 354 4234 1564 4309; baseline -0.009 -2"><span class='ocrx_word' id='word_1_427' title='bbox 354 4259 367 4286; x_wconf 82' lang='lat'>¹·</span> <span class='ocrx_word' id='word_1_428' title='bbox 387 4239 439 4292; x_wconf 62' lang='lat' dir='ltr'>⁰³st</span> <span class='ocrx_word' id='word_1_429' title='bbox 463 4240 530 4293; x_wconf 61' lang='lat'><strong>0⁸11!</strong></span> <span class='ocrx_word' id='word_1_430' title='bbox 554 4239 582 4291; x_wconf 93' lang='lat' dir='ltr'>in</span> <span class='ocrx_word' id='word_1_431' title='bbox 609 4237 722 4291; x_wconf 64' lang='lat' dir='ltr'>immine</span> <span class='ocrx_word' id='word_1_432' title='bbox 737 4234 850 4289; x_wconf 63' lang='lat' dir='ltr'>‘utimini</span> <span class='ocrx_word' id='word_1_433' title='bbox 876 4237 940 4288; x_wconf 71' lang='lat' dir='ltr'>lesu</span> <span class='ocrx_word' id='word_1_434' title='bbox 975 4243 1105 4296; x_wconf 89' lang='lat' dir='ltr'>continuo</span> <span class='ocrx_word' id='word_1_435' title='bbox 1125 4244 1239 4307; x_wconf 85' lang='lat' dir='ltr'>Petrus,</span> <span class='ocrx_word' id='word_1_436' title='bbox 1256 4244 1393 4309; x_wconf 89' lang='lat' dir='ltr'>Baptisma</span> <span class='ocrx_word' id='word_1_437' title='bbox 1417 4243 1483 4296; x_wconf 93' lang='lat' dir='ltr'>illud</span> <span class='ocrx_word' id='word_1_438' title='bbox 1508 4255 1564 4298; x_wconf 92' lang='lat' dir='ltr'>non</span> 
     </span>
     <span class='ocr_line' id='line_1_44' title="bbox 353 4321 1564 4395; baseline -0.008 -4"><span class='ocrx_word' id='word_1_439' title='bbox 353 4343 367 4372; x_wconf 83' lang='lat'>¹·</span> <span class='ocrx_word' id='word_1_440' title='bbox 386 4323 504 4389; x_wconf 60' lang='lat' dir='ltr'>Christi,</span> <span class='ocrx_word' id='word_1_441' title='bbox 528 4330 556 4378; x_wconf 73' lang='grc' dir='ltr'>θῑ</span> <span class='ocrx_word' id='word_1_442' title='bbox 573 4324 601 4377; x_wconf 72' lang='grc' dir='ltr'>ἰῦ</span> <span class='ocrx_word' id='word_1_443' title='bbox 621 4323 722 4392; x_wconf 85' lang='lat' dir='ltr'>Spiritu</span> <span class='ocrx_word' id='word_1_444' title='bbox 739 4321 786 4375; x_wconf 64' lang='lat'>⁰05</span> <span class='ocrx_word' id='word_1_445' title='bbox 807 4321 906 4375; x_wconf 70' lang='lat' dir='ltr'>¹¹0⁸lri·</span> <span class='ocrx_word' id='word_1_446' title='bbox 926 4341 939 4368; x_wconf 84' lang='lat'>¹·</span> <span class='ocrx_word' id='word_1_447' title='bbox 976 4343 1037 4383; x_wconf 90' lang='lat' dir='ltr'>esse</span> <span class='ocrx_word' id='word_1_448' title='bbox 1066 4329 1266 4395; x_wconf 87' lang='lat' dir='ltr'>depositionem</span> <span class='ocrx_word' id='word_1_449' title='bbox 1298 4329 1420 4383; x_wconf 89' lang='lat' dir='ltr'>sordium</span> <span class='ocrx_word' id='word_1_450' title='bbox 1453 4329 1564 4394; x_wconf 87' lang='lat' dir='ltr'>carnis,</span> 
     </span>
    </p>
   </div>
   <div class='ocr_carea' id='block_1_5' title="bbox 358 4573 1278 4866">
    <p class='ocr_par' dir='ltr' id='par_1_5' title="bbox 379 4573 1278 4799">
     <span class='ocr_line' id='line_1_45' title="bbox 380 4573 1224 4644; baseline -0.024 -13"><span class='ocrx_word' id='word_1_451' title='bbox 380 4590 408 4644; x_wconf 81' lang='lat' dir='ltr'>(t)</span> <span class='ocrx_word' id='word_1_452' title='bbox 418 4590 443 4631; x_wconf 82' lang='lat' dir='ltr'>i..</span> <span class='ocrx_word' id='word_1_453' title='bbox 451 4589 478 4630; x_wconf 85' lang='lat' dir='ltr'>de</span> <span class='ocrx_word' id='word_1_454' title='bbox 485 4589 520 4630; x_wconf 77' lang='lat' dir='ltr'>iris</span> <span class='ocrx_word' id='word_1_455' title='bbox 531 4586 569 4641; x_wconf 91' lang='lat' dir='ltr'>qni</span> <span class='ocrx_word' id='word_1_456' title='bbox 577 4585 690 4629; x_wconf 80' lang='lat' dir='ltr'>initiantur</span> <span class='ocrx_word' id='word_1_457' title='bbox 699 4596 719 4626; x_wconf 85' lang='lat' dir='ltr'>c.</span> <span class='ocrx_word' id='word_1_458' title='bbox 728 4583 762 4624; x_wconf 91' lang='lat' dir='ltr'>iii.</span> <span class='ocrx_word' id='word_1_459' title='bbox 1004 4573 1029 4627; x_wconf 73' lang='lat' dir='ltr'>lt)</span> <span class='ocrx_word' id='word_1_460' title='bbox 1043 4575 1095 4615; x_wconf 87' lang='lat' dir='ltr'>lntt.</span> <span class='ocrx_word' id='word_1_461' title='bbox 1111 4573 1126 4614; x_wconf 89' lang='lat' dir='ltr'>l.</span> <span class='ocrx_word' id='word_1_462' title='bbox 1136 4574 1164 4614; x_wconf 87' lang='lat' dir='ltr'>ir.</span> <span class='ocrx_word' id='word_1_463' title='bbox 1173 4585 1194 4612; x_wconf 93' lang='lat' dir='ltr'>n.</span> <span class='ocrx_word' id='word_1_464' title='bbox 1204 4578 1224 4613; x_wconf 76' lang='lat' dir='ltr'>t.</span> 
     </span>
     <span class='ocr_line' id='line_1_46' title="bbox 379 4653 1278 4721; baseline -0.02 -11"><span class='ocrx_word' id='word_1_465' title='bbox 379 4668 405 4721; x_wconf 61' lang='grc' dir='ltr'>(ι)</span> <span class='ocrx_word' id='word_1_466' title='bbox 415 4669 439 4709; x_wconf 93' lang='lat' dir='ltr'>ln</span> <span class='ocrx_word' id='word_1_467' title='bbox 448 4668 509 4709; x_wconf 80' lang='lat' dir='ltr'>loun.</span> <span class='ocrx_word' id='word_1_468' title='bbox 519 4667 534 4708; x_wconf 92' lang='lat' dir='ltr'>l.</span> <span class='ocrx_word' id='word_1_469' title='bbox 544 4667 571 4708; x_wconf 90' lang='lat' dir='ltr'>ll.</span> <span class='ocrx_word' id='word_1_470' title='bbox 580 4677 599 4706; x_wconf 84' lang='lat' dir='ltr'>c.</span> <span class='ocrx_word' id='word_1_471' title='bbox 609 4664 653 4706; x_wconf 82' lang='lat' dir='ltr'>xiii.</span> <span class='ocrx_word' id='word_1_472' title='bbox 1003 4654 1029 4706; x_wconf 74' lang='lat'>(³)</span> <span class='ocrx_word' id='word_1_473' title='bbox 1043 4655 1112 4694; x_wconf 81' lang='lat' dir='ltr'>Tract.</span> <span class='ocrx_word' id='word_1_474' title='bbox 1122 4653 1175 4693; x_wconf 83' lang='lat' dir='ltr'>lux.</span> <span class='ocrx_word' id='word_1_475' title='bbox 1184 4653 1206 4692; x_wconf 91' lang='lat' dir='ltr'>in</span> <span class='ocrx_word' id='word_1_476' title='bbox 1219 4653 1278 4694; x_wconf 81' lang='lat' dir='ltr'>loun.</span> 
     </span>
     <span class='ocr_line' id='line_1_47' title="bbox 386 4727 1168 4799; baseline -0.022 -11"><span class='ocrx_word' id='word_1_477' title='bbox 386 4747 405 4799; x_wconf 73' lang='lat'>⁸)</span> <span class='ocrx_word' id='word_1_478' title='bbox 417 4747 559 4799; x_wconf 78' lang='lat' dir='ltr'>Hieronymus</span> <span class='ocrx_word' id='word_1_479' title='bbox 568 4746 653 4788; x_wconf 80' lang='lat' dir='ltr'>Oceano</span> <span class='ocrx_word' id='word_1_480' title='bbox 668 4743 704 4785; x_wconf 88' lang='lat' dir='ltr'>lol.</span> <span class='ocrx_word' id='word_1_481' title='bbox 717 4747 761 4783; x_wconf 79' lang='lat' dir='ltr'>itti.</span> <span class='ocrx_word' id='word_1_482' title='bbox 777 4745 830 4783; x_wconf 83' lang='lat' dir='ltr'>lom.</span> <span class='ocrx_word' id='word_1_483' title='bbox 846 4737 879 4780; x_wconf 87' lang='lat' dir='ltr'>iii.</span> <span class='ocrx_word' id='word_1_484' title='bbox 893 4737 944 4779; x_wconf 85' lang='lat' dir='ltr'>edit.</span> <span class='ocrx_word' id='word_1_485' title='bbox 1003 4729 1029 4781; x_wconf 73' lang='lat' dir='ltr'>(tl</span> <span class='ocrx_word' id='word_1_486' title='bbox 1044 4729 1087 4770; x_wconf 77' lang='lat' dir='ltr'>Pel·</span> <span class='ocrx_word' id='word_1_487' title='bbox 1095 4727 1126 4768; x_wconf 81' lang='lat' dir='ltr'>iii·</span> <span class='ocrx_word' id='word_1_488' title='bbox 1137 4733 1168 4767; x_wconf 72' lang='lat' dir='ltr'>tl·</span> 
     </span>
    </p>

    <p class='ocr_par' dir='ltr' id='par_1_6' title="bbox 358 4823 572 4866">
     <span class='ocr_line' id='line_1_48' title="bbox 358 4823 572 4866; baseline -0.014 0"><span class='ocrx_word' id='word_1_489' title='bbox 358 4825 424 4866; x_wconf 77' lang='lat' dir='ltr'>ilarii.</span> <span class='ocrx_word' id='word_1_490' title='bbox 437 4835 473 4865; x_wconf 84' lang='lat' dir='ltr'>an.</span> <span class='ocrx_word' id='word_1_491' title='bbox 481 4823 572 4865; x_wconf 71' lang='lat' dir='ltr'>llilxvl.</span> 
     </span>
    </p>
   </div>
   <div class='ocr_carea' id='block_1_6' title="bbox 0 0 1914 5550">
    <p class='ocr_par' dir='ltr' id='par_1_7' title="bbox 0 0 1914 5550">
     <span class='ocr_line' id='line_1_49' title="bbox 0 0 1914 5550; baseline 0 0"><span class='ocrx_word' id='word_1_492' title='bbox 0 0 1914 5550; x_wconf 95' lang='lat' dir='ltr'> </span> 
     </span>
    </p>
   </div>
  </div>
 </body>
</html>
