3792 5550
367 508 400 558 ⁴⁴2
765 506 880 560 tuter.
898 504 939 559 tt.
961 508 1002 559 DE
1021 498 1188 561 admistio.

371 624 489 689 prelatio
500 632 581 689 quam
594 621 686 682 attuli,
700 620 857 685 neminem,
873 621 963 676 donec
996 623 1092 689 pinnt,
1102 622 1245 687 nequeunt
1259 621 1409 687 suscipere.
1422 624 1492 690 Ergo
1505 624 1592 678 uerba

371 715 519 763 renovatus
544 706 625 758 suerit
649 718 721 771 aqna
740 704 816 769 riva,
832 707 886 760 hoc
903 714 962 771 est,
997 707 1042 761 illa
1058 718 1114 762 non
1130 706 1248 773 probant
1267 706 1454 761 omnimodam
1472 710 1594 763 necessi·

300 849 305 859 ,
372 794 482 863 Spiritu,
492 789 685 857 posseingredi
697 790 724 842 in
734 783 850 859 regnum
860 790 958 846 liei.»¹
996 798 1089 846 tatem.

407 882 463 931 tili.
474 878 552 939 timp.
565 874 758 928 omnimodam
771 877 961 930 necessitatem
1026 878 1088 931 201.
1107 880 1188 947 desp.
1206 880 1373 934 universalis
1392 885 1435 931 est
1453 882 1590 933 sententia

372 976 449 1019 novae
471 961 619 1015 natiuitatis
641 962 793 1015 tradiderat
814 962 959 1025 christus,
995 977 1046 1018 neo
1055 966 1245 1031 exceptionem
1257 967 1313 1033 pati
1326 965 1443 1020 dicenda
1453 970 1512 1019 est:
1524 978 1590 1019 nam

371 1060 486 1113 eamque
502 1058 536 1099 eu
555 1059 625 1113 aqua
642 1054 670 1100 et
685 1048 785 1114 spiritu
802 1050 896 1100 sancio
913 1059 961 1098 ne·
995 1052 1094 1105 merito
1106 1058 1254 1107 censentur
1264 1066 1296 1106 ex
1307 1066 1378 1119 aqua
1392 1051 1467 1105 nasci
1477 1053 1593 1118 quiani-

371 1133 491 1188 cessario
508 1133 630 1199 pendere
640 1133 771 1200 deinceps
782 1132 884 1187 docuit.
899 1132 961 1183 Gra·
995 1148 1040 1191 mo
1059 1138 1172 1203 cupiunt
1190 1139 1280 1203 ablui,
1298 1140 1342 1191 vel
1359 1139 1406 1205 qui
1423 1140 1591 1205 sanguinem

371 1220 406 1274 tis
426 1218 526 1286 igitur,
549 1219 605 1274 imo
623 1227 718 1273 contra
737 1217 835 1272 christi
853 1216 960 1270 Domini
994 1218 1113 1277 iundunt
1133 1224 1161 1276 in
1190 1224 1379 1277 testimonium
1401 1226 1485 1287 iesu,
1512 1224 1591 1290 cujus

370 1304 574 1369 auctoritatem,
591 1306 716 1358 nativitas
733 1304 843 1370 lingitur
859 1302 960 1367 Spiritu
994 1307 1055 1373 lege
1070 1308 1182 1374 jubetur
1199 1314 1229 1361 ut
1245 1308 1399 1374 Baptismus
1411 1308 1588 1374 suscipiatur.

370 1390 475 1457 aesque
493 1402 564 1457 aqua
578 1390 682 1444 effecta.
697 1390 780 1442 Verba
792 1394 883 1441 autem
898 1387 960 1439 uui·
994 1393 1128 1445 Gaeterum
1147 1393 1170 1446 si
1193 1392 1380 1459 exceptionem
1401 1394 1508 1458 placeat
1526 1406 1589 1447 eam

369 1488 465 1530 versos
478 1477 645 1543 respiciunt,
659 1488 729 1541 ques
741 1474 856 1541 proinde
869 1474 959 1541 Bapti-
991 1490 1106 1542 uocare,
1117 1478 1149 1530 dt
1162 1478 1270 1531 christe
1283 1482 1411 1541 auctore,
1423 1484 1451 1531 et
1465 1478 1589 1533 testimo-

369 1576 431 1616 smo
444 1563 678 1629 oportetrenasei.
992 1564 1032 1616 nii
1055 1564 1097 1619 vis
1122 1564 1151 1617 in
1169 1564 1277 1618 eaeleris
1302 1564 1432 1618 omnibus
1459 1564 1589 1631 agnosci

404 1651 453 1701 liiii
483 1648 543 1713 in'.
559 1652 584 1700 5.
603 1648 658 1700 illis
672 1645 763 1701 verbis
782 1646 907 1699 chrislus
920 1647 958 1698 in·
990 1654 1044 1703 tur.

369 1731 670 1797 nnitneminemposse
683 1728 857 1783 invisibilem
870 1730 959 1783 Eccle
1024 1734 1082 1785 202.
1107 1734 1166 1799 eij.
1189 1737 1214 1787 5.
1237 1734 1360 1786 christus
1378 1734 1412 1785 ad
1434 1732 1589 1799 praedican-

369 1818 438 1871 siam
457 1816 563 1883 ingredi
576 1854 584 1880 ,
597 1816 649 1868 nisi
666 1814 806 1879 Baptismo
821 1831 827 1867 ε
841 1828 959 1882 regnum
991 1818 1057 1871 dum
1067 1820 1181 1872 mittens
1199 1820 1363 1885 apostolos,
1377 1820 1462 1885 jussit
1473 1818 1588 1885 quidem

369 1904 443 1957 enim
468 1903 597 1956 coelorum
626 1901 653 1951 in
680 1912 752 1953 nevo
782 1903 957 1955 Testamento
992 1908 1021 1955 ut
1038 1904 1226 1970 baptizarent,
1245 1904 1299 1957 hoc
1315 1904 1369 1956 ritu
1382 1904 1508 1957 homines
1520 1903 1587 1957 uisi·

371 1990 442 2043 hanc
457 1988 557 2055 saepius
572 1984 705 2051 designat.
719 1986 777 2039 lion
791 1986 853 2040 ideo
864 1992 956 2039 tamen
990 1988 1039 2040 bili
1052 1989 1181 2042 Ecclesiae
1197 1988 1327 2041 adscituri
1344 1996 1526 2041 :nontamen
1545 1988 1587 2040 iu-

369 2076 405 2128 ab
431 2078 577 2129 electorum
600 2077 673 2124 coetu
694 2073 876 2126 exeluduntur
898 2085 957 2126 om·
989 2074 1099 2126 teritum
1112 2074 1232 2126 minatus
1246 2074 1338 2127 estiis
1354 2072 1399 2139 qui
1414 2072 1585 2138 Baptismum

369 2175 420 2213 nes
433 2160 505 2212 haud
522 2158 714 2223 baptizati,uti
727 2157 846 2211 latentur
857 2158 956 2210 catho-
990 2159 1062 2211 haud
1091 2161 1282 2225 susciperent,
1311 2158 1462 2213 dummodo
1488 2159 1585 2212 crede·

346 2246 427 2308 lici,
455 2244 665 2297 catechumenos
688 2248 779 2296 morte
804 2246 956 2308 praereptos
989 2250 1064 2298 rent.

368 2343 424 2384 non
437 2330 566 2395 omnispe
575 2330 672 2381 salutis
681 2343 775 2382 carere
787 2330 920 2383 dicentes.
1020 2330 1080 2382 205.
1100 2330 1180 2397 Resp.
1199 2330 1322 2385 Christus
1336 2332 1505 2397 Baptismnm
1518 2345 1583 2385 eum

400 2418 457 2469 ltili.
469 2417 546 2480 llcrp.
556 2416 680 2482 Regnum
690 2416 823 2469 eoelerum
833 2416 956 2481 aliquan·
987 2414 1042 2469 fide
1052 2417 1085 2469 ad
1096 2418 1214 2469 salutem
1223 2418 1311 2483 exegit
1322 2432 1328 2467 :
1339 2437 1350 2463 n
1362 2417 1410 2480 Qui
1424 2416 1581 2482 crediderit,

365 2500 403 2555 do
421 2500 567 2554 Ecclesiam
590 2512 653 2565 quae
673 2501 701 2553 in
720 2502 800 2554 terris
818 2506 860 2554 est
879 2500 955 2552 desi·
987 2508 1014 2555 et
1027 2502 1180 2569 baptizatus
1190 2502 1286 2567 fuerit,
1298 2503 1391 2555 salvus
1403 2504 1472 2555 erit:
1484 2502 1582 2554 ›airaud

365 2594 448 2655 gnat,
466 2586 513 2638 sed
531 2591 558 2638 et
578 2600 693 2653 regnum
709 2588 839 2648 coeleste,
857 2584 885 2637 in
897 2598 953 2651 quo
986 2586 1109 2642 credenti
1127 2588 1247 2641 minatus
1265 2593 1309 2640 est
1327 2588 1467 2640 interitum
1483 2604 1489 2639 r
1503 2606 1519 2636 «
1532 2588 1582 2654 qui

364 2676 436 2726 Deus
452 2685 482 2725 se
495 2671 552 2723 suis
569 2672 735 2725 manifestat.
752 2674 790 2724 lie
803 2672 855 2723 hoc
868 2670 911 2737 agi
923 2669 954 2722 li·
985 2686 1051 2728 rere
1064 2687 1121 2728 non
1135 2672 1297 2737 crediderit,
1308 2673 1552 2735 condemnandum
1565 2694 1578 2720 a

364 2761 451 2825 quet:
470 2756 635 2810 Nicodamus
653 2758 726 2811 enim
745 2770 807 2810 eum
823 2755 952 2810 diuinitus
987 2758 1062 2813 siluit
1074 2766 1165 2813 autem
1182 2759 1217 2813 de
1231 2760 1362 2826 Baptismi
1380 2760 1501 2824 incuria,
1515 2759 1581 2826 quia

364 2843 458 2895 datum
476 2841 637 2906 magistrum
658 2855 830 2909 agnoscens,
847 2841 882 2894 de
900 2853 952 2893 sua
985 2845 1033 2910 qui
1045 2858 1104 2899 nen
1116 2844 1277 2908 crediderit,
1290 2857 1346 2896 non
1358 2847 1432 2895 esset
1443 2843 1581 2909 petiturus

365 2928 453 2979 salute
471 2925 611 2989 solicituS,
634 2926 700 2991 quid
721 2926 774 2978 sibi
795 2923 952 2978 iaciendum
986 2929 1164 2996 Baptismum.
1183 2929 1258 2992 opus
1281 2940 1338 2980 non
1360 2933 1418 2980 erat
1440 2932 1470 2980 ut
1488 2928 1523 2981 de
1542 2929 1579 2982 iis

364 3014 432 3066 soret
439 3012 581 3075 quaesiisse
591 3011 746 3064 censendus
756 3017 806 3063 est.
817 3013 951 3064 Praeterea
985 3019 1078 3082 ageret
1088 3051 1096 3076 ,
1108 3012 1154 3078 qni
1163 3011 1307 3064 credentes
1317 3009 1462 3065 differrent
1471 3013 1515 3066 vel
1528 3027 1579 3068 ne·

363 3097 478 3152 visibilis
490 3097 610 3150 Ecclesia
624 3097 687 3150 ideo
697 3102 798 3149 statuta
807 3102 849 3149 est
859 3103 889 3149 ut
900 3098 951 3150 lto·
985 3101 1118 3167 gligerent
1135 3097 1208 3150 huno
1227 3096 1327 3160 ritum,
1341 3110 1427 3163 quum
1438 3099 1495 3165 jam
1508 3099 1579 3152 iudi-

363 3186 450 3239 mines
459 3199 545 3254 regno
554 3185 952 3249 coelestiuerentidoneiideo-
983 3189 1073 3237 cassel
1086 3183 1194 3236 eumad
1208 3183 1325 3235 salutem
1334 3183 1447 3248 requiri.

362 3281 415 3338 qne
427 3274 486 3338 ejus
498 3273 620 3325 membra
635 3273 702 3324 iant
716 3284 830 3324 neeesse
846 3273 949 3339 estqui
1015 3269 1072 3321 iel.
1088 3267 1147 3335 (iij.
1161 3269 1186 3320 6.
1201 3267 1327 3320 conditio
1343 3267 1389 3320 illa
1403 3267 1500 3322 salutis
1516 3271 1576 3322 uni·

361 3357 533 3424 eoeligaudia
547 3369 706 3424 comparare
718 3357 950 3411 uelintllincsal·
981 3367 1076 3410 versos
1098 3343 1226 3410 homines
1246 3355 1392 3422 obligans,
1417 3355 1500 3410 etiam
1527 3357 1574 3423 qui

360 3443 949 3496 randosEcclesiaeadditosindiestestatur
982 3441 1017 3495 de
1040 3455 1072 3495 ea
1093 3455 1236 3508 nunquam
1259 3442 1422 3506 audierunt,
1448 3442 1496 3496 sed
1522 3455 1574 3497 nec

360 3528 550 3595 Evangelista,
573 3541 617 3580 res
642 3535 733 3594 gestas
753 3528 948 3596 Apostolorum
982 3526 1075 3579 audire
1105 3532 1270 3592 potuerunt,
1301 3527 1418 3580 infantes
1447 3527 1572 3593 scilieet,

359 3612 947 3682 narrans:nilominusautemangebateui
981 3617 1084 3666 temere
1107 3613 1255 3678 statuitur,
1283 3627 1368 3679 quum
1396 3613 1473 3668 nullo
1497 3615 1572 3669 olaro

359 3701 427 3754 salui
441 3701 536 3753 fierent
548 3700 670 3765 quotidie
683 3702 710 3754 in
721 3702 748 3755 id
761 3701 861 3768 ipsum.
873 3715 891 3748 >a
900 3699 946 3751 Vel
981 3697 1128 3765 scriptume
1140 3699 1298 3753 testimonio
1309 3700 1430 3765 nitatur,
1443 3705 1471 3754 et
1483 3702 1572 3755 aliena

360 3790 390 3837 nt
400 3785 500 3837 clarius
511 3784 597 3837 habet
609 3792 698 3839 textus
710 3793 837 3853 receptus
849 3799 856 3834 ε
879 3788 908 3833 ¹0
921 3783 947 3833 tl
982 3785 1017 3838 sit
1027 3799 1043 3839 a
1055 3787 1145 3842 divina
1155 3787 1267 3853 pietate.

359 3876 431 3942 rcipias·
450 3873 574 3939 sperari-iti
584 3875 633 3925 sair
649 3872 781 3934 σαζομίηυς
796 3871 855 3920 ηδ’
866 3867 946 3939 tricipiti
1008 3871 1072 3926 205·
1086 3873 1163 3938 Reep.
1175 3874 1234 3926 Non
1250 3873 1437 3926 temereillam
1451 3871 1571 3926 declam·

357 3969 382 4021 rr,
409 3961 527 4008 tata-oia.
558 3959 750 4012 catechumeni
781 3964 871 4008 autem
898 3957 945 4023 qui
979 3970 1041 4011 mus
1058 3959 1153 4012 salutis
1173 3956 1375 4024 conditionem,
1395 3959 1444 4011 sed
1462 3959 1569 4012 christo

359 4044 467 4098 sincero
490 4043 627 4097 desiderio
644 4044 812 4110 Baptismum
829 4048 943 4108 petunt,
980 4050 1091 4098 auctore
1104 4083 1112 4109 ,
1126 4046 1206 4110 cujus
1223 4043 1307 4097 verba
1322 4043 1360 4096 de
1378 4042 1509 4112 Baptismi
1523 4055 1571 4097 ne·

358 4131 393 4183 ad
409 4130 557 4184 Ecclesiam
570 4136 633 4183 voto
643 4134 669 4182 et
682 4128 774 4180 animo
787 4128 943 4193 pertinent,
979 4129 1106 4182 cessitate
1115 4133 1170 4184 tota
1182 4133 1255 4182 retro
1267 4129 1399 4182 intellexit
1409 4127 1568 4194 antiquitas.

357 4217 475 4282 ideoque
487 4229 543 4270 non
555 4222 643 4268 sunta
657 4227 706 4279 spe
718 4213 814 4265 salutis
824 4213 915 4266 alieni.
979 4217 1066 4279 Quum
1080 4215 1206 4270 homines
1222 4215 1328 4267 nullum
1341 4215 1387 4280 ius
1401 4213 1521 4267 habeant
1533 4214 1569 4266 ad

389 4301 449 4354 200.
467 4302 524 4368 Otrj.
543 4304 569 4352 it.
587 4298 779 4365 Exceptionem
797 4300 944 4354 admittunt
979 4301 1093 4368 gloriam
1122 4299 1374 4365 supernaturalem,
1401 4304 1431 4352 et
1454 4302 1568 4364 peceato

355 4387 485 4440 catholici
496 4387 587 4454 quoad
597 4397 645 4437 eos
655 4384 701 4450 qui
710 4386 869 4454 martyrium
882 4386 945 4439 sub·
978 4385 1335 4453 primorumparentnmfilii
1346 4384 1401 4438 sint
1411 4385 1468 4448 irie,
1482 4395 1568 4450 penes

357 4471 465 4541 ierunt,
483 4474 527 4527 vel
539 4470 586 4537 qui
602 4469 787 4538 Baptismum,
802 4487 883 4540 quem
896 4486 943 4527 cu·
977 4474 1113 4529 christum
1133 4477 1192 4530 erat
1211 4485 1272 4530 eam
1290 4479 1411 4529 statuere
1429 4469 1571 4527 conditio·

373 4739 403 4794 (l)
414 4737 509 4782 Institi.
518 4737 573 4779 irae·
582 4735 622 4778 rri-
632 4741 692 4778 net.
