3792 5550
635 596 703 648 car.
722 592 777 645 aar.
797 594 838 647 na
855 594 959 649 suune
975 591 1165 645 coanrnaru.
1470 598 1522 650 ωδ

302 707 337 761 de
350 708 464 777 Philippi
477 711 598 779 Apostoli
615 710 724 767 filiabus
743 712 811 765 dicit
833 712 890 765 Cle·
927 714 1107 773 senatumque
1116 706 1259 771 religionis
1269 709 1362 763 studio
1373 711 1519 776 Apostolos

303 797 694 862 mensAlexandrinus,error
711 806 891 868 est,qnuma
926 797 1037 861 aliquot
1060 792 1411 861 wmitobooiurroperom
1440 809 1521 849 suam

305 881 426 949 Philippo
439 884 556 938 diacono
566 922 574 949 ,
584 892 647 939 ante
660 885 840 939 ministerium
853 898 894 939 sa·
927 883 983 936 illis
1001 889 1149 946 natantes,
1162 889 1221 936 tum
1234 884 1261 936 iu
1274 898 1304 937 re
1316 885 1452 948 familiari,
1463 892 1520 937 tum

303 978 379 1019 crum
399 978 576 1038 susceptum,
597 973 697 1039 genitae
718 974 782 1027 sint.
804 972 837 1019 »ί
857 974 894 1027 pp
928 970 957 1022 in
976 969 1127 1023 edocendis
1139 969 1268 1022 ioeminis.
1284 971 1412 1034 Quamvis
1424 972 1521 1023 irarum

305 1054 382 1107 tetre
402 1064 564 1111 autemnon
581 1065 894 1126 constateumunquam
929 1058 1056 1123 quaedam
1081 1056 1116 1109 dc
1139 1070 1189 1108 sua
1213 1055 1365 1109 substantia
1384 1055 1521 1109 ministra-

305 1138 893 1213 tlliambabuisse,quampostapostolatum
930 1151 1006 1208 rent,
1019 1144 1080 1197 aliae
1101 1156 1179 1195 snam
1200 1149 1304 1195 tantum
1323 1154 1434 1209 operam
1455 1143 1522 1197 dare

305 1236 461 1294 susceptum
479 1230 599 1297 genitam
612 1243 667 1285 nou
686 1244 748 1285 esse
766 1245 799 1285 cx
818 1231 895 1285 testi·
929 1234 1069 1296 poterant,
1081 1228 1198 1296 ideoque
1216 1229 1522 1296 sumptusaugebantur

306 1314 397 1367 monio
412 1323 535 1369 veterum
556 1317 757 1383 exploratores
775 1318 895 1371 estete·
930 1328 1026 1369 earum
1035 1314 1181 1368 occasione
1201 1316 1336 1380 Equidem
1348 1315 1522 1367 orientalium

307 1409 385 1451 mens
409 1409 483 1455 certe
513 1414 567 1456 non
590 1404 645 1470 agit
669 1410 765 1458 eontra
783 1404 896 1457 emliba-
930 1408 958 1455 et
975 1402 1131 1455 Graecorum
1157 1414 1250 1454 mores
1275 1402 1521 1466 ejusmodierant,

307 1487 381 1549 tum,
396 1502 478 1554 quem
493 1489 620 1541 laudibus
632 1490 724 1555 potius
737 1488 833 1555 effert,
846 1490 896 1543 sed
932 1494 963 1541 ut
990 1489 1128 1555 Apostolis
1144 1501 1214 1555 opus
1236 1493 1308 1541 esset
1328 1498 1421 1541 earum
1445 1488 1523 1541 mini-

307 1578 399 1625 centra
420 1575 565 1627 baeretieos
578 1575 623 1640 qui
640 1575 896 1629 «dicuutnouesse
932 1576 1034 1639 sterio,
1058 1583 1085 1629 ct
1108 1589 1191 1643 opera
1211 1592 1218 1628 :
1237 1588 1291 1642 qua
1315 1580 1405 1628 tamen
1429 1587 1523 1628 carere

304 1652 507 1709 admittendum
523 1657 727 1710 matrimonium
750 1662 777 1711 et
799 1656 897 1711 libero
930 1662 1018 1717 voluit
1041 1661 1157 1724 Paulus,
1169 1675 1205 1714 ne
1227 1662 1304 1714 oneri
1323 1660 1452 1714 essem.
1464 1662 1522 1713 tion

305 1749 365 1789 rum
378 1742 653 1806 procreationem.»¹
933 1760 1033 1800 uxores
1060 1748 1232 1801 demonstrat
1254 1748 1288 1799 ab
1313 1747 1449 1812 Apostolis
1471 1746 1523 1799 eir·

337 1822 395 1877 2¹4·
417 1826 478 1893 Obj.
502 1830 527 1880 5.
556 1828 704 1893 Apostolus
735 1826 787 1880 sibl
814 1826 898 1881 licere
931 1833 1523 1898 cumductas,»animadvertitTertullianus,

305 1914 449 1965 contendit
462 1926 574 1966 uxorem
596 1927 690 1965 secum
710 1913 791 1966 etiam
814 1913 842 1965 in
855 1926 898 1965 sa·
932 1938 948 1967 u
961 1932 1030 1985 quas
1047 1924 1075 1971 et
1095 1919 1142 1984 qui
1161 1932 1216 1971 nou
1230 1918 1347 1981 babent,
1361 1924 1523 1985 potestatem

306 1993 360 2046 cris
373 1998 555 2052 missionibus
575 1998 799 2062 circumducere,
813 2010 898 2065 quum
933 2010 1026 2059 tamen
1042 2006 1224 2059 manducandi
1238 2014 1265 2059 et
1278 2006 1390 2059 bibendi
1404 2006 1523 2069 babent;
1571 2043 1574 2047 -

308 2084 445 2146 Apostolis
468 2084 576 2139 eaetcris
596 2086 622 2137 id
650 2085 677 2137 in
701 2098 778 2139 more
802 2090 898 2139 esset:
933 2091 982 2143 sed
1008 2091 1167 2157 simpliciter
1191 2092 1338 2155 mulieres,
1364 2104 1426 2158 quae
1451 2091 1523 2159 illis,

307 2185 325 2215 ε(
342 2170 477 2239 Numquid
499 2185 554 2225 nou
577 2173 711 2225 babemus
734 2176 899 2239 potestatem
933 2176 1031 2229 eodem
1046 2178 1171 2231 instituto
1187 2190 1242 2243 quo
1264 2182 1293 2230 et
1313 2178 1458 2229 bominum
1478 2162 1539 2229 eo?

309 2256 451 2311 mutierem
461 2270 583 2312 sororem
598 2257 832 2323 circumducendi,
847 2258 901 2311 sie·
933 2264 1080 2327 mitantes,
1096 2262 1316 2317 ministrabant·
1329 2260 1526 2316 Animadvertit

310 2345 340 2391 ut
352 2350 379 2395 et
398 2347 490 2399 caeteri
512 2347 651 2413 Apostoli,
677 2352 704 2400 et
725 2346 822 2400 iratres
848 2346 900 2399 llo-
934 2351 962 2401 S.
977 2349 1157 2417 Hieronymus
1171 2365 1177 2402 :
1191 2371 1204 2395 α
1218 2350 1267 2402 llbi
1278 2350 1313 2402 de
1330 2348 1524 2413 comedendo,

309 2426 389 2489 mini,
405 2439 432 2485 et
443 2434 567 2499 cephas?
579 2454 591 2479 n
603 2433 680 2487 ’Hoc
692 2434 726 2487 de
738 2433 900 2487 mulieribus
933 2440 962 2489 et
973 2436 1104 2497 bibendo,
1113 2450 1145 2489 ac
1157 2436 1192 2489 dc
1204 2436 1441 2488 administratione
1450 2448 1524 2487 sum-

308 2512 380 2578 pus,
396 2518 431 2571 de
450 2533 499 2571 sua
518 2519 670 2571 substantia
692 2519 829 2584 Apostolis
853 2520 902 2570 mi·
933 2527 1030 2587 pinum
1050 2521 1240 2586 pramittitur,
1259 2526 1287 2573 et
1307 2521 1341 2573 de
1363 2520 1525 2573 mulieribus

310 2597 507 2667 nistrantibus,
523 2617 576 2656 non
588 2610 679 2669 potest
691 2603 822 2669 intelligi;
837 2616 901 2654 nam
926 2605 1077 2659 sororibus
1089 2605 1217 2667 infertur,
1230 2606 1404 2671 perspicuum
1417 2611 1526 2657 estnon

308 2705 438 2751 septuplo,
457 2690 675 2753 circumducere,
694 2702 792 2753 nempe
816 2688 844 2739 in
861 2688 902 2740 itt·
935 2702 1037 2743 uaores
1056 2690 1158 2743 debere
1182 2691 1312 2757 intelligi,
1325 2691 1373 2743 sed
1399 2702 1446 2742 eas
1463 2701 1525 2755 quae

309 2771 444 2846 neribus,
457 2776 593 2842 estlougc
612 2774 685 2827 atiud
697 2811 705 2838 ,
718 2786 800 2839 quom
819 2778 849 2826 ut
867 2772 902 2828 de
935 2777 1029 2830 desua
1048 2776 1200 2830 substantia
1214 2777 1414 2830 ministrabant.
1428 2774 1460 2822 »7

309 2857 457 2912 mulierum
471 2861 567 2913 harum
587 2860 685 2913 studiis
700 2859 827 2926 explicari
842 2873 903 2926 pos·
968 2863 1027 2916 ato.
1048 2862 1108 2930 obj·
1127 2864 1152 2915 4.
1172 2865 1273 2916 saltem
1291 2865 1400 2916 Petrum
1412 2875 1525 2916 uxorem

311 2939 355 2993 sit.
369 2947 498 3009 Accedit,
512 2947 586 3013 quod
605 2947 704 2998 Paulus
726 2947 761 2998 de
784 2946 902 3012 publicis
935 2949 1153 3003 circumduxisse
1176 2940 1299 3013 constat,
1324 2951 1394 3003 adeo
1416 2955 1446 3002 ut
1468 2951 1527 3016 ejus

311 3033 467 3096 sumptibus
490 3039 596 3087 tractat.
623 3035 715 3086 lnuuit
729 3032 830 3099 igitur,
849 3033 902 3086 sibi
935 3035 1081 3089 coelibatus
1099 3041 1161 3101 post
1178 3036 1348 3090 vocationem
1363 3035 1396 3088 ad
1416 3042 1526 3100 apost-o·

309 3125 467 3183 competere
481 3121 527 3186 ius
540 3120 712 3186 postulandi,
731 3125 761 3172 ut
775 3133 829 3173 uon
843 3125 903 3173 tan·
935 3121 1021 3173 latum
1033 3122 1118 3187 gratis
1130 3123 1265 3188 tingatur,
1279 3123 1334 3176 imo
1346 3121 1440 3176 contra
1452 3120 1526 3174 Pauli

311 3204 369 3254 tum
388 3206 461 3273 ipsc,
477 3207 525 3260 sed
541 3207 622 3259 etiarn
641 3219 727 3270 uxor,
748 3219 829 3272 quam
854 3207 904 3258 ba·
936 3205 1134 3258 testimonium.
1164 3227 1176 3252 a
1203 3208 1321 3269 Petrus,
1345 3214 1375 3259 ut
1400 3208 1526 3260 Clemens

312 3283 378 3344 bore
397 3293 485 3360 possit
504 3293 648 3358 comitem,
661 3293 695 3345 ab
708 3291 837 3346 Ecclesiis
851 3293 904 3346 ale·
937 3290 1135 3343 Alexandrinus
1145 3291 1163 3341 l.
1176 3291 1221 3343 vii.
1231 3305 1263 3342 ea
1277 3291 1422 3343 traditione
1434 3291 1525 3354 refert,

312 3378 395 3427 retur.
410 3379 436 3430 si
460 3390 524 3432 vero
544 3379 578 3430 ad
604 3377 673 3429 tales
691 3377 822 3430 mulieres
839 3388 903 3442 pro·
937 3376 1051 3428 u'xerem
1071 3388 1148 3427 suam
1174 3376 1303 3430 comitem
1329 3377 1424 3430 babuit
1447 3377 1527 3430 itinc-

311 3467 438 3517 vocasset
455 3463 903 3530 quaesinesumptulicolcsiarum,
936 3475 1014 3521 rum,
1028 3475 1091 3529 quae
1113 3468 1140 3516 et
1160 3477 1252 3516 eoram
1272 3464 1332 3530 ipso
1353 3464 1388 3516 ad
1408 3466 1526 3517 mortem

312 3539 347 3608 do
365 3559 417 3604 suo
439 3549 577 3615 Apostolis
601 3554 628 3602 et
649 3548 778 3601 iratribus
798 3548 904 3601 bomini
937 3547 1019 3601 dueta
1031 3553 1083 3602 est.
1097 3569 1109 3595 n
1124 3551 1163 3602 lta
1175 3549 1396 3603 llosenmriller.⁸

311 3627 412 3686 rictum
422 3635 652 3701 suppeditassent,
666 3635 747 3701 plane
759 3649 808 3688 sua
822 3648 905 3688 eausa
972 3635 1031 3687 att.
1052 3637 1129 3702 Resp.
1150 3638 1186 3689 lie
1204 3638 1294 3703 Cepha
1315 3636 1362 3703 qui
1383 3635 1454 3702 apud
1476 3637 1527 3690 Go-

312 3719 458 3775 ceeidisset
479 3724 540 3775 nlla
552 3721 772 3777 lioscrrmiiller.⁸
937 3721 1055 3776 rintbios
1075 3735 1153 3775 suam
1172 3736 1283 3789 operam
1305 3722 1367 3775 tidei
1388 3719 1528 3775 diffusioni

346 3805 406 3859 215.
426 3809 503 3873 Resp.
523 3811 576 3862 Vox
599 3809 646 3861 illa
666 3822 722 3863 uon
735 3810 825 3864 obstat
839 3811 905 3877 quin
939 3809 1061 3873 navavit,
1074 3821 1129 3862 non
1148 3816 1223 3862 cerie
1235 3814 1358 3862 constat:
1378 3811 1442 3862 sunt
1454 3807 1528 3861 enim

315 3889 461 3952 Apostolus
480 3895 514 3946 de
528 3894 560 3945 iis
577 3894 740 3947 mulieribus
752 3895 827 3961 loqui
840 3907 905 3948 cen·
938 3894 985 3962 qui
998 3909 1089 3948 cuma
1106 3895 1185 3947 Petro
1197 3899 1293 3960 putant
1305 3892 1527 3947 discernendum.

1081 3988 1097 4017 Ω

345 4153 371 4204 (tl
383 4157 427 4195 Act.
436 4153 477 4194 ui.
487 4160 507 4194 o.
519 4155 544 4204 {a}
556 4153 578 4195 L.
587 4155 618 4194 iii.
629 4155 708 4196 Strum-
716 4155 735 4209 5.
747 4157 773 4197 ri.
943 4158 1024 4199 friends
1038 4157 1089 4199 aith
1099 4157 1170 4198 arbom
1179 4157 1229 4200 ther
1237 4156 1301 4196 could
1314 4155 1390 4207 lodge5
1405 4154 1445 4196 and
1461 4154 1531 4196 there-

343 4223 375 4273 la)
387 4227 403 4266 l.
411 4227 460 4266 Cor.
468 4225 495 4265 ir.
508 4230 526 4265 lt.
536 4226 562 4277 {tl
573 4225 645 4265 iniec.
944 4227 991 4267 fure
1000 4239 1061 4268 some
1069 4227 1094 4267 oi
1106 4227 1177 4278 them,
1193 4226 1333 4280 particularly
1342 4225 1380 4265 aba
1394 4224 1495 4265 brethran
1508 4225 1533 4266 oi

346 4291 374 4344 (til
388 4311 398 4334 a
411 4299 434 4336 ln
443 4297 480 4336 tlte
496 4301 580 4337 eastern
598 4294 721 4347 oenotriae,
734 4295 767 4337 ior
780 4297 818 4337 ttae
832 4307 907 4338 reaeou
942 4298 982 4338 tlte
995 4297 1051 4337 bord
1061 4294 1103 4336 and
1113 4297 1189 4345 Peter,
1202 4294 1268 4335 ionnd
1277 4293 1294 4334 it
1311 4305 1424 4348 neceam
1433 4298 1455 4333 to
1469 4304 1531 4346 carry

322 4365 456 4418 mentioned,
466 4367 525 4407 ltom,
535 4367 577 4408 aui.
592 4365 607 4406 i.
622 4371 672 4406 nete
684 4372 710 4417 a,
723 4366 784 4409 alren
802 4367 911 4419 peopleoi
943 4366 1071 4408 aboatuitb
1081 4366 1141 4406 thera
1159 4376 1172 4406 a
1187 4365 1236 4416 mise
1250 4365 1350 4416 (cronaca)
1367 4369 1389 4404 to
1405 4363 1468 4404 male
1482 4371 1531 4415 pre-

323 4433 433 4476 condition
447 4437 547 4477 travelled
555 4465 563 4488 ,
571 4436 620 4490 tbep
630 4435 698 4476 either
708 4435 784 4488 lodged
794 4435 844 4478 uitia
853 4436 910 4477 their
943 4436 1014 4478 vision
1027 4436 1061 4477 ior
1069 4436 1127 4476 them
1141 4441 1164 4476 at
1176 4435 1213 4476 the
1220 4445 1313 4488 eapeaae
1321 4434 1347 4475 ot
1353 4434 1415 4476 those
1430 4439 1452 4474 te
1460 4433 1532 4476 whom

323 4506 492 4558 thnaiutance,
510 4518 535 4547 or
553 4500 636 4547 carried
653 4512 751 4548 servante
769 4505 819 4548 aith
837 4506 909 4558 them,
943 4508 994 4560 tbap
1008 4505 1276 4560 praepedimentum
1299 4506 1406 4559 interpres
1414 4505 1532 4546 hierocena

320 4567 369 4609 alre
386 4575 489 4626 provided
505 4575 559 4616 anch
575 4577 649 4627 things
665 4586 689 4617 aa
702 4587 757 4619 were
766 4581 910 4629 ueccanrpto
943 4576 1015 4617 latiori
1028 4587 1094 4618 aenan
1111 4575 1178 4616 anmit
1192 4573 1332 4627 pronutiare
1345 4573 1534 4616 ministerium

322 4634 381 4681 theia
401 4646 585 4686 accommodatiori
608 4645 630 4685 iu
653 4645 690 4686 tbe
716 4645 790 4698 publio
811 4644 910 4696 lodgiug-
941 4646 1037 4688 bibente.

322 4703 409 4754 houset.
420 4714 444 4754 ln
457 4715 494 4754 tlte
503 4714 585 4755 Gentile
594 4714 714 4764 countriea,
723 4715 794 4756 ahere
803 4709 839 4754 tbe
848 4725 910 4767 apoa·
968 4717 996 4768 [e]
1006 4716 1200 4768 benemeriti.
1214 4717 1241 4770 (t)
1249 4717 1300 4759 adr.
1308 4716 1414 4760 doriaiaa.
1420 4716 1434 4756 Ι.
1444 4712 1534 4754 Acuta.

321 4775 361 4820 ¹¹0⁸
378 4787 501 4839 preaebed,
519 4788 569 4840 tlaey
588 4786 630 4828 bad
654 4797 682 4827 no
699 4786 866 4840 acquaintaneea
884 4797 908 4827 er
969 4786 1049 4839 (aJlnl
1065 4785 1189 4829 addenti.
1199 4792 1218 4827 a.
