3792 5550
366 565 401 615 68
707 565 822 616 abaci.
846 565 901 617 xll.
920 565 963 616 bb
981 564 1251 619 collllllllnllollll.

366 683 478 744 praestat
491 680 525 732 ad
539 680 654 746 gratiam
671 696 677 730 :
698 680 761 745 quia
774 680 802 732 in
817 681 869 733 hoc
881 693 959 732 mun·
991 681 1061 734 viter
1078 680 1205 734 retulisse
1229 682 1334 748 liquet,
1354 696 1405 736 nec
1419 682 1522 736 rituum
1538 698 1589 737 ex-

364 764 403 817 do
433 769 490 818 tota
510 771 590 817 aetate
611 765 722 817 victuris
744 764 815 818 inter
836 766 959 819 visibiles
992 766 1167 831 plicationem
1186 766 1239 818 sibi
1261 769 1440 833 proposuisse
1461 769 1589 823 scriben-

366 852 460 904 bostes
473 857 500 904 et
519 851 640 917 pericula
664 851 844 917 gradiendum
856 853 959 912 est3in
993 852 1056 903 dam
1081 867 1087 903 :
1110 858 1277 918 quapropter
1300 854 1399 907 mirum
1422 860 1541 909 nonest
1562 858 1588 910 si

366 936 505 1002 baptismo
525 949 718 1003 regeneramur
730 936 765 989 ad
781 937 878 1000 vitam,
896 941 960 1003 post
994 936 1094 1003 singuli
1104 938 1274 991 enucleatius
1282 938 1399 1004 expositi
1411 940 1504 1006 ineius
1514 940 1588 995 libro

365 1021 533 1086 Baptismum
554 1022 748 1073 confirmamur
765 1022 799 1077 ad
817 1035 958 1089 pugnem;
993 1023 1066 1075 haud
1088 1024 1266 1089 reperiantur.
1281 1025 1333 1077 Sed
1355 1038 1439 1091 quunr
1461 1029 1587 1092 Apostoli

364 1106 394 1157 in
410 1106 548 1170 Baptismo
560 1106 783 1173 abluimur,post
792 1107 959 1173 baptismum
993 1107 1061 1160 alias
1081 1109 1142 1161 oleo
1153 1146 1162 1172 ,
1173 1109 1287 1175 jubente
1309 1110 1433 1173 Christo,
1450 1112 1493 1163 usi
1513 1113 1588 1177 siut,

365 1190 540 1243 roboramur.
553 1193 590 1244 Ac
603 1192 643 1244 sic
659 1193 790 1245 continuo
803 1192 959 1245 transituris
993 1192 1119 1245 infirmos
1145 1194 1297 1259 ungendo,
1327 1196 1366 1245 nil
1397 1200 1471 1248 vetat
1495 1196 1589 1251 existi-

368 1274 507 1327 sufficiunt
519 1277 733 1342 regenerationis
749 1278 900 1339 beneficio;
918 1278 961 1331 vi·
993 1290 1068 1331 mare
1086 1290 1135 1331 eos
1157 1279 1275 1344 symboli
1307 1279 1394 1332 instar
1423 1281 1490 1334 illud
1523 1296 1589 1335 eum

363 1359 453 1412 eturis
483 1366 574 1413 eutem
596 1361 752 1414 necessaria
772 1367 837 1415 sunt
856 1362 960 1416 contir-
993 1376 1125 1415 manuum
1156 1364 1333 1429 impositione
1366 1367 1535 1420 adhibuisse.
1557 1369 1589 1421 ld

367 1445 496 1498 metionis
514 1446 622 1499 auxilia.
643 1446 651 1479 ¹
994 1461 1076 1514 porro
1091 1449 1274 1501 indubitatum
1290 1449 1320 1501 iit
1343 1464 1375 1502 ex
1390 1451 1538 1505 universali
1559 1459 1589 1507 et

401 1530 443 1582 27.
464 1530 524 1595 obj.
545 1534 571 1583 6.
593 1532 741 1594 «Quodsi
761 1544 893 1583 manuum
910 1533 960 1583 im·
994 1532 1185 1598 antiquissima
1203 1536 1404 1589 consuetudine
1422 1549 1456 1590 eo
1479 1540 1587 1592 utendi.

368 1615 505 1681 positione
530 1618 676 1683 Apostolos
701 1630 731 1670 se
758 1616 856 1669 imitari
884 1618 958 1669 evin·
995 1618 1099 1671 lnoleo
1117 1624 1276 1673 autemnon
1299 1621 1588 1688 quaerimussalutem,

368 1706 450 1766 cant,
480 1722 492 1748 ι
516 1703 554 1755 ait
575 1704 729 1768 Calvinus,
752 1704 788 1755 de
815 1703 961 1756 Catholicis
995 1714 1046 1755 nec
1058 1702 1111 1753 uim
1121 1703 1269 1756 roborandi
1283 1704 1321 1757 illi
1330 1705 1520 1772 attribuimus,
1533 1710 1589 1763 nisi

370 1788 536 1840 Praesulibus
561 1788 700 1854 loquens,
731 1809 744 1834 s
767 1789 841 1841 unde
869 1795 961 1842 tamen
995 1793 1132 1851 quotenus
1165 1788 1377 1843 instrumentum
1406 1793 1442 1845 sit
1470 1794 1590 1859 spiritus

366 1873 479 1937 oleum,
503 1874 578 1939 quod
606 1867 723 1936 vocant,
748 1874 866 1927 salutisi
896 1875 961 1937 Quis
995 1872 1197 1936 saneti,nobis
1213 1874 1311 1927 christi
1335 1876 1482 1930 salvatoris
1499 1881 1590 1933 nostri

368 1971 419 2012 eos
440 1960 467 2011 in
491 1961 552 2013 oleo
577 1960 693 2013 salutem
708 1973 831 2025 quaerere
849 1961 962 2014 docuit?
996 1962 1024 2009 et
1040 1958 1087 2010 Ilei
1111 1958 1296 2012 misericordia
1320 1960 1423 2012 datum.
1449 1964 1513 2024 Quae
1532 1964 1591 2018 sint

365 2045 432 2109 ouis
448 2044 503 2098 vim
521 2045 667 2098 roborandi
689 2046 728 2096 illi
740 2046 909 2098 attribueret
921 2048 961 2099 An
995 2044 1150 2097 chrismatis
1166 2052 1257 2111 partes
1280 2046 1308 2098 in
1334 2047 1386 2100 hoc
1403 2048 1457 2100 ritu
1480 2049 1515 2102 de
1533 2050 1590 2103 tide

366 2130 468 2181 Paulus
486 2132 553 2193 (Gal.
572 2132 599 2192 A,
612 2133 637 2182 9.
653 2132 710 2182 Col.
726 2131 751 2180 2.
766 2130 831 2200 ab),
848 2132 961 2196 quinos
995 2130 1106 2194 quidem
1120 2143 1176 2184 uon
1197 2136 1322 2194 constat;
1337 2133 1386 2185 sed
1401 2133 1448 2199 qui
1459 2134 1484 2187 ei
1504 2134 1591 2189 virtu·

368 2214 404 2266 ab
421 2214 564 2265 elementis
576 2215 658 2279 hujus
676 2213 772 2265 mundi
792 2214 874 2280 longe
893 2215 962 2268 abs·
995 2219 1050 2267 tein
1073 2217 1192 2282 aliquam
1212 2218 1355 2282 tribuunt,
1373 2225 1512 2285 tamquam
1535 2224 1590 2275 Sa-

364 2298 465 2361 trahit,
483 2299 530 2363 qui
549 2299 618 2349 nihil
637 2299 725 2365 magis
737 2298 848 2351 damnat
860 2338 868 2364 ,
879 2314 960 2366 quam
995 2302 1127 2353 eramenti
1140 2302 1279 2367 materiae,
1298 2304 1336 2355 uti
1349 2304 1473 2370 piurimis
1487 2306 1589 2370 placet.

366 2383 466 2435 talibus
479 2383 727 2436 observatiunculis
740 2387 870 2438 haerere?
889 2386 928 2432 »¹
994 2386 1099 2437 nullom
1122 2393 1196 2440 certe
1215 2388 1325 2453 Spiritui
1352 2394 1447 2443 sancto
1465 2390 1591 2457 irrogant

399 2468 441 2519 28.
456 2469 534 2533 llere.
552 2468 579 2519 Si
597 2476 705 2521 constet
722 2482 853 2521 manuum
872 2470 961 2535 impo·
995 2470 1134 2537 injuriam.
1157 2472 1251 2525 hierilo
1276 2472 1378 2526 ideirco
1396 2475 1590 2529 'tridentinum

362 2552 495 2606 sitionem
506 2566 569 2606 cum
578 2566 658 2618 prece
671 2567 754 2620 quam
776 2554 961 2607 adhibuerunt
995 2555 1146 2608 Concilium
1165 2556 1273 2608 censuit
1289 2572 1295 2607 :
1312 2575 1323 2605 ι
1342 2558 1368 2609 Si
1389 2558 1451 2623 quis
1468 2560 1589 2626 dixerit,

365 2640 487 2706 Apostoli
504 2646 535 2693 ut
552 2640 646 2694 iideles
659 2642 815 2707 acciperent
830 2642 960 2707 Spiritum
994 2639 1109 2705 injurios
1121 2654 1183 2693 esse
1195 2641 1306 2706 spiritui
1322 2649 1417 2696 sancto
1429 2683 1435 2706 ,
1447 2644 1493 2711 qui
1505 2658 1590 2701 sacro

364 2731 510 2788 sanctum,
534 2738 644 2790 semper
679 2726 829 2780 adhibitam
861 2728 960 2781 eodem
994 2725 1214 2780 confirmationis
1233 2726 1373 2780 chrismati
1390 2729 1517 2783 virtutem
1535 2732 1592 2785 ali-

364 2811 482 2864 consilio
502 2811 530 2862 in
544 2812 665 2864 Ecclesia
677 2814 831 2876 catholica,
842 2814 959 2866 vicimus
994 2823 1075 2875 quem
1094 2811 1217 2864 tribuunt
1228 2826 1235 2872 ;
1248 2813 1393 2864 anathema
1411 2813 1455 2864 sit.
1474 2835 1487 2860 »
1506 2815 1518 2849 ⁸

361 2896 555 2957 calvinianos,
580 2897 712 2962 quidquid
729 2898 765 2950 sit
784 2899 819 2951 de
841 2899 895 2950 olei
913 2912 960 2950 un·
1026 2898 1068 2948 29.
1083 2895 1142 2960 ool.
1155 2898 1179 2946 l.
1193 2897 1287 2964 Patres
1305 2896 1471 2948 sacramenti
1482 2909 1592 2956 nomen

362 2979 458 3032 ctione
471 2993 533 3047 quae
550 2994 611 3033 enm
629 2983 768 3048 sequitur,
783 2984 831 3034 uel
845 2983 958 3035 comita·
993 2978 1082 3030 latiori
1106 2977 1236 3030 adhibent
1261 2991 1344 3030 sensu
1375 2980 1410 3032 de
1438 2981 1591 3038 Confirma-

362 3068 467 3118 turbt
486 3065 558 3118 enim
574 3068 758 3120 concedamus
777 3068 850 3118 hanc
865 3072 958 3119 aueto-
979 3053 1066 3116 'tione
1083 3069 1207 3130 agentes.
1234 3063 1384 3130 cyprianus
1412 3078 1485 3118 enim
1508 3075 1588 3133 post·

364 3150 444 3204 ritate
468 3153 661 3217 Apostolorum
694 3158 722 3204 et
748 3151 875 3216 exemplo
900 3164 956 3204 non
991 3161 1074 3214 quem
1088 3150 1450 3216 utrumquosacramentum
1466 3165 1589 3210 comme·

362 3234 501 3298 niti,non
517 3243 599 3290 nocet
614 3235 678 3288 ritui
695 3235 772 3288 alteri
792 3237 956 3301 planoApo-
991 3239 1166 3298 irroraverat,
1198 3235 1383 3301 baptismum,
1402 3237 1525 3302 seilicet,
1557 3246 1587 3294 ct

361 3322 474 3376 stolico.
488 3324 622 3375 Caeterum
635 3321 720 3388 gratis
742 3322 874 3374 asseritur
886 3325 957 3388 Apo·
991 3333 1123 3373 manuum
1136 3321 1359 3386 impositionem,
1375 3322 1487 3375 adduxit
1508 3326 1586 3378 testi-

363 3409 452 3461 stolos
465 3408 538 3460 houd
561 3407 673 3460 unxisse
693 3412 721 3460 et
738 3408 863 3472 signasse
885 3409 957 3461 ehri·
990 3408 1113 3462 monium
1133 3408 1232 3460 Christi
1249 3407 1285 3461 de
1302 3420 1373 3461 nova
1390 3408 1530 3462 nativitate
1550 3424 1585 3463 ex

361 3497 453 3544 smate
473 3505 569 3544 recens
581 3492 830 3558 baptizatos,dum
842 3494 897 3545 illis
908 3494 957 3545 im·
991 3506 1061 3558 aqua
1079 3499 1106 3546 el
1129 3493 1231 3558 Spiritu
1251 3499 1356 3546 sancto.
1377 3511 1394 3542 o
1417 3495 1481 3556 Quae
1498 3496 1583 3548 verba

362 3581 500 3642 ponerent
520 3588 638 3636 mauus;
658 3589 722 3627 nam
736 3577 772 3627 ad
789 3577 871 3628 ritum
883 3577 957 3629 hunc
990 3577 1134 3642 perspicue
1156 3579 1328 3643 ostendunt,
1354 3581 1428 3644 qnod
1450 3593 1499 3646 per
1526 3581 1582 3635 duo

362 3659 510 3713 commode
536 3659 691 3711 referuntur
720 3674 726 3708 :
751 3679 763 3704 α
789 3659 839 3721 Qui
864 3665 956 3711 eutem
991 3664 1165 3732 sacramenta
1193 3664 1261 3716 nihil
1282 3665 1580 3731 intelligantanlplius,

361 3743 509 3797 confirmat
519 3754 571 3794 nos
585 3742 727 3796 vobiscum
745 3742 774 3793 in
794 3743 958 3806 Christo,et
990 3759 1073 3812 quam
1095 3747 1165 3801 duas
1183 3749 1321 3815 principes
1341 3751 1518 3803 caeremonias
1546 3752 1581 3804 ad

365 3828 414 3895 qui
434 3829 513 3879 unxit
534 3839 586 3880 nos
607 3829 697 3879 Deus:
723 3827 816 3893 quiet
838 3829 958 3894 signavit
990 3834 1158 3898 completum
1180 3840 1207 3886 et
1230 3835 1380 3899 perlectum
1411 3837 1580 3900 Baptismum

364 3926 418 3966 nos
430 3953 437 3974 ,
448 3918 473 3966 et
487 3913 563 3965 dedit
580 3913 680 3979 pignus
692 3913 811 3978 Spiritus
824 3913 851 3965 in
865 3915 957 3967 cordi·
990 3918 1345 3985 requisitas,quiahomines
1354 3923 1471 3985 utroque
1485 3922 1582 3974 secra-

364 4001 420 4052 bus
435 4000 547 4053 nostris.
557 4021 570 4048 o
591 4001 603 4035 ⁸
625 4004 693 4054 Tota
714 4007 787 4055 retro
807 4002 956 4068 antiquitas
973 4010 1082 4057 'mento
1094 4004 1201 4057 renasci
1218 4003 1292 4056 dicit.
1306 4005 1366 4056 »lte
1379 4004 1580 4070 Binghemus.⁸

365 4084 531 4147 christiana,
556 4086 590 4138 ab
613 4085 680 4152 ipsis
704 4087 880 4152 primordiis,
903 4089 956 4142 hoc
1021 4090 1063 4141 50.
1078 4090 1156 4152 Resp.
1167 4091 1226 4140 Non
1239 4089 1298 4141 sola
1314 4099 1381 4140 voce
1391 4088 1516 4152 nitimur,
1529 4088 1580 4141 sed

363 4167 422 4221 ritu
441 4182 491 4221 usa
503 4182 565 4222 esse
582 4171 730 4224 noscitur:
752 4172 825 4237 quod
849 4173 956 4229 contin·
988 4173 1200 4240 proprietatibus
1214 4173 1380 4226 sacrementi
1398 4185 1467 4238 quas
1488 4175 1580 4226 Patres

361 4264 432 4318 gere
455 4253 500 4306 vix
520 4255 608 4319 potuit
636 4255 741 4321 absque
764 4257 956 4322 Apostolorum
989 4264 1159 4325 agnoverunt
1182 4257 1380 4323 :impositione
1399 4247 1503 4311 scilicet
1520 4270 1580 4310 ma-

362 4341 490 4406 exemplo
511 4348 539 4394 et
555 4342 707 4395 sanctione.
730 4345 807 4406 Quod
823 4345 859 4396 ad
876 4347 956 4398 Lucae
990 4357 1075 4395 nuum
1096 4343 1165 4397 tradi
1180 4343 1310 4408 Spiritum
1329 4349 1454 4396 sanctum
1478 4354 1579 4410 magno

362 4424 507 4476 odientium
524 4425 714 4490 utlinct,eum
729 4440 774 4480 res
785 4434 877 4494 gestas
890 4427 952 4480 bre·
986 4441 1124 4484 consensu
1160 4427 1309 4482 declarant.
1344 4430 1478 4482 Gestorum
1519 4428 1579 4494 ipsa

389 4666 418 4718 (l)
429 4667 492 4707 ilem.
502 4667 621 4710 Pentecoet.
630 4669 653 4710 in
659 4669 954 4712 metaumaucensis
1013 4671 1039 4722 (tl
1050 4672 1109 4714 seer.
1116 4671 1154 4714 vii.
1163 4671 1215 4714 Can.
1225 4671 1248 4714 ll.

390 4736 418 4787 (t)
427 4736 479 4781 lust.
488 4736 502 4776 l.
512 4736 541 4778 ir.
554 4749 573 4778 c.
581 4749 623 4779 nx.
632 4743 652 4778 l.
662 4739 689 4790 le)
700 4738 729 4778 ll.
736 4737 786 4778 eor.
794 4736 808 4776 i.
817 4740 849 4778 il.
1014 4742 1043 4794 (lt)
1053 4740 1137 4794 eripio.
1147 4742 1229 4784 Ecclee.
1240 4743 1254 4784 l.
1264 4742 1300 4784 xii·
1309 4753 1328 4784 e.
1338 4742 1354 4784 i.
1369 4741 1382 4794 A
1392 4747 1409 4782 l.
