3792 5550
384 533 434 600 nco
724 519 839 580 tuter.
857 517 921 570 nrt.
940 517 983 568 nn
999 516 1221 570 roenrrnuru.

384 647 455 709 cuit3
469 639 569 710 quade
585 649 667 692 causa
679 633 820 704 zephyrini
834 630 972 687 pontificis
1006 652 1019 680 ι
1039 636 1119 685 erunt
1128 631 1209 698 ligata
1218 633 1245 682 et
1256 627 1284 682 in
1293 627 1599 692 ooelo,etouaecumqttt

324 733 326 738 “
384 732 542 790 decretum,
555 723 662 779 veniam
679 719 875 787 poenitentibus
894 716 974 783 polii·
1009 739 1021 766 ι
1040 718 1270 783 solveritissuper
1281 719 1401 777 terram,
1414 713 1598 767 eruntsoluta

385 815 487 876 centis,
501 808 589 874 carpit
597 805 789 860 Tertullianus.
806 803 912 856 saeculo
921 809 974 855 ter·
1006 810 1067 878 »ιιι
1089 802 1118 855 in
1136 804 1224 864 ooelo;
1246 808 1274 855 et
1291 813 1410 867 quorum
1435 796 1598 852 remiseritis

336 941 338 945 -
384 901 423 956 tio
446 895 623 955 donatianus,
649 889 973 958 presbyter-Romanus,
1006 907 1023 936 ι)
1038 893 1169 956 peccate,
1180 887 1356 942 remittuntur
1366 885 1427 947 eis,
1439 891 1468 937 ct
1479 895 1597 950 quorum

385 1000 438 1042 una
449 997 511 1038 cum
531 985 634 1036 llovato
652 973 975 1044 Carthaginiensi,scbi·
1007 992 1020 1020 ι
1039 972 1224 1035 retinueritis,
1235 973 1343 1024 retenta
1356 976 1437 1032 sunt3
1455 981 1598 1035 »quorum

385 1069 563 1130 smatciucto,
577 1064 706 1118 invidiam
718 1062 839 1130 legitimo
852 1058 974 1113 Pontifici
1006 1060 1153 1114 verborum
1181 1059 1282 1112 uirtute
1309 1057 1427 1123 quilibet
1454 1056 1598 1109 absoluere

295 1171 298 1178 ’
385 1153 509 1211 cornelio
536 1149 655 1206 condere
682 1147 809 1209 studuit,
839 1157 873 1199 eo
898 1143 974 1210 quod
1006 1146 1095 1217 possit
1119 1152 1251 1212 peccata,
1280 1143 1390 1212 publica
1409 1142 1525 1208 quidem
1550 1153 1598 1208 per

385 1238 546 1296 idololatriae
564 1248 627 1290 reos
647 1233 781 1298 reciperet
799 1230 973 1298 poenitentes.
1006 1232 1208 1298 correptionem
1230 1231 1382 1293 duntaxat,
1408 1227 1433 1283 si
1453 1232 1597 1292 correptus

279 1312 284 1323 “
384 1325 504 1379 lloecbos
514 1322 645 1386 deinceps
655 1315 884 1372 contenditrenia
908 1328 976 1368 uun·
1007 1317 1188 1384 acquieverit,
1211 1320 1317 1369 secreta
1336 1326 1402 1368 vero
1422 1316 1597 1379 persponta·

385 1425 467 1479 quam
483 1407 648 1464 donandos:
664 1405 671 1438 ¹
685 1405 740 1456 imo
758 1403 845 1470 ipsam
857 1407 975 1468 potesta·
1007 1416 1088 1458 neam
1108 1401 1328 1460 contessionem
1343 1400 1493 1452 anathema
1504 1397 1549 1450 sit.
1562 1395 1596 1442 »⁸

385 1507 439 1553 tem
448 1489 858 1564 peccataquaelibetdimittendi
869 1488 975 1543 videtur
1216 1488 1379 1554 emendato.

385 1582 533 1649 aliquando
554 1580 746 1646 impugnasse3
759 1587 822 1627 nam
839 1573 973 1639 quosdam
1042 1579 1178 1632 concessa
1193 1580 1237 1628 est
1250 1587 1266 1627 e
1277 1570 1389 1644 ¹tiitristo
1402 1569 1521 1624 bomine
1532 1571 1597 1634 lpo-

384 1671 443 1736 elus
455 1661 676 1727 sectatores,qui
687 1661 820 1714 leviorum
832 1659 974 1723 culparum
1007 1664 1107 1727 stolis,
1136 1669 1164 1716 er
1191 1676 1240 1728 per
1263 1672 1313 1714 eos
1340 1659 1375 1712 iis
1406 1657 1455 1724 qui
1484 1666 1597 1708 munere

384 1751 581 1818 indulgentiam
602 1747 659 1801 dari
673 1758 754 1811 posse
767 1743 974 1805 concedebant,
1009 1748 1171 1804 sacerdotali
1197 1748 1365 1813 iunguntur,
1389 1748 1514 1810 potestas
1534 1752 1596 1793 vere

385 1839 419 1892 ab
433 1835 552 1891 auctoris
573 1832 616 1889 sui
636 1831 743 1898 placitis
766 1829 894 1882 recedere
907 1828 976 1881 dixit
1006 1833 1145 1902 judicialis
1165 1833 1192 1884 in
1204 1836 1378 1900 pcccatorum
1391 1827 1563 1882 remissione.

386 1920 580 1977 Ambrosius'
1039 1923 1064 1973 8.
1084 1919 1314 1972 Procurrere
1339 1915 1597 1982 scripturorum

417 2013 442 2062 l.
462 2007 614 2062 Concilium
626 2004 831 2067 tridentinum,
850 2007 880 2056 ut
895 2015 975 2055 nova·
1008 2005 1135 2072 promisit
1154 2005 1278 2057 christus
1296 2004 1388 2056 claues
1411 1999 1489 2067 regui
1509 1998 1598 2052 ooelo-

385 2100 474 2148 torum
488 2104 594 2144 errores
608 2091 752 2151 evelleret,
774 2089 865 2154 plures
877 2089 928 2140 bac
940 2087 975 2140 de
1007 2103 1084 2154 rum,
1098 2096 1126 2143 et
1137 2089 1238 2156 ligandi
1251 2095 1278 2142 et
1289 2087 1414 2142 soluendi
1423 2090 1596 2152 potestatem,

383 2193 414 2232 re
434 2177 519 2230 edidit
542 2179 715 2229 canonem«
737 2174 764 2226 si
786 2173 847 2239 quis
859 2172 974 2235 dixerit,
1009 2179 1087 2244 cujus
1106 2176 1263 2230 exercitium
1292 2180 1381 2228 ratum
1402 2172 1550 2225 haberetur
1569 2170 1597 2222 in

384 2262 467 2318 uerba
482 2261 525 2313 illa
536 2259 642 2313 bomini
654 2259 802 2312 salvatoris
813 2273 819 2308 z
831 2276 846 2306 e
856 2257 975 2322 Accipite
1008 2262 1096 2316 ooetis.
1111 2281 1123 2308 ι
1139 2261 1199 2313 Tibi
1218 2260 1290 2314 dabo
1310 2261 1401 2313 clares
1424 2257 1503 2324 regui
1514 2256 1597 2309 curlo·

385 2366 397 2392 ι
418 2346 547 2411 spiritum
565 2349 689 2410 sanctum
703 2359 709 2396 ι
724 2355 839 2410 quorum
862 2343 975 2395 remise·
1008 2361 1081 2399 rum.
1096 2347 1135 2394 »⁸
1159 2348 1317 2413 lletapbora
1345 2347 1404 2398 baec
1433 2348 1597 2410 potestatem

384 2430 476 2484 »ritis
505 2435 630 2497 peccate,
655 2429 830 2482 remittuntur
847 2428 915 2482 cis:
947 2434 975 2480 et
1008 2432 1149 2498 aperiendi
1168 2432 1230 2484 coeli
1246 2432 1363 2498 januas,
1384 2443 1447 2496 quae
1465 2428 1597 2482 adversus

385 2529 534 2583 »iquorum
553 2515 735 2578 retinueritis,
749 2519 972 2576 retentasunt,·
1007 2523 1180 2583 peccatorem
1209 2518 1310 2569 clausae
1338 2522 1418 2578 sunt,
1450 2514 1595 2577 enuntiat,

384 2614 440 2656 non
450 2615 515 2655 esse
533 2600 712 2668 intelligenda
734 2599 769 2653 de
790 2602 923 2664 potestate
936 2610 975 2649 re
1008 2601 1127 2667 ideoque
1140 2600 1295 2654 dimittendi
1307 2606 1417 2667 peccata
1430 2599 1595 2663 facultatem,

385 2687 511 2742 mittendi
529 2692 556 2740 et
572 2685 707 2741 retutendi
717 2690 828 2752 peccate
840 2683 868 2735 in
881 2685 975 2736 Sacra·
1008 2692 1038 2740 ut
1051 2692 1195 2754 peccator,
1219 2688 1349 2754 repagulo
1371 2687 1487 2750 ablato,
1513 2687 1596 2740 ooelos

385 2779 478 2827 merito
498 2771 686 2835 boenitentiae,
701 2771 775 2831 sicut
792 2767 912 2823 Ecclesia
928 2757 988 2820 Ca!
1008 2777 1097 2840 possit
1115 2772 1230 2841 ingredi.
1252 2776 1316 2838 Quae
1333 2774 1369 2827 de
1388 2771 1492 2840 ligandi
1503 2770 1596 2825 01501.

384 2858 483 2911 tbolica
497 2857 531 2909 ab
547 2856 628 2909 initio
646 2869 755 2921 semper
763 2852 913 2913 intellexit3
927 2852 974 2905 de
1007 2858 1088 2913 vendi
1114 2859 1276 2912 auctoritate
1298 2858 1457 2926 subjunxit,
1475 2857 1504 2910 id
1517 2857 1595 2923 plane

385 2942 497 2995 torserit
527 2946 619 2993 autem
647 2946 741 2992 contra
775 2938 974 2991 institutionem
1008 2943 1331 3015 conflrmantznpostolis
1352 2940 1595 3009 omnihnsligandi

384 3028 466 3093 bujus
483 3024 896 3078 sacramenti,adauctoritatem
909 3035 976 3088 prae·
1008 3032 1035 3080 et
1047 3028 1171 3081 solvendi
1190 3034 1352 3093 potestatem
1365 3027 1447 3081 etiam
1460 3026 1596 3093 pollicitus

385 3110 494 3165 dicandi
517 3108 711 3177 Euangeliurn5
726 3109 869 3161 anathema
882 3108 926 3161 sit.
939 3106 975 3154 »⁸
1008 3118 1050 3165 est
1063 3112 1099 3163 εἰ(
1113 3116 1199 3164 nmen
1216 3112 1280 3167 dico
1299 3112 1394 3175 vobis,
1415 3123 1595 3178 quaecumque

385 3214 400 3245 c
421 3196 448 3248 Si
462 3196 528 3263 uuis
541 3195 656 3259 dixerit,
670 3193 870 3247 absolutionem
883 3206 975 3247 sacra·
1007 3197 1182 3264 alligaveritis
1193 3212 1276 3265 super
1288 3206 1405 3263 terram,
1419 3205 1502 3251 erunt
1516 3198 1596 3264 ligata

384 3283 529 3335 mentalem
550 3280 702 3335 sacerdotis
724 3292 779 3333 non
802 3291 864 3331 esse
883 3285 973 3332 actum
1007 3289 1035 3336 et
1051 3283 1079 3335 in
1102 3284 1173 3337 eoelo
1186 3298 1193 3333 ε
1207 3288 1234 3336 ot
1255 3296 1436 3349 quaecumque
1459 3281 1596 3335 solveritis

380 3367 553 3435 judicialem,
583 3366 632 3421 sod
658 3365 764 3419 nudum
792 3364 974 3417 ministerium
1008 3372 1207 3434 superterram,
1218 3375 1298 3422 crunt
1310 3371 1399 3421 soluta
1409 3373 1437 3421 et
1449 3364 1595 3420 incaelo-²

383 3452 583 3519 pronunciandi
611 3456 639 3505 et
670 3449 830 3503 declarandi
858 3450 974 3501 remissa
1007 3454 1153 3519 Aptissima
1175 3454 1266 3521 imago
1288 3460 1464 3521 peccatorum
1487 3452 1516 3504 in
1537 3450 1596 3505 uiu-

384 3551 445 3591 esse
459 3544 571 3603 peccata
592 3536 732 3589 confitenti
745 3574 753 3599 ,
767 3535 850 3587 modo
869 3540 973 3587 tanturn
1006 3539 1077 3591 culis
1095 3539 1228 3592 habetur:
1242 3540 1361 3605 peccatis
1378 3538 1452 3591 enim
1472 3536 1595 3603 captivus

386 3622 478 3674 credat
505 3635 537 3674 se
562 3634 624 3673 esse
651 3620 807 3673 absolutum
827 3658 834 3671 .
855 3658 862 3671 .
882 3656 889 3671 .
908 3632 976 3672 aua·
1007 3625 1069 3690 quis
1096 3625 1126 3679 tlt
1143 3632 1170 3679 et
1192 3639 1289 3680 seruus
1303 3625 1425 3678 :solutio
1447 3636 1514 3689 ergo
1536 3622 1595 3675 viu-

384 3706 475 3758 tbcma
488 3706 558 3759 sit.»
575 3705 648 3757 ‘affl
668 3706 731 3770 duis
756 3704 871 3767 dixerit,
884 3718 975 3758 stott-
1007 3711 1132 3765 culorum
1155 3717 1198 3765 est
1214 3718 1388 3779 peccatorum
1406 3707 1594 3777 indulgentia,

383 3790 463 3843 dotes
484 3790 533 3856 qui
554 3791 582 3843 in
612 3798 723 3856 peccato
752 3790 862 3843 mortali
889 3797 973 3855 sunt,
1007 3808 1069 3860 quae
1081 3796 1116 3849 ab
1127 3798 1264 3863 Apostolis
1274 3809 1406 3851 concessa
1419 3796 1447 3847 in
1458 3794 1595 3848 coelorata

383 3880 546 3941 potestatem
574 3874 676 3942 ligandi
705 3880 733 3928 et
762 3875 886 3930 soluendi
915 3889 972 3929 nou
1006 3880 1131 3934 babetur.

383 3959 501 4023 habore,
516 3967 563 4014 aut
581 3973 636 4014 non
650 3961 724 4014 solos
742 3961 898 4015 sacerdotes
910 3974 972 4015 esse
1037 3968 1062 4019 s.
1083 3966 1260 4021 Promissioni
1283 3965 1432 4033 respondet
1461 3966 1595 4024 eventus;

383 4046 524 4101 ministros
549 4047 749 4111 absolutionis,
772 4046 821 4100 sed
842 4048 971 4101 omnibus
1005 4063 1068 4103 nam
1093 4053 1231 4118 Apostolis
1248 4052 1371 4105 christus
1390 4062 1422 4102 se
1441 4048 1595 4102 redivivum

382 4132 530 4201 etsingulis
540 4133 766 4185 christifidelibus
778 4146 840 4185 esse
852 4132 970 4187 dictum:
1006 4135 1144 4201 exhibuit,
1163 4144 1190 4190 et
1202 4143 1347 4203 postquam
1360 4136 1455 4202 plagas
1467 4145 1535 4199 quas
1554 4144 1599 4184 ac·

385 4236 397 4262 ·
416 4219 599 4285 Quaecumque
609 4218 756 4283 ligaveritis
765 4231 847 4285 super
861 4224 970 4285 terram,
1005 4229 1116 4289 ceperat
1128 4223 1301 4286 ostenderat,
1312 4220 1397 4274 dixit:
1413 4218 1510 4273 «sicut
1521 4216 1599 4270 misit

410 4500 439 4552 (t)
456 4500 509 4539 Vide
520 4500 638 4541 Eusebium
647 4501 660 4542 l.
671 4501 708 4543 rii.
718 4500 769 4542 bist.
779 4500 836 4543 Ecci.
849 4513 867 4542 e.
882 4502 917 4543 nt.
934 4504 973 4545 So-
1031 4506 1060 4558 it)
1078 4507 1137 4548 Seu.
1145 4506 1187 4548 riv.
1195 4518 1243 4547 ceu.
1252 4505 1283 4547 iii,
1296 4504 1323 4545 de
1335 4501 1470 4545 Paenitentia.

386 4576 471 4612 craten.
481 4571 495 4609 l.
505 4569 533 4609 iv.
544 4570 595 4611 bitt.
613 4572 670 4613 Eecl.
679 4583 698 4613 e.
707 4571 764 4613 uili.
783 4578 804 4612 et
817 4572 831 4613 1.
846 4572 882 4614 rii.
891 4585 910 4615 c.
925 4586 971 4615 ιιι.
1031 4576 1060 4628 (ti
1071 4576 1122 4617 Cen.
1132 4576 1159 4615 ir.
1167 4579 1195 4627 (t)
1206 4576 1258 4617 Cau.
1267 4586 1291 4615 ι.

382 4638 585 4692 Epiphaniumhoer.
599 4638 635 4679 Ιίι.
1031 4646 1059 4696 (c)
1073 4645 1131 4684 tarto
1145 4644 1187 4685 ιιί.
1197 4650 1228 4684 lb.

410 4706 436 4757 tr)
448 4706 470 4745 L.
481 4710 500 4745 l.
508 4704 534 4745 de
546 4705 621 4759 poenit.
630 4717 649 4747 c.
659 4706 683 4748 ii.
1031 4716 1057 4767 tt)
1064 4713 1145 4754 ibidem
1151 4711 1209 4754 xviii.
1217 4717 1248 4753 te.
