3792 5550
611 516 679 567 CAP.
699 518 763 567 llll.
782 516 824 569 DE
841 517 989 569 SINGULIS
1009 511 1252 567 lueubtllerllts.
1485 506 1535 557 397

323 628 415 690 tendi,
436 629 493 683 slve
513 630 696 697 restringendi
717 633 912 698 impedimenta
946 634 975 685 in
993 631 1090 685 Rituali
1108 632 1231 683 llomano
1250 624 1441 691 praescriptum
1459 620 1535 674 omni

326 714 913 780 Ecclesiasticaauctoritateconstituta,rel
945 724 1069 784 tompore
1097 728 1237 783 peragere.
1269 716 1336 766 ltem
1369 707 1536 776 permittitur

323 799 520 864 comprobata:
537 801 601 853 item
616 816 670 867 qua
688 810 764 868 parte
783 804 913 870 supponit
945 817 1076 870 sponsam
1095 803 1199 867 absque
1212 812 1311 867 pompa
1323 803 1351 851 et
1363 795 1536 849 solemnitate

323 884 471 963 Ecclesiam
485 898 534 950 prr
546 892 709 951 potestatem
721 889 826 943 civilem
846 904 913 956 spo·
946 890 1059 942 domum
1088 886 1249 947 traducere,
1275 883 1313 936 uti
1337 880 1484 934 declararit
1506 880 1533 931 S.

323 969 381 1021 llari
394 982 476 1035 posse
486 972 547 1037 jure
566 984 616 1026 suo
633 974 811 1040 dispensandi
830 988 913 1042 super
946 973 1127 1041 congregatio
1145 968 1289 1025 concilii.⁸
1306 967 1382 1020 Ratio
1396 980 1445 1019 cur
1464 966 1536 1019 sole·

323 1054 525 1120 impedimentis
543 1057 578 1109 ab
598 1058 658 1124 ipsa
679 1060 849 1122 constitutis,
869 1061 912 1115 vel
946 1060 1074 1113 mnitates
1085 1057 1243 1123 nuptiarum
1256 1054 1538 1121 aliquandovetentur

323 1139 548 1205 comprobatis»
571 1141 725 1196 declaratur
744 1151 774 1197 ut
796 1166 808 1191 e
830 1146 913 1199 liber·
946 1144 1086 1211 estquod
1108 1142 1275 1210 jejuniorum
1301 1146 1424 1205 tempore
1447 1130 1537 1203 p'oem-
1627 1174 1631 1183 .

324 1225 387 1277 tatis
412 1238 444 1278 ac
466 1230 616 1292 potestatis.
641 1230 769 1284 Ecclesiae
798 1232 913 1287 subver·
946 1231 1039 1286 tentiae
1057 1230 1187 1296 operibus
1212 1227 1365 1281 vacandum
1387 1226 1439 1289 sit,
1461 1229 1489 1277 et
1506 1222 1534 1274 in

229 1315 237 1328 ·
324 1309 398 1372 siva,
417 1311 575 1367 Tridentino
598 1316 751 1380 contraria,
774 1330 806 1369 ex
827 1317 913 1371 baere-
946 1310 1535 1387 magnislestlscelebrandasimmysteria.

325 1394 398 1447 ticeli
414 1409 496 1461 supra
515 1398 645 1453 damnato
667 1401 801 1468 principio
825 1402 914 1469 proie-
984 1405 1040 1456 115.
1059 1401 1219 1468 Sponsolio,
1238 1399 1343 1452 scilicet
1360 1403 1454 1449 mutua
1479 1410 1537 1449 ma·

323 1486 399 1533 ⁰²³·¹‘
414 1483 502 1548 (prop.
519 1484 565 1547 ll)
946 1488 1068 1543 trimonii
1083 1488 1245 1554 promissio,
1255 1485 1267 1519 ⁸
1279 1486 1390 1539 obstant
1401 1498 1437 1537 ne
1454 1484 1535 1536 alter·
1551 1524 1561 1535 ,

948 1574 1084 1627 otricum
1106 1573 1160 1626 alio
1187 1578 1286 1639 praeter
1304 1585 1366 1623 eum
1387 1570 1430 1624 oui
1454 1571 1535 1624 tidem

522 1658 626 1709 CAPUT
644 1658 710 1709 lllll.
947 1658 1146 1725 oppignerauit,
1154 1658 1233 1711 liceat
1243 1657 1444 1711 matrimonium
1457 1656 1538 1710 inire.

947 1745 1101 1811 Aliquando
1124 1744 1192 1796 flunt
1214 1757 1276 1796 cum
1297 1743 1484 1807 solemnitate,
1497 1749 1537 1795 te·

440 1838 470 1876 nn
487 1838 597 1879 amenus
611 1840 795 1883 rursnnrmrrrs.
945 1831 1037 1883 stibus
1066 1828 1225 1890 accersitis,
1252 1832 1280 1881 et
1304 1834 1386 1881 etiam
1417 1830 1537 1893 parocho

947 1921 1102 1983 praeseute;
1121 1915 1170 1967 sed
1187 1914 1241 1968 rim
1255 1914 1356 1967 babent
1369 1914 1450 1965 etiam
1463 1914 1535 1965 clam

358 1996 415 2046 111.
443 1998 528 2059 Quam
555 1998 684 2052 Ecclesiae
713 1999 912 2055 vindicavimus
946 2002 1112 2067 tacta,solis
1128 2000 1330 2066 spondentibus
1342 1997 1536 2065 praesentibus.

322 2086 445 2146 poteslas
464 2083 566 2148 duplici
579 2083 686 2137 ratione
704 2094 854 2153 exercetur,
866 2088 914 2140 im·
944 2092 1064 2142 'Necesse
1074 2093 1164 2140 tamen
1177 2093 1218 2139 est
1230 2091 1261 2139 ut
1271 2086 1338 2138 flant
1349 2085 1432 2149 serio,
1444 2084 1537 2137 animo

323 2165 460 2233 pediendo
469 2169 617 2223 scilicetne
627 2172 831 2226 matrimonium
842 2174 913 2228 inea·
947 2188 978 2227 se
1000 2172 1139 2240 obligandi
1157 2172 1191 2224 ad
1214 2171 1419 2224 matrimonium
1440 2169 1538 2223 ineun-

324 2259 369 2305 tur
379 2252 466 2316 licite,
486 2254 539 2306 nisi
558 2256 640 2309 certis
662 2257 759 2323 positis
776 2260 914 2315 conditio·
940 2261 1032 2321 dnm,
1056 2266 1083 2313 et
1108 2266 1137 2312 ut
1149 2265 1245 2311 mutuo
1261 2264 1447 2324 acceptentur.
1466 2257 1536 2310 Fieri

324 2339 424 2400 nibus;
447 2340 490 2392 vel
510 2354 544 2392 ne
562 2343 674 2397 omnino
696 2345 784 2398 valeat
807 2353 914 2400 contra-
946 2361 1003 2401 non
1029 2346 1131 2399 debent
1157 2351 1220 2397 ante
1246 2344 1436 2409 septennium,
1455 2342 1466 2377 ⁸
1484 2355 1537 2395 nec

323 2431 393 2479 ctus.
407 2426 602 2491 lineamentis,
617 2430 656 2481 uti
666 2431 722 2495 jam
733 2430 863 2495 diximus,
880 2446 911 2486 ea
942 2432 1068 2487 revocari
1082 2438 1146 2485 ante
1164 2431 1316 2496 pubertatis
1332 2430 1473 2493 ιιιιιιιιιιι,ο
1489 2431 1537 2496 qui

322 2516 456 2563 vocantur
491 2511 684 2577 impedimenta
712 2528 774 2579 quae
802 2517 913 2571 obstant
949 2518 1073 2571 decimus
1103 2522 1219 2581 quartus
1241 2516 1386 2579 maribus,
1412 2515 1537 2569 decimus

323 2597 406 2648 licitae
415 2596 591 2649 celebrationi
600 2598 776 2659 matrimonii,
783 2600 849 2665 quin
858 2602 913 2655 rim
947 2603 1086 2656 secundus
1097 2600 1217 2654 foeminis
1227 2604 1364 2653 censetur.
1376 2603 1435 2653 llon
1446 2601 1538 2654 ualent

325 2682 385 2747 cJus
397 2682 510 2745 tollant,
532 2687 559 2734 et
580 2689 694 2749 qiratuor
711 2690 910 2738 numerantur:
946 2689 1001 2740 nisi
1019 2677 1105 2739 libere
1122 2686 1203 2750 dant,
1221 2691 1249 2738 et
1270 2686 1306 2739 de
1326 2699 1356 2739 re
1368 2686 1457 2748 licita;
1469 2701 1538 2753 qua-

324 2767 452 2821 llootesioe
469 2768 597 2833 vetitum,
615 2775 740 2836 uolnus,
758 2775 910 2838 sponsalia,
946 2779 1060 2842 propter
1082 2772 1106 2826 si
1130 2771 1333 2825 matrimonium
1352 2772 1460 2840 legibus
1488 2776 1538 2828 llo·

324 2860 426 2908 votum.
439 2855 566 2910 Ecclesiae
578 2857 692 2911 vetitum
704 2858 804 2912 dicitur
824 2861 915 2926 probi·
947 2861 1040 2914 etesiae
1051 2864 1172 2922 vetetur,
1190 2871 1273 2912 nemo
1284 2864 1376 2924 potest
1388 2860 1538 2926 sponsione

324 2943 392 2997 bitio
402 2943 436 2996 ab
445 2943 579 3010 episeopo
588 2944 655 2998 lacta
664 2959 699 2999 ne
709 2947 812 3012 nuptiae
822 2947 915 3001 inean·
948 2962 980 3002 se
1000 2948 1123 3015 obligare
1141 2947 1175 3000 ad
1197 2947 1264 2999 illud
1291 2947 1459 3013 ineundum,
1484 2955 1538 3001 msi

325 3039 370 3085 tur
381 3070 388 3094 ,
401 3044 462 3096 quae
482 3032 642 3098 plerumque
656 3032 686 3086 tit
700 3034 737 3087 ob
754 3035 868 3088 dubium
879 3037 914 3090 de
939 3033 1154 3099 dispensatione
1166 3032 1318 3098 impetrata.
1330 3035 1395 3096 Quae
1412 3047 1445 3087 ex
1463 3042 1539 3088 metu

262 3122 265 3127 '
325 3117 521 3183 impedimento
551 3119 718 3183 dirimente,
748 3126 779 3173 ut
808 3128 915 3190 tempus
949 3119 1536 3184 iniusteincussoliuntsponsalia,viornni

313 3201 565 3270 'deturindagini.¹
578 3203 695 3269 Tempus
711 3217 762 3270 per
778 3205 915 3270 quodnu-
949 3201 1073 3256 carent.⁷
1092 3204 1221 3254 Parentes
1243 3216 1292 3268 pro
1316 3203 1379 3256 liliis
1399 3205 1540 3269 sponsalia

324 3291 443 3356 ptiarum
456 3289 644 3342 solemnitates
662 3290 858 3355 probibentur,
873 3298 915 3344 est
949 3291 1098 3340 censentur
1107 3287 1212 3350 iacere,
1226 3288 1337 3352 quando
1349 3288 1376 3341 bi
1388 3298 1539 3355 praesentes

326 3376 361 3428 ab
374 3376 495 3428 Adventu
508 3389 596 3442 usque
614 3376 648 3428 ad
664 3376 737 3429 diem
756 3377 915 3444 Epiplraniae
951 3387 1008 3427 non
1036 3373 1258 3426 contradicunt.⁸
1280 3377 1372 3429 llutuo
1401 3389 1538 3433 consensu

326 3460 480 3521 exclusive,
493 3466 521 3514 et
539 3460 612 3514 adie
631 3463 759 3514 cinerum
771 3476 858 3530 usque
878 3465 912 3518 ad
941 3459 1020 3513 solvi
1045 3471 1155 3524 semper
1180 3465 1310 3531 possunt3
1334 3461 1424 3514 soluta
1446 3469 1539 3518 autem

327 3553 450 3600 octavam
469 3547 579 3600 Pascbae
600 3546 766 3602 inclusive*
784 3549 916 3603 Solemni-
949 3562 1006 3602 non
1033 3546 1186 3612 impediunt
1210 3560 1245 3600 ne
1266 3547 1362 3614 sponsi
1390 3552 1452 3603 cum
1478 3552 1541 3605 aliis

326 3642 397 3689 tates
412 3639 502 3693 autem
521 3632 650 3686 dicuntur
669 3651 682 3678 ι
703 3633 813 3700 nuptias
830 3634 916 3687 bene·
950 3631 1173 3699 ineantnuptias,
1184 3632 1335 3687 dummodo
1346 3646 1401 3687 non
1414 3635 1541 3692 simeon·

327 3723 433 3785 dicere,
454 3733 583 3785 sponsam
603 3719 763 3782 traducere,
783 3722 915 3788 nuptialia
950 3722 1093 3789 sanguinei
1107 3734 1203 3787 sponsi
1215 3728 1243 3774 ln
1255 3722 1344 3789 primo
1356 3723 1451 3790 gradu.
1486 3769 1491 3778 .

228 3876 232 3882 ι
326 3808 465 3862 celebrare
473 3805 605 3860 convivia.
619 3805 915 3861 ldatrimoniumautem
984 3811 1042 3861 1111.
1066 3808 1168 3861 Votum
1191 3814 1288 3873 quarto
1301 3809 1363 3862 loeo
1376 3808 1477 3862 dicitur
1493 3810 1542 3863 ob·

328 3893 543 3957 omnitempore
568 3891 692 3944 contrabi
720 3896 819 3957 potest.
840 3913 852 3939 ι
877 3895 915 3946 lta
952 3899 1026 3947 stare
1050 3891 1132 3946 licitae
1157 3893 1333 3946 celebrationi
1358 3893 1541 3957 matrimonii,
1569 3879 1573 3888 ’

327 3975 770 4030 llitualeltomanom.Benediotio
781 3988 844 4042 quae
857 3989 918 4043 pro·
952 3977 1020 4044 quin
1031 3973 1098 4029 illrid
1122 3976 1242 4029 dirimat.
1260 3976 1422 4044 lntelligitur
1440 3977 1545 4031 scilicet

329 4062 608 4125 bibetureaostquae
623 4058 744 4112 inllissa
759 4073 917 4126 prospouso
951 4067 1045 4116 votum
1072 4061 1189 4128 simplex
1217 4074 1233 4114 a
1263 4060 1387 4127 quolibet
1414 4060 1542 4128 privatim

327 4153 353 4202 et
363 4159 461 4214 sponso
472 4143 638 4200 continetur.
650 4145 725 4200 bleet
738 4145 822 4214 igitur
833 4146 915 4201 ritum
951 4147 1100 4211 emissum,
1113 4146 1156 4200 rel
1171 4145 1296 4212 publice,
1314 4145 1362 4200 sed
1375 4145 1410 4198 ab
1422 4143 1543 4200 Ecclesia

357 4436 383 4488 (tl
393 4435 445 4488 Cep.
456 4435 478 4475 ii.
489 4433 572 4475 debiat.
580 4438 685 4474 eontraet.
697 4439 771 4476 eontra
781 4434 918 4476 interdictum
979 4433 1007 4487 tlt)
1016 4433 1069 4486 Cap.
1078 4433 1150 4474 riirde
1159 4434 1219 4485 desp.
1229 4433 1282 4487 imp.

330 4505 386 4548 Eoel-
396 4506 411 4546 l.
422 4504 443 4545 ir
457 4503 490 4544 tit.
499 4502 550 4543 rrii.
978 4503 1006 4556 tt)
1021 4503 1074 4556 Cap.
1083 4503 1111 4544 ir.
1119 4510 1140 4544 et
1149 4515 1169 4545 r.
1178 4504 1205 4544 de
1213 4504 1274 4556 deep.
1284 4504 1337 4556 imp.

355 4575 383 4626 (a)
393 4573 450 4616 Trid.
462 4573 520 4615 Sese.
529 4571 584 4613 uir.
594 4583 613 4613 o.
622 4585 643 4614 ι.
655 4573 681 4615 de
692 4571 732 4616 rel.
981 4575 1009 4625 tt)
1018 4573 1042 4615 c.
1052 4573 1090 4614 Bar
1098 4574 1179 4614 batem
1187 4574 1215 4613 ll.
1223 4573 1250 4614 de
1259 4574 1320 4627 desp.
1326 4573 1380 4628 imp.
1451 4562 1458 4572 ⁴

354 4645 384 4696 (a)
394 4645 457 4685 beor.
468 4646 499 4683 td.
507 4639 558 4682 tulit
568 4653 603 4682 an.
615 4647 670 4685 luet.
981 4643 1008 4697 [8)
1018 4643 1070 4696 cap.
1080 4645 1144 4685 unico
1156 4643 1252 4697 de'deap.
1258 4643 1312 4697 imp.

357 4715 383 4766 (tl
393 4715 444 4764 Lep.
456 4718 473 4754 1.
484 4711 502 4763 5.
513 4711 539 4752 de
552 4723 628 4766 spone.

402 4787 464 4838 l'or..
484 4796 522 4835 ιιι.
1383 4785 1418 4834 dt
