3792 5550
639 548 707 599 CAP.
728 550 769 600 vl.
788 550 830 600 DE
848 548 985 600 vtltculo
1003 548 1206 600 ualetudini.
1478 533 1528 591 587

315 674 427 715 uxorem
452 662 565 715 dimittit
593 664 737 725 moeclrari,
767 671 902 728 quatenus
936 664 986 716 has
1006 664 1080 729 leges
1098 663 1270 729 judicaturus
1299 667 1341 713 est
1366 662 1454 719 lleus,
1479 655 1529 706 sed

318 768 329 792 ι
340 748 468 800 faciteam
486 748 677 811 moeelrarim
693 763 777 815 seque
798 751 902 804 adulte·
932 750 1008 815 Juxta
1031 762 1077 800 eas
1095 762 1164 813 quas
1183 748 1241 813 ipse
1262 746 1354 811 posuit
1374 743 1413 791 »Α
1427 744 1453 793 S.
1467 744 1530 792 dm-

312 833 346 884 rii
359 835 479 899 periculo
490 840 591 888 temere
610 850 640 887 se
650 836 759 899 objicit,
772 836 800 888 ni
810 836 902 889 forsan
935 834 1070 885 brosius:
1084 834 1228 885 «Dimittis
1242 844 1306 895 ergo
1326 843 1448 890 limem,
1461 840 1529 893 qua·

314 918 417 971 detecta
427 920 483 984 jam
497 921 589 972 uxoris
599 922 718 986 pravitas
729 936 791 974 eum
804 922 902 975 habeat
935 919 958 971 si
967 921 1028 985 jure
1041 920 1101 972 sino
1119 918 1250 980 crimine,
1263 923 1290 970 et
1303 924 1382 983 putas
1397 916 1423 966 id
1436 914 1485 966 tibi
1499 913 1529 963 li-

312 1011 480 1056 excusatum.
499 1008 616 1058 Tenetur
639 1012 728 1059 tamen
742 1008 842 1074 ipsese
862 1021 903 1060 ca·
936 1021 1014 1070 cere,
1034 1008 1097 1073 quia
1122 1008 1163 1059 lox
1179 1008 1298 1058 humana
1313 1018 1367 1057 non
1381 1002 1527 1069 prohibet:

311 1094 384 1140 stum
396 1090 687 1153 custodire,otuovas
703 1092 812 1156 nuptias
826 1093 903 1158 iuge·
936 1094 985 1145 sed
1014 1094 1105 1146 diviua
1137 1094 1274 1158 prohihet.
1303 1092 1351 1154 Qui
1372 1087 1529 1142 hominibus

314 1186 362 1236 re,
381 1176 796 1239 quamdiuvixerituxorintida.
935 1178 1114 1244 obsequeris,
1135 1183 1218 1231 iteum
1233 1191 1336 1232 verere.
1354 1175 1420 1228 dudi
1440 1176 1528 1241 legem

345 1261 903 1329 65.0diisBasilius:«Quaerciiquit
935 1264 1058 1328 Domini,
1080 1264 1123 1318 cui
1154 1264 1346 1328 obsequuntur
1375 1260 1457 1313 etiam
1482 1258 1528 1323 qui

310 1352 353 1399 est
366 1348 505 1410 adultera,
528 1350 549 1400 si
563 1350 597 1401 ad
614 1350 794 1402 aliumvirum
811 1363 902 1403 acces·
938 1350 1013 1413 leges
1034 1348 1124 1401 ierunt
1146 1365 1180 1399 z«
1200 1351 1264 1412 Quae
1284 1351 1353 1399 lleus
1374 1343 1528 1412 conjunxit,

312 1431 362 1493 sit;
373 1434 484 1485 relictus
500 1448 561 1487 vero
587 1441 628 1487 est
654 1436 752 1501 dignus
764 1436 843 1488 venia
856 1450 862 1486 :
876 1442 903 1487 et
936 1454 948 1480 r
970 1435 1053 1487 homo
1071 1448 1125 1488 uon
1147 1441 1264 1499 separet.
1281 1432 1319 1480 »⁷

308 1529 372 1580 quae
396 1531 460 1571 cnm
478 1531 510 1571 eo
532 1519 653 1581 habitat,
672 1534 726 1571 non
755 1520 816 1572 ideo
837 1533 903 1572 cou-
969 1521 1012 1569 67.
1034 1518 1093 1583 otj.
1118 1522 1143 1571 5.
1163 1522 1190 1571 S.
1214 1518 1357 1571 Zacharias
1382 1518 1452 1582 l‘apa
1476 1530 1529 1569 sae-

308 1603 485 1655 demuntur.»
498 1603 719 1656 ’lactantiusait
731 1626 742 1650 α
754 1618 816 1657 esse
828 1604 902 1657 adul·
935 1604 998 1655 culo
1016 1611 1112 1660 octavo
1127 1605 1168 1657 sic
1189 1604 1331 1669 loquitur:
1346 1623 1357 1647 ι
1377 1602 1530 1655 concubui-

312 1694 416 1751 terum,
437 1688 483 1753 qui
506 1702 520 1741 a
543 1691 641 1742 marito
663 1689 803 1741 dimissam
817 1690 903 1742 duxe—
935 1688 970 1740 sti
986 1702 1048 1741 cum
1061 1702 1156 1741 sorore
1179 1691 1271 1742 uxoris
1285 1691 1356 1742 tuaei
1378 1689 1401 1741 si
1419 1687 1526 1750 fecisti,

310 1774 361 1837 -rit,
377 1780 479 1827 etcum
493 1776 555 1839 qui,
570 1782 668 1839 praeter
680 1776 783 1827 crimen
798 1775 902 1827 adulte·
936 1782 1060 1827 neutram
1074 1776 1192 1827 haheas;
1207 1781 1235 1827 et
1256 1776 1279 1827 si
1302 1776 1362 1837 illa,
1384 1788 1446 1840 quae
1459 1786 1526 1826 uxor

311 1858 361 1922 rii,
375 1872 491 1912 uxorem
509 1860 655 1922 dimiserit,
672 1866 701 1912 ut
719 1861 830 1913 alteram
851 1861 901 1912 du·
936 1867 982 1911 tua
998 1859 1080 1911 fucrit
1093 1899 1099 1920 ‚
1114 1860 1224 1913 conscia
1246 1860 1357 1911 sceleris
1384 1872 1439 1911 uon
1460 1858 1526 1919 fuit,

309 1951 364 1997 cat.
380 1945 412 1991 »⁸
935 1944 958 1995 si
981 1957 1011 1996 se
1024 1944 1165 1997 continere
1184 1957 1241 1996 non
1253 1945 1326 2005 vult,
1345 1944 1525 1996 nubatiullu·

344 2031 385 2081 66.
400 2030 479 2093 llesp.
500 2029 590 2081 Basilii
610 2043 698 2083 canon
717 2030 902 2083 videturindi-
935 2030 1010 2081 mino
1032 2030 1074 2083 cui
1092 2030 1167 2083 velit.
1184 2033 1223 2082 'lu
1245 2037 1335 2082 autem
1356 2036 1383 2081 et
1402 2029 1526 2081 adultera

309 2126 374 2165 care
398 2114 528 2165 maritum
549 2115 583 2167 ab
602 2128 685 2169 uxore
698 2117 835 2169 desertum
851 2154 858 2179 ,
877 2116 901 2167 si
935 2116 995 2167 sine
1007 2130 1056 2181 spe
1069 2116 1188 2182 contegit
1201 2114 1393 2181 permaneatis.
1411 2113 1448 2159 »⁸

309 2198 392 2250 aliam
419 2206 575 2252 consortem
601 2201 643 2251 sui
679 2201 731 2253 tori
744 2200 823 2254 iaciat
833 2188 901 2266 ,'ve·
968 2202 1010 2253 68.
1024 2203 1103 2266 llesp.
1120 2204 1149 2253 ln
1163 2203 1274 2254 decreto
1286 2200 1333 2253 illo
1345 2199 1436 2252 uxoris
1448 2211 1526 2252 voca·

311 2282 385 2334 uiam
399 2284 526 2336 Ecclesiae
537 2284 643 2337 facilius
663 2286 807 2351 impetrare
818 2326 826 2351 ,
839 2288 900 2340 abs·
933 2287 1028 2339 bulum
1039 2290 1094 2339 lato
1107 2300 1191 2339 sensu
1204 2292 1351 2353 usurpatur
1368 2298 1417 2351 pro
1426 2298 1525 2348 sponsu

307 2382 364 2433 que
372 2370 489 2422 solemni
500 2372 659 2435 poenitentia
670 2387 678 2433 ;
691 2374 815 2437 quamvis
827 2373 898 2425 enim
934 2374 967 2423 cte
975 2372 1085 2437 tuturo,
1097 2372 1135 2424 uti
1148 2372 1243 2425 exiliis
1254 2372 1362 2425 verbis:
1376 2392 1388 2417 ι
1400 2376 1524 2423 neutram

314 2456 432 2521 graviter
454 2463 548 2521 peccet
569 2458 769 2511 cousuetudine
786 2458 899 2522 illicita,
935 2458 1039 2509 habeas
1060 2476 1071 2504 i
1095 2458 1242 2522 colligitur.
1261 2461 1338 2510 vetat
1356 2458 1438 2523 igitur
1456 2457 1525 2509 Pon·

315 2540 396 2606 culpa
406 2540 609 2603 quadammodo
627 2548 796 2605 extenuatur,
808 2542 900 2594 hahita
933 2542 997 2593 tilex
1012 2555 1046 2593 ne
1063 2540 1266 2593 matrimonium
1284 2542 1390 2593 ineatur
1403 2543 1445 2594 vel
1461 2554 1523 2592 cum

313 2625 419 2677 ratione
439 2625 550 2688 periculi
576 2626 619 2676 cni
645 2626 681 2677 ob
693 2626 785 2677 uxoris
796 2626 900 2678 crimen
934 2637 1037 2689 sponsa
1050 2662 1058 2686 ,
1075 2625 1118 2677 vel
1131 2626 1191 2690 eJ‘us
1211 2638 1306 2677 sorore
1319 2627 1410 2678 vitiata
1421 2664 1429 2687 ,
1442 2640 1525 2691 quam

309 2709 449 2776 objicitur.
463 2710 473 2743 ⁴
497 2711 651 2763 Lactantius
678 2710 770 2764 verbis
810 2712 900 2765 citatis
932 2708 1083 2762 adulteram
1096 2717 1174 2763 vocat
1187 2710 1222 2762 oli
1235 2710 1362 2763 violatam
1375 2711 1455 2763 fldem
1466 2712 1523 2764 viro

311 2808 419 2848 morem
437 2796 543 2862 legibus
556 2796 663 2861 imperii
677 2797 811 2849 sancitum
831 2797 900 2849 indi-
932 2793 1072 2860 sponsalia
1083 2797 1270 2849 contrahendo
1288 2797 1447 2862 praestitam.
1462 2799 1523 2850 Per-

309 2887 354 2933 cat
367 2895 374 2931 ε
388 2901 399 2926 ι
413 2882 465 2932 Sed
479 2881 569 2934 divina
580 2883 647 2934 lex»
667 2882 808 2949 subiungit
824 2882 898 2948 ipse,
932 2886 987 2932 stat
1002 2881 1153 2932 etiamnum
1168 2882 1220 2934 troc
1237 2883 1473 2948 impedimentum.

311 2987 324 3011 «
344 2966 382 3018 ita
400 2967 471 3019 duos
492 2966 520 3019 iu
539 2966 743 3020 matrimonium
757 2968 899 3033 ,quodest
964 2968 1006 3018 69.
1028 2965 1087 3032 otj.
1109 2969 1135 3018 t.
1155 2970 1254 3019 Durum
1268 2975 1310 3022 est
1329 2977 1356 3022 et
1379 2970 1523 3036 iniquum,

307 3051 336 3104 iu
362 3065 462 3117 corpus
475 3067 574 3116 unum,
591 3054 648 3118 pari
663 3056 724 3116 jure
737 3053 897 3120 coniungit,
931 3050 1106 3105 innocentem
1118 3053 1179 3119 cogi
1192 3055 1234 3107 vel
1245 3055 1279 3106 ad
1292 3068 1386 3107 secum
1406 3057 1523 3108 retincu-

309 3144 339 3191 ut
364 3138 470 3191 adulter
488 3139 619 3190 habeatur
640 3140 764 3205 quisquis
786 3151 897 3204 compa·
931 3139 995 3190 dam
1015 3140 1185 3203 adulteram,
1203 3143 1245 3194 vet
1266 3141 1301 3194 ad
1326 3143 1521 3196 continentiam

307 3237 370 3289 gem
384 3222 506 3289 corporis
533 3223 561 3274 iu
579 3223 685 3277 diversa
702 3224 866 3276 distraxerit.
883 3243 895 3270 t
931 3223 1066 3290 integram
1081 3227 1254 3279 servandam.

308 3309 393 3361 Porro
419 3308 584 3374 ingestum,
614 3296 677 3362 licet
700 3311 897 3374 imperatorum
964 3311 1005 3360 70.
1024 3309 1103 3374 desp.
1123 3312 1240 3364 Plurima
1266 3313 1394 3364 oriuntur
1420 3313 1522 3366 incom-

305 3393 524 3446 christianorum
536 3393 695 3446 auctoritate
708 3394 820 3446 lumatae
834 3431 842 3456 ,
855 3398 897 3447 to·
929 3393 1011 3446 moda
1025 3408 1057 3446 ex
1069 3395 1252 3448 indissolubili
1261 3397 1427 3450 matrimonii
1440 3413 1521 3462 nexu,

309 3479 413 3530 lerasse
430 3479 521 3543 potius
541 3491 623 3543 quam
636 3479 767 3543 probasse
780 3479 897 3534 divortia
930 3491 992 3544 quae
1010 3484 1101 3532 tamen
1114 3479 1221 3533 efficere
1242 3489 1397 3548 nequeunt,
1417 3489 1447 3536 ut
1462 3484 1522 3538 vin»

306 3565 345 3617 ob
357 3564 539 3631 adulterium,
553 3570 580 3616 et
592 3564 699 3630 nuptias
711 3565 775 3617 inde
788 3571 896 3618 secutas
929 3565 1021 3615 culum
1032 3579 1047 3617 a
1059 3567 1113 3619 lieo
1123 3566 1280 3632 impositum
1291 3570 1520 3636 hurnanojudicio

308 3649 407 3702 merito
430 3655 585 3702 censentur.
607 3668 623 3697 u
640 3649 722 3712 Aliae,
741 3667 752 3696 r
767 3650 856 3718 iuquit
868 3652 896 3702 S.
929 3650 1060 3703 solvatur.
1075 3653 1196 3707 Proiecto
1214 3668 1247 3707 ex
1258 3655 1382 3708 absentia
1396 3662 1442 3709 aut
1455 3659 1520 3710 rixis

308 3736 504 3802 Hieronymus,
530 3742 618 3810 «sunt
636 3737 711 3803 leges
740 3737 895 3800 Caesarum,
929 3737 1056 3803 coniugis
1069 3751 1143 3804 saepe
1156 3741 1243 3794 oritur
1255 3744 1405 3796 necessitas
1417 3757 1447 3796 se
1458 3757 1521 3798 con·

309 3821 371 3873 aliae
385 3823 482 3873 Christi
502 3838 507 3869 :
525 3822 598 3874 alind
623 3823 800 3888 Papinianus,
822 3823 894 3876 aliud
931 3822 1034 3875 tineudi
1056 3824 1226 3886 diutissime3
1247 3828 1313 3892 quin
1335 3829 1437 3882 idcirco
1458 3843 1522 3882 cum

307 3904 407 3956 Paulus
429 3912 520 3957 noster
543 3907 672 3970 praecipit.
686 3907 721 3953 »⁵
740 3909 767 3958 S.
781 3908 896 3972 Chryso·
931 3907 1049 3959 Luthero
1072 3908 1164 3961 dicere
1187 3918 1311 3974 oporteat
1328 3913 1377 3964 has
1395 3928 1457 3967 esse
1480 3915 1521 3967 di-

306 3997 415 4042 stomus
426 4004 457 4038 :n
469 3993 522 4042 Nec
534 3991 599 4041 milri
610 3991 708 4042 recites
721 3992 794 4057 leges
808 3996 896 4043 exter·
929 3990 1010 4042 vortii
1031 3991 1166 4056 legitimas
1188 3995 1317 4047 causas’
1337 3997 1426 4050 Oritur
1439 3999 1521 4051 etiam

306 4089 357 4128 nas
369 4112 377 4137 ,
390 4080 471 4139 atque
481 4074 625 4139 profanas,
646 4088 708 4140 quae
720 4075 842 4127 libellum
853 4089 895 4128 rc·
932 4075 1028 4126 eadem
1050 4078 1227 4132 continentiae
1247 4084 1398 4134 necessitas
1410 4097 1442 4135 ex
1454 4097 1521 4137 cou-

309 4159 386 4224 pudii
398 4159 478 4216 dare.
492 4172 524 4212 ac
537 4159 682 4212 divortium
696 4160 784 4212 lacere
798 4161 895 4226 praeoi·
926 4159 1000 4225 iugis
1023 4161 1138 4226 morbo,
1158 4164 1275 4230 aliisque
1295 4167 1438 4232 capitibus.
1449 4171 1519 4233 ,Quis

305 4244 401 4308 piuut;
424 4257 478 4297 non
501 4243 571 4295 enim
597 4244 718 4308 proiecto
743 4246 894 4298 secuudum
930 4247 1106 4300 tamewiude
1124 4251 1269 4304 concludet
1284 4254 1353 4307 solvi
1374 4250 1521 4323 oli'lrujus·

332 4505 359 4558 (ι)
371 4507 428 4546 liatt.
437 4519 456 4547 r.
464 4513 493 4546 ts.
503 4507 529 4559 (Ξ)
538 4509 575 4560 Ep.
586 4509 593 4548 l
604 4509 631 4550 ad
638 4483 773 4562 Amphiloch.
783 4521 829 4550 can.
839 4509 866 4550 ix.
952 4512 979 4563 (η
995 4513 1018 4552 ln
1032 4513 1084 4554 Luc.
1093 4514 1108 4554 l.
1118 4515 1162 4555 viri.
1172 4521 1192 4556 S.

263 4591 266 4596 ·
331 4577 357 4627 ta)
371 4575 424 4616 lust.
439 4575 453 4615 Ι.
465 4575 491 4616 ri.
501 4589 520 4618 c.
533 4578 590 4618 xxiii·
600 4580 625 4630 (t)
636 4579 749 4622 liccem.
762 4582 803 4622 xxi.
952 4582 978 4633 [8]
989 4582 1060 4622 Causa
1068 4583 1179 4637 mii.qu.
1189 4586 1225 4627 rii.
1236 4599 1282 4640 cnp.
1293 4588 1441 4632 concubuisti.

332 4644 359 4697 (³)
371 4645 408 4697 Ep.
418 4657 463 4685 m.
473 4647 500 4686 nd
509 4648 586 4689 Ocean.
952 4653 979 4702 (a)
994 4652 1078 4693 Comm.
1095 4654 1117 4694 iu
1130 4667 1149 4695 c.
1167 4655 1205 4696 vii.
1222 4656 1238 4698 l.
1254 4669 1288 4710 ep.
1307 4659 1334 4699 ad
1348 4659 1397 4700 Cor.
1411 4672 1447 4700 nn.
1461 4665 1517 4702 ¹523.

332 4717 360 4766 (u)
370 4717 393 4756 ln
404 4728 423 4755 c.
433 4716 468 4757 rli.
478 4729 512 4770 ep.
523 4719 529 4758 l
541 4721 567 4760 ad
586 4732 625 4760 or.
927 4721 1004 4774 script.
1526 4740 1530 4747 ·
