3792 5550
578 522 581 529 ’
612 552 680 604 cnr.
698 552 764 603 vm.
783 552 825 603 ou
843 507 1236 603 rurusoosrrururrouu.
1479 545 1524 598 ru

298 678 413 719 :sensus
426 676 491 719 VOPO
509 671 602 719 Πθὸῑθῐ·
617 665 743 731 deceptui
759 665 903 718 facillimus
934 661 1097 729 φοίνισσομῖηι
1118 662 1402 731 ᾰιμαειζφρίιιαιισεᾶευς
1424 686 1457 698 ····
1478 664 1528 737 00·

297 755 357 802 -est
375 764 380 800 :
395 748 438 801 illa
458 749 525 802 laisa
547 763 609 803 esse
626 763 689 807 uon
705 755 821 817 possunt
837 791 843 813 ,
861 750 904 803 bic
936 750 992 816 gito
1014 754 1147 814 quantum
1168 748 1286 813 adeptus
1312 749 1350 801 sis
1372 750 1528 809 bonorem,

296 876 299 881 a
317 836 416 901 saepius
430 841 512 901 atque
533 836 633 902 saepins
646 836 755 889 fallitur.
772 836 903 899 Quoniam
937 846 992 899 qua
1010 832 1109 885 fruaris
1130 833 1243 885 mensa?
1263 833 1340 895 Quod
1363 833 1456 900 Angeli
1474 840 1528 885 tro·

296 958 297 961 ¹
315 933 379 986 ergo
391 920 436 973 ille
448 921 515 973 dixit
527 936 533 972 :
546 922 603 975 Hoc
618 927 657 975 est
677 934 774 987 corpus
789 934 902 973 meum:
936 923 1016 970 munt
1033 918 1171 981 videntes,
1195 930 1246 970 uec
1269 918 1328 970 sine
1347 924 1423 974 metu
1440 917 1529 983 respi-

297 1045 300 1052 ,
315 1004 387 1057 nulla
400 1010 542 1057 teneamur
559 1006 757 1073 ambiguitate,
770 1006 817 1059 sed
843 1020 905 1058 cre·
937 1016 1000 1055 cere
1013 1003 1115 1055 audent
1136 1001 1171 1055 ob
1187 1002 1320 1067 fulgorem
1334 1002 1399 1055 inde
1414 1015 1529 1054 manao-

315 1090 429 1155 demus,
444 1097 471 1144 et
483 1092 570 1145 oculis
584 1093 738 1145 intellectus
750 1092 777 1144 id
795 1090 904 1158 perspi·
938 1093 1007 1150 tem,
1021 1100 1055 1140 eo
1073 1098 1125 1140 nos
1141 1086 1258 1151 alimur,
1280 1087 1344 1140 bule
1366 1086 1528 1140 commisce·

293 1204 297 1213 ·
313 1174 427 1228 ciamus.
442 1176 509 1228 Nihil
531 1178 604 1230 enim
626 1177 756 1230 sensibile
774 1177 904 1229 traditum
937 1172 1138 1238 mansuetique
1151 1186 1247 1225 sumus
1260 1173 1358 1225 Christi
1371 1186 1456 1225 unum
1469 1184 1528 1225 cor·

314 1259 418 1313 uobisa
431 1261 548 1324 Christo,
562 1262 610 1314 sed
622 1262 704 1315 rebus
717 1262 827 1328 quidem
841 1276 903 1315 sen·
936 1272 998 1323 pus,
1010 1262 1038 1311 ei
1049 1271 1104 1311 una
1116 1271 1189 1311 caro.
1198 1286 1232 1296 -
1242 1263 1306 1321 stirp
1315 1264 1380 1321 ιμῑε
1389 1259 1525 1328 spotmeri,

295 1343 440 1397 .sihilib'us
460 1360 466 1395 Ζ
490 1348 582 1399 omnia
616 1359 680 1400 vel'O
704 1360 766 1413 quae
792 1346 903 1399 tradidit
935 1345 1527 1414 τούτῳἄειφνρὸμιδαμιαὶγιγόημιεέμῑιεΧρισεεε

297 1426 484 1481 insensibilia
506 1436 578 1482 sunt.
599 1432 642 1484 Sic
662 1437 689 1484 et
714 1432 743 1483 in
765 1432 903 1498 baptismo
936 1442 1006 1493 cape
1017 1433 1036 1479 ι,
1048 1432 1088 1481 zei
1099 1430 1158 1499 σὰρξ
1170 1431 1225 1491 pia.
1238 1458 1269 1467 -
1286 1449 1298 1478 r
1316 1430 1381 1493 Quis
1400 1430 1528 1495 loquetur

313 1526 362 1578 per
379 1527 495 1579 aquam,
523 1528 585 1581 quae
609 1528 653 1567 res
682 1516 820 1569 sensibilis
841 1522 903 1580 est,
936 1515 1073 1582 potentias
1086 1514 1528 1569 bomini?auditasfacietomues

292 1597 416 1650 -donum
433 1599 498 1651 illud
517 1600 677 1653 conceditur
696 1600 790 1665 :quod
813 1606 904 1653 autem
937 1600 1033 1653 laudes
1053 1602 1130 1664 ejus?
1145 1600 1210 1664 Quis
1227 1606 1321 1666 pastor
1338 1599 1455 1666 propriis
1475 1598 1528 1651 sibi

313 1681 340 1733 in
355 1696 387 1735 ea
402 1683 555 1748 conficitur,
569 1685 739 1749 regeneratio
758 1684 905 1737 scilicetne
938 1686 1068 1737 membris
1081 1699 1146 1738 oves
1157 1687 1243 1739 nutrit
1253 1687 1265 1737 t
1276 1686 1379 1751 Ecquid
1391 1691 1528 1751 pastorem

314 1768 477 1831 renouatio,
508 1768 679 1833 intelligibile
704 1756 834 1832 quiddam
852 1775 903 1821 est.
939 1770 1022 1821 dico?
1044 1772 1142 1822 lintres
1175 1784 1250 1835 saepe
1282 1780 1361 1834 suut,
1382 1784 1445 1837 quae
1466 1776 1529 1836 post

312 1854 380 1904 llam
402 1852 476 1904 situ
505 1852 686 1917 incorporeus
708 1864 802 1915 esses,
834 1853 907 1905 nude
939 1857 1047 1918 partum
1069 1853 1186 1906 inientes
1202 1854 1263 1906 aliis
1275 1855 1427 1908 nutricibus
1444 1855 1527 1907 dant:

311 1936 374 2003 ipsa
387 1937 460 1990 dona
479 1937 638 2003 incorporea
660 1937 818 1991 tradidisset
835 1938 904 1990 tibi:
940 1937 1001 2004 ipse
1017 1951 1082 1993 vero
1098 1939 1125 1991 id
1145 1951 1201 1992 non
1218 1951 1317 2004 passus
1336 1945 1395 2003 est,
1411 1939 1460 1991 sed
1478 1950 1529 1994 nos

312 2021 445 2087 quoniam
469 2036 535 2076 vero
562 2022 669 2089 corpori
693 2025 837 2089 conjuncta
864 2028 906 2077 εει
939 2023 1051 2088 proprio
1064 2022 1199 2090 sanguine
1216 2023 1318 2086 nutrit,
1330 2028 1357 2077 ei
1370 2037 1421 2089 per
1438 2024 1530 2076 omnia

293 2144 296 2149 -
313 2107 406 2159 anima
421 2114 483 2172 tua,
499 2108 526 2158 ln
539 2106 715 2159 sensibilibus
728 2106 904 2180 intelligenda
937 2107 991 2161 sibi
1002 2110 1155 2175 copulat·
1165 2109 1295 2162 aaronis
1307 2118 1370 2171 εμᾶε
1380 2108 1451 2180 τρέφω
1462 2113 1529 2173 siren.

292 2190 362 2243 libi
381 2192 533 2245 traduntur.
552 2194 572 2244 0
592 2196 660 2258 quot
679 2192 763 2246 mOdO
786 2190 900 2244 didimi:
936 2194 1529 2260 daparr,mliriraeimortpaeriavrpevpsnizast

312 2276 415 2329 Vellem
429 2278 487 2343 elus
500 2278 625 2341 formam,
638 2282 742 2344 typum,
754 2278 904 2331 vestimen·
972 2282 1030 2333 250.
1051 2281 1111 2346 obj.
1133 2282 1173 2333 ll.
1185 2283 1398 2349 chrysostomus
1416 2283 1527 2337 scribit:

312 2366 359 2423 ιε,
380 2361 565 2415 calceamenta
587 2362 680 2416 videre
689 2364 699 2413 t
733 2364 802 2415 licce
826 2362 904 2415 illum
941 2387 954 2413 ε
972 2367 1046 2421 sicui
1069 2374 1216 2435 antequam
1235 2371 1420 2423 sanctificetur
1432 2369 1529 2435 panis,

312 2444 405 2506 vides,
426 2446 516 2511 ipsum
536 2446 640 2513 tangis,
660 2448 751 2513 ipsum
771 2448 903 2501 comedis.
939 2465 1038 2519 panem
1061 2455 1236 2507 nominamus
1256 2470 1262 2506 ε
1282 2455 1375 2509 diviua
1393 2462 1485 2508 autem
1498 2454 1530 2506 ll-

312 2554 345 2569 ··
355 2534 403 2581 ἴθιῦ
414 2533 477 2581 ‘iri'
487 2538 549 2601 ὄεᾶε»
562 2538 615 2581 &vri
627 2534 695 2595 talu,
706 2532 768 2583 abab
780 2535 867 2585 tostae
875 2560 906 2572 -
939 2538 998 2589 lum
1015 2540 1200 2591 sanctificante
1218 2539 1324 2605 gratia,
1338 2540 1476 2593 mediante
1488 2552 1533 2591 sa·

313 2618 346 2669 Et
359 2621 387 2669 tu
401 2616 512 2682 quidem
524 2618 686 2671 vestimenta
698 2619 792 2672 videre
807 2618 904 2683 cupis:
940 2621 1062 2685 cerdote,
1070 2621 1202 2674 liberatus
1216 2628 1259 2674 est
1269 2623 1381 2688 quidem
1394 2623 1429 2675 ab
1441 2624 1531 2688 appel·

310 2701 374 2767 ipse
386 2714 451 2755 vero
470 2703 591 2768 seipsum
605 2703 653 2755 tibi
668 2704 797 2767 dat‚uon
814 2702 908 2757 viden·
940 2706 1046 2759 latioue
1067 2707 1162 2771 panis;
1185 2706 1286 2774 dignus
1305 2713 1397 2759 autem
1419 2707 1529 2761 babitus

290 2820 293 2826 ι
312 2786 381 2838 dum
400 2787 498 2850 modo,
532 2789 580 2840 sed
604 2789 788 2855 tangendum,
816 2801 907 2842 come·
939 2791 1073 2846 bomiuici
1083 2792 1206 2859 corporis
1218 2793 1409 2859 appellatione,
1420 2793 1528 2846 etiamsi

311 2871 451 2935 dandum,
466 2873 906 2939 intusacoipieurlum.—utristi
939 2884 1038 2930 natura
1071 2879 1149 2944 panis
1171 2879 1199 2931 in
1225 2882 1288 2945 ipso
1305 2879 1476 2946 permansit,
1503 2886 1531 2933 et

313 2959 560 3030 inevitabilium,
579 2965 604 3008 ἐκ
623 2960 763 3023 iincipitur,
785 2964 848 3012 ἀλλὰ
866 2963 906 3013 καὶ
939 2973 996 3017 non
1021 2964 1076 3017 duo
1094 2978 1225 3032 corpora,
1249 2965 1299 3018 sed
1323 2979 1408 3018 unum
1430 2978 1530 3032 colpus

312 3046 444 3112 atatam,
465 3047 505 3096 zai
524 3062 621 3112 papan,
641 3069 681 3098 κει
699 3053 775 3102 λειω
791 3049 858 3100 tutor.
872 3077 904 3087 -
938 3050 998 3102 Filii
1016 3051 1063 3104 bei
1073 3053 1256 3118 praedicamus
1269 3067 1275 3102 :
1289 3052 1330 3105 sic
1341 3057 1369 3105 ot
1381 3053 1426 3105 bic
1439 3051 1531 3104 diviua

312 3133 904 3199 licqueenimsatisbabuitbominemlieri,
939 3137 1077 3190 insidente
1098 3138 1206 3203 corpori
1229 3142 1343 3200 natura,
1375 3151 1460 3189 uuum
1489 3137 1532 3188 Fi·

292 3217 400 3284 .alapis
422 3218 509 3281 caudi,
538 3218 692 3280 immolari,
718 3220 767 3270 sed
784 3219 905 3284 seipsum
939 3222 1026 3284 llum,
1048 3234 1131 3272 unam
1160 3233 1306 3286 personam
1326 3225 1442 3286 utraque
1472 3221 1530 3273 baec

313 3302 477 3356 commiscet
488 3302 643 3366 nobiscum,
656 3314 711 3355 non
724 3302 778 3354 lide
791 3308 906 3366 tantum,
941 3306 1075 3358 fecerunt.
1091 3321 1102 3349 a
1115 3303 1127 3336 ¹

293 3429 296 3435 Δ
313 3388 363 3441 εει
381 3389 473 3453 reipsa
485 3400 538 3440 nos
548 3400 649 3452 corpus
662 3399 742 3438 suurn
756 3387 906 3440 constituit.
974 3390 1033 3439 toi.
1052 3389 1131 3451 ltesp.
1143 3388 1216 3437 luter
1228 3384 1352 3437 eruditos
1364 3384 1532 3450 disceptatur

312 3473 544 3541 -ἂειιφύμειὶιιεεόε
557 3479 620 3536 trab,
633 3475 906 3536 κεὶιῦεῑιπισειιμὲειι,
941 3471 1203 3540 deep1siolaeillius
1223 3471 1374 3523 authentia.
1396 3473 1529 3527 Caetcruur

313 3566 379 3610 aare
391 3559 433 3608 κει
444 3581 500 3609 aare
517 3584 545 3624 sp
564 3561 684 3630 πριγμω
694 3573 762 3623 cupa
774 3569 836 3623 apes
852 3566 907 3611 tora
939 3565 1109 3614 noturoeuox
1119 3557 1209 3612 latiori
1219 3557 1334 3610 sumitur
1346 3571 1441 3623 sensu,
1450 3567 1531 3624 prout

294 3691 298 3694 .
313 3647 488 3708 κατασκευάζει.
500 3651 601 3712 Quanta
616 3662 680 3716 ergo
695 3649 812 3716 puritate
825 3661 908 3716 opor·
940 3660 1014 3712 saepe
1032 3645 1104 3712 apud
1117 3650 1238 3708 veteres,
1256 3655 1306 3710 pro
1319 3644 1531 3710 proprietatibus

314 3738 385 3786 teret
394 3746 526 3786 eumesse
536 3734 642 3800 quiboc
651 3733 904 3788 iruitursacrillcio!
940 3744 967 3791 et
986 3728 1165 3802 speciebus.⁸
1183 3731 1227 3784 Sic
1254 3731 1465 3798 Chrysostomus
1495 3732 1530 3785 de

297 3823 420 3886 nuanto
434 3819 516 3872 radiis
538 3819 675 3873 solaribus
686 3819 826 3886 puriorem
844 3834 906 3874 esse
939 3823 1033 3890 pueris
1062 3824 1091 3872 in
1117 3820 1227 3871 fornace
1249 3817 1356 3870 ardenti
1391 3819 1529 3884 loquens,

316 3909 457 3970 oporteret
481 3918 593 3958 manum
617 3905 717 3969 illam,
744 3918 806 3972 quae
838 3907 908 3960 banc
941 3910 1004 3962 ait:
1026 3907 1180 3973 «juvenum
1195 3904 1283 3968 pietas
1300 3916 1393 3955 rerum
1405 3909 1531 3956 naturam

316 4002 428 4042 carnem
441 3994 528 4053 secat,
545 4001 576 4041 os
586 3989 660 4054 quod
674 3989 807 4056 spirituaii
820 3991 908 4055 reple·
941 3992 1065 4046 mutavit.
1079 3989 1113 4036 »ι
1128 3991 1190 4054 ipso
1208 3988 1270 4041 loco
1290 3986 1398 4055 objecto
1418 3995 1531 4054 negatur

317 4080 362 4126 tur
379 4073 458 4140 igne,
472 4071 593 4139 linguam
616 4074 756 4126 tremendo
775 4073 908 4140 sanguiue
941 4077 997 4129 dno
1017 4087 1080 4128 esse
1094 4084 1210 4138 corpora
1222 4111 1228 4128 .
1242 4071 1367 4136 quamvis
1382 4071 1462 4136 panis
1480 4073 1531 4124 lto-

318 4159 909 4229 tinctam!-estasesitassezatnrttmna
943 4161 1037 4214 minici
1068 4158 1191 4225 corporis
1220 4157 1402 4222 appellatione
1431 4155 1531 4224 dignus

316 4249 350 4296 rb
368 4252 446 4296 raom
464 4245 614 4309 taurinum
632 4249 666 4298 ιιι
683 4249 772 4315 ειμι,
795 4245 819 4296 ιι
834 4247 909 4309 cripe
943 4246 1055 4300 babitus
1080 4243 1132 4305 sit,
1162 4241 1257 4307 utique
1281 4240 1346 4305 quia
1371 4241 1461 4294 iactus
1489 4250 1532 4296 est

304 4334 908 4403 ,adoperireturxoposnrtopoertrovmrabacorum
942 4333 1033 4399 ipsum
1058 4341 1142 4382 dnum
1174 4328 1234 4394 ejus
1261 4337 1380 4392 colpus,
1404 4328 1473 4382 adeo
1502 4335 1532 4382 ut

341 4597 371 4651 (ι)
387 4599 451 4639 ilom.
460 4598 529 4640 luxit.
538 4600 592 4642 alias
601 4599 679 4641 lxxxiii.
693 4600 714 4641 in
724 4600 798 4642 iirtth.
940 4597 969 4638 de
979 4589 1055 4648 lasci,
1063 4600 1079 4634 t.
1089 4593 1111 4633 ii.
1121 4594 1136 4633 l.
1146 4603 1165 4633 r.
1174 4591 1210 4632 eh.
1219 4590 1263 4631 viii.
1271 4596 1292 4631 et
1299 4603 1319 4631 r.

345 4668 374 4718 (ι)
390 4669 429 4720 lip.
442 4669 469 4710 ad
479 4669 596 4710 Cotonium
610 4670 749 4711 monachum.
966 4667 993 4721 (tl
1003 4666 1066 4706 llom.
1076 4663 1104 4704 ir.
1113 4662 1139 4703 ad
1148 4673 1200 4715 pop.
1208 4660 1306 4702 Antiorh.

345 4735 373 4786 ts,
384 4735 436 4777 Vide
449 4748 504 4790 opus
522 4749 579 4791 eope
597 4739 724 4780 laudatum:
737 4737 770 4779 Lo
784 4736 910 4790 perpetrate
