3792 5550
628 549 696 604 Chi.
717 554 737 604 1.
756 553 798 605 nu
816 555 988 608 sanurrrcu
1005 555 1178 606 mairana.
1449 529 1513 610 'rot

289 671 381 724 vnibus
397 673 470 725 cerni
483 686 540 726 non
557 677 679 738 poterat,
689 685 720 725 se
737 671 828 736 ipsum
838 683 888 736 pro
921 670 973 723 lert
984 683 1080 724 omnes
1093 670 1139 736 qni
1162 671 1362 724 Eucharistiam
1382 677 1513 736 sumunt,

305 757 380 811 nohis
397 758 516 811 hostiam
532 757 627 822 offert,
646 764 673 810 et
687 756 825 810 victimam
839 755 888 807 im·
922 771 1008 809 unum
1021 756 1089 810 ellici
1104 770 1220 822 panem,
1239 758 1303 824 quia
1317 760 1416 810 eodem
1430 759 1520 812 vesci*

304 842 400 906 molat,
432 843 562 896 sacerdos
587 843 670 895 simui
697 843 833 903 existens,
862 845 889 892 et
921 855 1002 905 mur,
1018 842 1109 908 specie
1126 843 1245 903 visibili3
1267 857 1352 895 unum
1371 857 1433 896 esse
1454 857 1514 897 cor·

304 939 385 993 agnus
401 928 464 989 liei,
491 928 537 980 ilie
559 929 607 994 qui
626 926 723 978 mundi
745 930 890 990 peccatum
922 942 994 994 pus,
1020 929 1083 995 qnia
1108 929 1181 982 idem
1210 929 1308 982 christi
1339 941 1440 994 corpus
1462 930 1516 982 suh

303 1011 377 1064 tollit.
389 1012 501 1076 Quando
512 1013 539 1065 id
551 1012 698 1078 praestitit?
711 1011 780 1064 Cum
792 1023 891 1075 corpus
923 1014 1016 1079 specie
1028 1014 1073 1066 iiia
1089 1015 1254 1080 recipimus:
1271 1035 1283 1061 α
1296 1015 1429 1078 Quoniam
1442 1027 1521 1066 unns‘

303 1109 381 1149 aarum
405 1098 545 1163 discipulis
567 1097 734 1164 concrepatis
755 1097 890 1148 edendum
923 1100 1013 1166 panis,
1032 1114 1116 1152 nnnm
1132 1113 1232 1166 corpus
1245 1101 1322 1153 multi
1333 1114 1443 1162 sumus,
1455 1111 1516 1152 cm⁴

303 1186 326 1234 et
337 1183 497 1250 sanquinem
516 1182 661 1236 oeternum
677 1181 811 1248 proetott,
825 1185 890 1234 tunc
923 1199 974 1239 nes
992 1187 1038 1252 qni
1058 1187 1093 1240 de
1111 1200 1166 1240 nno
1192 1199 1262 1252 pane
1280 1187 1513 1252 participamus.»

304 1273 392 1333 aperte
413 1270 563 1323 declaravit
580 1271 642 1338 agni
663 1270 890 1336 sacrificiumjam
923 1273 953 1324 ld
980 1273 1079 1338 prohat
1102 1286 1135 1326 ex
1157 1273 1298 1326 consortio
1318 1285 1413 1334 sacro,
1440 1271 1519 1338 quod·

304 1363 362 1406 esse
380 1354 541 1419 perfectum.
556 1375 568 1402 s
583 1355 593 1388 ¹
923 1357 1044 1410 inierunt
1058 1357 1204 1421 israelitae,
1214 1356 1333 1412 victimis
1348 1361 1404 1410 lieo
1416 1356 1533 1410 oblatis„

335 1439 374 1489 at.
396 1442 422 1492 s.
436 1442 557 1493 loannes
571 1442 800 1508 Chrysost'cmns:
817 1445 890 1494 «Pro
922 1448 1067 1496 vescentes
1086 1459 1093 1494 ε
1109 1463 1121 1490 o
1139 1444 1235 1497 videte
1258 1444 1342 1496 lsrael
1363 1442 1523 1496 secundnm

303 1523 374 1577 caede
383 1525 528 1578 brutorum
540 1526 701 1579 Christusse
710 1526 801 1592 ipsum
809 1527 891 1592 jnssit
924 1541 1034 1581 carnem
1048 1545 1055 1580 :
1067 1542 1159 1583 nonne
1174 1530 1221 1596 qni
1231 1530 1316 1582 edunt
1325 1529 1444 1592 hostias,
1454 1541 1516 1593 par·

302 1607 408 1675 offerri,
431 1611 577 1677 ipsumque
608 1610 772 1665 sacrificium
802 1601 890 1663 muta-
926 1613 1023 1679 ticipes
1032 1616 1240 1668 suntaitarisi»
1251 1615 1317 1667 inde
1326 1615 1416 1666 innuit
1425 1613 1523 1678 sequi,

300 1694 345 1747 vit.
365 1695 403 1742 »ἱ
791 1711 793 1716 ·
926 1709 976 1750 ecs
994 1699 1041 1763 qui
1057 1700 1240 1752 vescebantur
1251 1701 1429 1766 idolothytis,
1442 1699 1475 1750 iis
1488 1699 1520 1750 in

331 1781 374 1834 25.
386 1783 413 1834 S.
428 1783 617 1849 Augustinus:
634 1801 647 1828 a
660 1781 894 1835 sacrificaremar·
926 1795 1018 1835 rerum
1036 1784 1170 1850 adjunctis
1189 1787 1329 1852 inquibus
1343 1785 1518 1838 manducatio

297 1865 405 1932 tyrihus
424 1866 501 1930 dixi,
520 1867 586 1930 (esse
596 1866 744 1932 peccatam)
765 1879 821 1920 non
840 1867 894 1918 dixi
925 1881 989 1922 cnm
1001 1869 1267 1924 victimaeohiatione
1283 1871 1517 1930 connectebatur,

299 1951 456 2005 sacrificare
465 1955 519 2006 Deo
532 1952 560 2005 in
577 1953 719 2006 memoriis
729 1958 893 2020 martyrum3
927 1967 991 2007 esse
1012 1954 1176 2008 idololatriae
1197 1969 1276 2019 reos,
1290 1956 1354 2009 iicet
1372 1955 1445 2008 idola
1464 1953 1521 2018 ipsi

296 2037 372 2102 quod
384 2036 610 2104 frequentissime
619 2039 752 2103 iacimus,
766 2039 814 2092 iiio
827 2039 895 2091 dun·
927 2051 983 2092 non
996 2041 1128 2094 coierent.
1147 2041 1204 2092 sihi
1217 2026 1310 2093 antem
1330 2038 1432 2106 objecit
1445 2038 1525 2090 idola¹

298 2126 371 2176 taxat
394 2125 474 2188 ritu,
500 2125 546 2191 qni
574 2125 626 2178 sihi
656 2125 804 2178 sacrificari
828 2126 894 2179 novi
926 2139 996 2180 uana
1011 2140 1073 2180 esse
1085 2133 1111 2180 et
1123 2127 1215 2179 inania
1233 2140 1295 2193 qnae
1307 2127 1403 2179 fideles
1420 2138 1520 2192 nequa

298 2207 466 2262 Testamenti
492 2209 716 2264 manifestatione
735 2211 890 2277 praecepit:
928 2224 1010 2277 quam
1036 2213 1127 2266 coiere.
1144 2214 1271 2266 velient:
1299 2212 1344 2265 cui
1368 2211 1525 2276 respondet

299 2293 374 2356 quod
398 2294 517 2360 pertinet
542 2296 575 2348 ad
603 2296 681 2349 ilium
703 2297 825 2359 cultum,
846 2297 892 2362 qni
927 2302 1024 2374 gentes
1037 2297 1163 2351 victimas
1182 2298 1273 2350 cuitus
1293 2310 1376 2352 causa
1397 2296 1518 2355 oiierrc,

298 2379 377 2432 latria
398 2380 516 2443 dicitur,
539 2385 566 2435 et
586 2383 633 2434 nni
652 2386 707 2436 iteo
722 2384 846 2436 debetur.
858 2383 894 2430 »ὅ
926 2380 1045 2447 ideoque
1057 2395 1113 2435 non
1131 2383 1214 2436 licere
1227 2383 1532 2448 aliquatennsconsor-·

330 2465 372 2517 26.
387 2467 530 2533 anglicani
549 2468 661 2534 plurimi
676 2474 829 2535 agnoscunt
846 2469 894 2520 Pa·
928 2466 997 2517 tium
1009 2479 1072 2518 cnm
1083 2467 1116 2519 iis
1129 2467 1199 2520 inire
1209 2505 1217 2530 ,
1229 2468 1348 2520 victimis
1360 2467 1500 2520 vescendo
1510 2485 1534 2529 ‚·

296 2553 353 2603 tres
378 2552 545 2606 sacrificium
574 2567 589 2606 a
610 2553 717 2607 Christo
739 2554 894 2606 institutum
929 2550 1519 2612 ctnelasessevictimaEucharisticavesci,

297 2635 457 2689 tradidisse.
472 2637 588 2689 Grabius
598 2638 664 2691 dicit
675 2651 841 2691 consensum
853 2651 896 2691 ve-
929 2639 993 2699 post
1010 2634 1167 2700 huiusmodi
1179 2634 1324 2700 profanum
1336 2635 1504 2687 consortium
1512 2646 1528 2683 ;·

295 2725 391 2774 terum
408 2721 461 2775 hac
476 2722 512 2775 dc
529 2735 559 2775 re
576 2723 645 2777 adeo
663 2723 781 2787 clarere,
806 2728 837 2776 nt
852 2723 897 2777 vix
930 2737 947 2767 «
964 2719 1033 2784 Quid
1047 2720 1135 2786 ergo?
1154 2719 1216 2772 dico
1238 2719 1312 2785 quod
1324 2718 1407 2771 idolis
1420 2719 1524 2771 immo«

296 2806 333 2859 de
367 2805 423 2860 aiio
447 2806 512 2859 fidei
530 2809 630 2861 arcano
650 2813 724 2862 tanta
749 2808 896 2863 concordia
930 2805 1016 2858 latum
1034 2806 1070 2858 sit
1082 2805 1208 2871 aliquid?
1221 2810 1267 2857 aut
1280 2805 1354 2871 quod
1367 2805 1471 2858 idolum
1486 2804 1526 2857 sit:

299 2891 475 2945 habeatur*
930 2891 1054 2957 aliquid?
1079 2891 1132 2943 Sed
1156 2904 1218 2957 qnae
1238 2890 1382 2943 immolant
1400 2892 1520 2953 Gentes,

336 2978 379 3029 27.
400 2976 539 3030 Probatur
556 2978 580 3027 l.
601 2990 636 3029 en
652 2976 774 3041 Apostoli
797 2976 894 3031 omlis.
931 2976 1075 3030 daemoniis
1085 2976 1246 3041 immolant,
1265 2981 1293 3030 et
1304 2990 1361 3030 non
1376 2978 1442 3029 ileo.
1453 2976 1534 3030 licio

303 3064 393 3126 Quum
404 3063 563 3115 i’auinscos
576 3062 729 3129 increparet
747 3064 793 3130 qui
807 3066 897 3118 cultus
931 3067 1022 3115 autem
1039 3075 1090 3115 ros
1108 3062 1199 3116 socios
1217 3062 1277 3115 lieri
1300 3060 1521 3115 daemoniorum:

302 3146 446 3200 idolorum
455 3148 627 3213 aliquatenus
639 3148 784 3214 participes
795 3151 898 3203 Eucha-
931 3158 987 3199 non
1000 3146 1115 3211 potestis
1127 3147 1241 3199 calicem
1253 3146 1360 3198 homini
1371 3146 1484 3209 hibere,
1495 3151 1523 3197 et

302 3230 898 3297 ristiamsumercaudehant,argumentum
933 3231 1046 3283 calicem
1075 3229 1275 3282 daemoniorum
1301 3240 1382 3280 :non
1405 3228 1531 3292 potestis

303 3316 467 3371 exvictimae
480 3314 674 3367 Eucharisticae
685 3320 782 3367 natura
792 3317 900 3368 desum·
933 3326 1037 3366 mensae
1050 3312 1157 3364 iiomini
1167 3310 1314 3377 participes
1323 3323 1394 3372 esse,
1408 3316 1435 3362 et
1446 3323 1532 3362 men--

300 3402 358 3469 psit
373 3418 380 3454 :
398 3422 411 3448 «
426 3400 499 3453 calix
513 3398 732 3461 benedictionis,
753 3399 797 3453 cui
820 3400 901 3453 hene·
934 3410 972 3450 sae
985 3396 1195 3449 daemoniorum.
1209 3414 1222 3441 1>
1236 3393 1385 3459 Loquitur,
1399 3397 1523 3458 ntpatet,

300 3488 546 3549 dicimus,nonne
560 3482 770 3538 communicatio
790 3484 900 3551 sangui·
933 3482 969 3535 de
987 3494 1083 3533 mensa
1095 3481 1122 3533 in
1135 3494 1189 3548 qua
1206 3478 1416 3546 apponebantur
1427 3491 1536 3532 carnes·
1621 3476 1629 3488 ’

299 3573 347 3625 nis
361 3569 464 3623 Christi
483 3572 585 3623 esttet
597 3569 693 3635 panis,
706 3582 788 3635 quem
800 3569 900 3637 frangi·
933 3567 1123 3631 victimarum,
1138 3568 1173 3622 de
1194 3568 1272 3620 altari
1292 3565 1395 3619 scilicet
1419 3565 1447 3618 in
1470 3580 1535 3632 qna·

300 3670 385 3720 mus,
405 3667 498 3707 nonne
513 3654 684 3721 participatio
708 3655 831 3721 corporis
852 3658 902 3709 iio-
933 3655 1228 3719 immoiahantur‚non
1241 3654 1368 3721 equidem
1381 3654 1525 3708 demensa

303 3742 376 3795 mini
395 3740 506 3794 esti»i
524 3743 579 3795 Vox
592 3742 684 3794 Graeca
703 3744 800 3791 ztir-via
816 3741 901 3809 aptis·
933 3740 1088 3803 communi}
1099 3753 1215 3806 eamque
1227 3754 1289 3793 cum
1302 3752 1399 3791 mensa
1417 3736 1531 3792 homini

304 3827 378 3881 s‘ime
407 3826 533 3892 exprimit
558 3826 684 3880 sacrificii
713 3829 898 3890 consortium,
933 3823 1524 3891 conferens,indicatinhacapponicarnem

301 3912 426 3966 rictimae
445 3924 542 3963 carnes
557 3912 760 3967 manducando.
781 3914 847 3966 inde
860 3914 901 3966 in·
934 3911 1075 3974 victimae,
1097 3923 1198 3975 corpus
1210 3909 1315 3962 scilicet
1333 3907 1441 3960 Christi.
1455 3906 1531 3957 Gaii-

333 4175 361 4229 [l)
378 4174 440 4217 Orat.
453 4173 467 4213 i.
476 4172 586 4213 inchristi
596 4183 677 4213 resurr.
939 4170 1050 4211 dominion
1062 4169 1119 4222 ,and
1131 4169 1169 4209 the
1184 4166 1374 4208 commemoraticn
1383 4177 1409 4205 or
1417 4175 1538 4217 represens

332 4246 362 4297 (2)
374 4246 400 4286 ln
411 4243 427 4283 i.
435 4243 463 4283 ad
472 4242 521 4282 Cor.
531 4242 590 4282 honr.
599 4240 653 4282 uir.
936 4240 1004 4281 tation
1013 4239 1038 4279 oi
1050 4239 1087 4279 the
1102 4237 1203 4279 sacrifice
1215 4236 1239 4276 ol
1253 4236 1332 4277 Cunrsr
1343 4233 1435 4275 finished
1452 4245 1480 4273 on
1488 4235 1528 4275 tire

328 4316 359 4368 ia)
372 4317 443 4356 Lar.
452 4318 525 4353 contre
536 4312 640 4353 Faustum
651 4322 670 4351 c.
678 4310 719 4351 ui.
936 4311 1030 4351 Crocon
1050 4310 1080 4350 De
1097 4308 1138 4348 hac
1156 4304 1262 4347 sententia
1277 4304 1330 4346 dicit
1343 4316 1369 4343 r«
1385 4304 1454 4344 'i'here
1466 4302 1485 4343 ia
1503 4303 1537 4343 in<

335 4384 365 4439 it)
385 4385 463 4425 Narrat
483 4381 661 4435 disceptationem
679 4379 733 4421 inter
750 4390 816 4421 suos:
830 4380 903 4421 «This
935 4379 1012 4421 behall
1016 4379 1041 4419 ol
1049 4378 1093 4419 this
1101 4376 1191 4431 opinion
1204 4374 1259 4416 such
1274 4387 1286 4415 a
1300 4378 1389 4415 consent
1397 4373 1463 4414 nithe
1470 4379 1528 4413 most

301 4456 381 4510 point,
400 4453 499 4505 nnmely,
519 4464 562 4494 was
579 4451 691 4505 disputem,
709 4451 805 4493 whether
824 4450 846 4490 in
865 4451 902 4491 the
935 4448 1022 4490 ancient
1031 4449 1120 4491 fathers
1129 4447 1171 4487 and
1180 4456 1304 4487 successore
1312 4444 1336 4485 oi
1340 4443 1527 4496 thehpoetIea,u

301 4522 438 4573 Eucherius,
453 4522 489 4561 the
504 4522 569 4563 breed
588 4523 630 4562 and
647 4521 716 4572 uine,
732 4520 775 4561 arrd
791 4520 847 4561 atter
864 4521 901 4561 the
935 4520 955 4561 is
971 4530 1022 4561 seen
1033 4518 1057 4559 in
1066 4517 1161 4569 scarcely
1170 4527 1212 4568 any
1226 4520 1321 4567 mystery
1329 4514 1354 4554 oi
1365 4513 1402 4553 the
1416 4510 1538 4553 christiam

301 4594 409 4649 mystica}
418 4592 565 4633 consecration
573 4620 580 4643 ,
588 4593 625 4633 the
634 4592 698 4634 Flesh
708 4591 750 4633 arrd
758 4590 825 4632 itlood
834 4590 859 4631 oi
865 4591 903 4631 ihc
936 4588 997 4630 luith.
1008 4602 1019 4626 e
1028 4587 1098 4629 Grabe
1107 4587 1151 4629 lis.
1164 4582 1304 4635 Adversaris,
1312 4581 1369 4636 apud
1383 4579 1513 4623 oxonienses
1521 4604 1541 4629 ‚2

304 4666 380 4716 Lonn,
391 4674 428 4704 are
441 4662 521 4703 offered
538 4674 596 4715 upon
611 4662 647 4702 the
664 4662 715 4715 hely
724 4661 795 4712 table,
810 4670 834 4701 as
843 4671 902 4713 upon
935 4659 1006 4699 Tract
1015 4663 1038 4698 til
1046 4685 1053 4709 ,
1061 4667 1083 4709 p.
1093 4661 1138 4696 att.
1471 4650 1474 4653 ’

306 4747 337 4791 ⁸.ss
347 4735 406 4775 altar
415 4738 437 4775 to
446 4732 502 4785 Gon,
510 4732 543 4773 ior
551 4732 587 4773 the
597 4731 707 4786 ieeiilying
715 4731 740 4773 ol
745 4731 785 4773 liis
802 4742 903 4783 supreme
962 4728 989 4781 itt)
999 4728 1017 4768 i.
1027 4727 1077 4769 Cor.
1088 4738 1109 4767 1.
1123 4732 1154 4767 lc.
