3792 5550
339 524 410 587 'tbi
679 534 793 584 tunel.
809 532 878 585 llll.
900 534 927 584 d.
948 534 968 583 l.
988 534 1029 583 bu
1048 530 1272 584 ddcdhnlsml.

362 664 406 705 ma
418 652 517 704 invicte
534 650 756 703 demonstrantur
770 664 802 702 ex
820 647 949 714 liturgiis
985 649 1044 701 haec
1061 649 1143 703 habret
1156 665 1163 700 ε
1176 669 1188 694 ι
1199 651 1310 702 Gustate
1326 655 1354 703 et
1372 650 1481 710 videte,
1502 647 1576 713 uttod

363 737 490 789 omnihus
503 734 701 800 antiquissimis
712 773 719 797 ‚
730 740 788 788 toto
802 735 868 788 orbe
879 734 951 786 chri·
985 732 1120 800 benignus
1135 739 1178 785 est
1199 734 1348 798 Dominus,
1370 735 1418 800 qui
1437 734 1471 785 in·
1485 738 1577 798 partes

363 821 610 885 stianousurpatis.
986 818 1166 883 distributus,
1190 834 1222 873 ae
1244 834 1299 873 non
1321 820 1446 882 divisus,
1465 825 1492 872 et
1516 818 1577 869 hde-

395 908 454 957 ado.
474 905 621 958 Probatur.
643 904 763 971 liturgia
783 908 810 957 S.
832 904 951 968 iacobi,
986 904 1058 956 libus
1071 904 1240 969 impartitus,
1258 918 1310 957 nec
1322 909 1506 969 consumptus
1519 907 1576 963 est,

359 993 436 1057 juxta
451 992 573 1045 codicem
587 991 614 1043 in
639 992 805 1044 Bibliotheca
828 998 952 1044 veterum
987 990 1015 1041 in
1033 990 1224 1043 remissionem
1241 996 1417 1055 peccatorum
1441 994 1469 1041 et
1492 987 1574 1040 vitam

364 1079 483 1140 Petrum,
493 1076 692 1131 invocationem
704 1077 825 1130 continet
836 1077 952 1142 spiritus
987 1082 1128 1129 aeternam.
1138 1097 1151 1122 a
1163 1077 1290 1129 Precatur
1302 1077 1418 1141 insuper
1431 1072 1575 1127 sacerdos:

364 1160 473 1213 sancti:
496 1182 507 1206 a
533 1164 565 1213 Ut
589 1162 785 1227 superveniens
809 1167 902 1215 sancta
926 1168 954 1213 et
990 1168 1045 1214 «ut
1069 1164 1137 1215 citra
1159 1160 1421 1214 condemnationem
1439 1158 1576 1226 particeps

364 1244 437 1297 bona
450 1251 477 1297 et
490 1246 610 1319 gloriosa
628 1261 677 1299 sua
691 1247 836 1313 praesentia
855 1246 955 1299 sancti·
988 1246 1050 1300 liam
1063 1248 1151 1301 sancti
1162 1248 1285 1313 corporis
1298 1254 1325 1300 ct
1341 1245 1454 1313 pretiosi
1468 1243 1578 1310 sangui-

332 1394 334 1399 ·
365 1328 426 1382 ticet
440 1337 466 1383 et
478 1332 575 1397 officim
584 1332 658 1385 branc
669 1346 768 1397 ponem
779 1345 876 1398 corpus
887 1344 955 1383 sun-
988 1333 1031 1383 nis
1050 1333 1077 1383 in
1090 1332 1282 1385 remissionem
1299 1336 1490 1397 peccatorum,
1502 1335 1528 1381 et
1538 1327 1590 1377 ιι·

362 1419 439 1469 ctum
467 1416 569 1469 Christi
591 1417 642 1469 tui.
668 1420 761 1467 Amen.
783 1418 816 1469 ht
844 1416 955 1469 calicem
988 1422 1226 1470 tamaianam·

365 1499 438 1553 burae
447 1502 596 1565 pretiosum
615 1502 775 1567 sanguinent
789 1501 891 1554 Christi
902 1501 954 1566 tui.
1022 1504 1080 1554 aot.
1100 1504 1193 1555 Codex
1209 1500 1372 1575 lienaudotii
1393 1489 1496 1551 lrabet':
1508 1517 1520 1541 ιι
1533 1499 1579 1547 Sa·

364 1588 459 1637 Amen.
478 1586 510 1632 »¹
534 1589 606 1639 Alter
628 1588 714 1639 codex
737 1601 819 1652 quem
842 1586 955 1639 exhibet
989 1587 1087 1641 cendos
1107 1587 1205 1653 accipit
1218 1599 1319 1652 corpus
1337 1584 1438 1636 Christi
1457 1584 1552 1635 dicens
1572 1596 1577 1629 :

365 1670 551 1724 henandotius
578 1672 660 1723 hahet
678 1688 684 1722 :
704 1690 720 1720 a
743 1675 774 1725 Ut
802 1672 952 1725 adveniens
992 1675 1134 1733 «Praesta.
1154 1672 1287 1731 nomine,
1318 1677 1347 1724 ut
1377 1668 1580 1721 sanctificentur

366 1754 464 1807 efficiat
489 1769 587 1821 panem
604 1756 687 1808 istum
702 1770 802 1821 corpus
824 1759 954 1818 coeleste,
990 1776 1005 1805 a
1023 1770 1138 1823 corpora
1153 1763 1245 1809 nostra
1268 1770 1318 1823 per
1341 1767 1443 1819 corpus
1456 1759 1580 1805 sanctum

364 1852 466 1905 corpus
479 1841 622 1894 animabus
630 1849 657 1894 et
666 1843 828 1913 corporibus
838 1844 955 1894 salutem
989 1860 1005 1890 n
1023 1851 1116 1906 tuum,
1134 1849 1162 1895 et
1177 1840 1357 1907 purificentur
1369 1839 1470 1891 animae
1480 1842 1580 1889 nostra·

279 1914 285 1925 '
366 1931 516 1989 praestans,
536 1927 752 1991 corpusbomini
765 1927 810 1979 liei
823 1933 850 1979 et
863 1929 956 1979 Salva·
990 1947 1006 1975 n
1023 1922 1578 1995 persanguinemtuumpropitiatorinn1.··

367 2008 434 2061 toris
457 2012 544 2063 nostri
560 2015 625 2064 lesu
643 2012 761 2076 Christi,
775 2013 803 2064 in
817 2012 956 2066 remissio·
989 2031 1006 2061 ιι
1024 2014 1073 2065 liat
1084 2011 1280 2066 Eucharistiam
1291 2010 1401 2062 dicens:
1413 2028 1429 2056 a
1440 2009 1546 2073 Corpus
1555 2012 1580 2058 et

352 2108 430 2146 vnem
454 2103 644 2161 peccatorum,
665 2104 691 2150 et
714 2099 797 2151 vitem
824 2104 954 2151 aeternam
991 2116 1007 2144 a
1023 2098 1135 2164 sanguis
1154 2097 1259 2150 bomini
1283 2095 1370 2149 nostri
1393 2097 1460 2147 lesu
1483 2091 1580 2144 Christi

364 2180 562 2244 accipientibus
585 2182 660 2233 illud.
683 2202 695 2227 ι)
720 2184 839 2248 Populus
863 2183 928 2236 dicit
947 2200 953 2234 :
990 2201 1006 2231 n
1023 2184 1103 2236 datur
1120 2183 1170 2236 tihi
1189 2183 1216 2234 in
1228 2182 1336 2236 veniam
1348 2180 1534 2240 delictorum,
1554 2184 1580 2229 et

370 2284 382 2307 a
400 2267 493 2317 lmen.
509 2285 519 2309 v
534 2286 545 2309 ιι
560 2267 591 2317 ut
601 2266 711 2317 mistum
724 2268 797 2331 quod
808 2273 850 2319 est
863 2270 889 2319 in
903 2269 956 2321 hoc
990 2287 1006 2317 a
1023 2269 1214 2322 remissionem
1228 2275 1402 2335 peccatorum
1422 2266 1450 2317 in
1465 2270 1579 2331 utroque

368 2348 468 2412 calice,
494 2349 591 2402 efficiat
609 2351 769 2418 sanguinem
789 2355 956 2408 Testamenti
990 2373 1006 2402 n
1024 2355 1135 2408 saeculo.
1153 2376 1165 2399 r

368 2433 441 2493 novi,
455 2435 617 2502 sangninem
628 2437 784 2500 salutarem,
793 2439 956 2504 sanguinem
1023 2441 1082 2491 505.
1101 2439 1215 2506 cyrillus
1226 2436 1492 2505 hierosolymitanus
1502 2434 1579 2501 plane

368 2516 697 2587 vivilicurn‚sanguinem
718 2523 875 2585 caelestem,
896 2537 957 2576 san·
990 2538 1057 2577 usus
1077 2531 1120 2577 est
1143 2525 1193 2577 hac
1221 2524 1357 2589 liturgia,
1378 2521 1460 2573 ritum
1490 2524 1578 2590 autem

365 2603 955 2673 guinemanimabusetcorporihussalutem
990 2624 1131 2677 exponens
1147 2609 1213 2674 dicit
1232 2608 1352 2662 invocari
1367 2607 1500 2673 spiritum
1518 2618 1579 2656 san-

368 2694 559 2754 praestantem‚
575 2691 736 2757 sanguinem
749 2693 855 2745 bontini
869 2695 956 2747 nostri
990 2704 1075 2759 ctum,
1090 2717 1102 2741 ι
1117 2701 1146 2749 ut
1164 2696 1245 2748 iaciat
1264 2707 1363 2760 panem
1385 2704 1488 2757 corpus
1507 2688 1578 2741 Chri-

368 2774 431 2825 lesu
455 2775 568 2837 Christi,
597 2776 625 2826 iu
650 2777 840 2830 remissionem
858 2793 957 2844 peccu-
990 2782 1142 2842 sti,vinum
1162 2779 1325 2847 sanguinem
1336 2778 1473 2832 christi.»
1494 2805 1526 2813 -
1545 2779 1577 2824 im

367 2865 476 2920 tommo
498 2867 525 2912 θῑ
548 2860 629 2913 vibam
651 2868 779 2914 aelernaln
805 2864 951 2929 suscipien·
989 2871 1064 2928 ποιίσῇ
1079 2866 1162 2931 carpsit
1173 2871 1231 2935 ἄρτοι
1245 2878 1314 2930 capa
1324 2875 1424 2935 Χριστῦ,
1444 2864 1478 2914 vir
1495 2869 1576 2914 leiim

369 2942 533 2997 tibusillum.
546 2966 557 2990 n
570 2947 689 3011 Populus
701 2947 767 3014 dicit
780 2963 786 2998 :
801 2967 815 2996 ιι
825 2952 956 3002 nmen.»2
990 2960 1052 3017 arpa
1066 2963 1162 3023 xpm.
1186 2954 1277 3007 Refert
1298 2953 1472 3006 sacerdotem
1492 2949 1577 3016 porri·

400 3030 458 3078 501.
478 3031 525 3082 llle
538 3044 619 3096 quem
632 3032 708 3096 prius
720 3033 891 3088 laudavimus
909 3051 955 3090 co·
989 3046 1098 3107 gentem
1117 3054 1216 3106 panem
1231 3038 1444 3092 eucharisticum
1460 3036 1552 3089 dicere
1569 3049 1575 3082 t

367 3114 437 3176 dex,
460 3123 521 3180 post
540 3115 706 3170 bominicam
721 3119 873 3185 orationem
891 3136 956 3188 pre·-
988 3138 1085 3190 corpus
1115 3124 1217 3178 Christi
1234 3140 1243 3176 :
1261 3124 1305 3177 cui
1334 3121 1575 3188 respondebatur,

365 3203 506 3269 shyterum
519 3205 627 3258 exhibet
640 3214 816 3272 precantem:
833 3229 845 3254 ι
862 3209 957 3262 uteffi·
988 3209 1100 3271 Aeneam·
1117 3215 1180 3274 post
1204 3207 1430 3260 communionem
1455 3202 1576 3270 corporis

366 3289 470 3342 ciamur
487 3290 563 3358 digni
585 3291 632 3356 qui
657 3292 724 3344 socii
749 3298 776 3344 et
806 3294 955 3360 participes
989 3295 1087 3348 Christi
1110 3295 1255 3362 propinare
1268 3292 1409 3359 sanguinis
1428 3291 1576 3358 poculum.

366 3372 452 3426 simus
479 3381 636 3428 sanctorum
665 3382 774 3430 tuorum
811 3381 954 3445 mysterio·
989 3395 1071 3446 quern
1093 3392 1196 3446 pronus
1217 3379 1349 3431 adorabat
1372 3378 1420 3443 qui
1440 3377 1518 3430 illurn
1537 3375 1577 3426 bi-

368 3471 436 3508 rum.
449 3479 461 3504 a
476 3461 549 3512 hlter
574 3460 659 3511 codex
686 3461 783 3512 habet:
799 3483 811 3507 a
828 3471 856 3514 ut
879 3465 955 3530 digni
989 3465 1100 3518 bebat.⁸

371 3541 458 3592 simus
478 3543 701 3596 communicandi
719 3547 828 3608 corpori
848 3553 875 3597 et
890 3561 955 3598 san·
1020 3549 1079 3598 odo.
1099 3548 1221 3615 liturgia
1241 3551 1267 3600 S.
1286 3548 1367 3601 llarci
1399 3550 1471 3601 hauc
1498 3545 1578 3597 habet

364 3623 441 3688 gnini
458 3625 557 3676 Christi
570 3626 716 3676 salvatoris
731 3629 828 3678 nostri.
842 3651 853 3672 »
990 3630 1189 3684 invocationem
1208 3633 1325 3698 Spiritus
1335 3633 1440 3686 sancti:
1455 3632 1577 3686 «Emitte

399 3707 457 3756 aba.
476 3706 515 3758 hd
528 3707 686 3758 tractionem
709 3709 806 3762 hostiae
823 3711 889 3763 dicit
910 3727 954 3765 sa·
988 3723 1120 3779 praeterea
1131 3731 1214 3784 super
1227 3732 1293 3782 nos,
1305 3725 1333 3774 et
1351 3732 1535 3785 superpones
1553 3723 1580 3768 et

364 3791 464 3842 cerdos
473 3827 480 3852 ‚
489 3793 564 3856 juxta
575 3792 692 3856 priorem
706 3795 827 3847 codicem
841 3811 847 3846 :
863 3815 874 3846 ι
886 3801 953 3853 Unio
987 3800 1088 3853 calices
1111 3802 1179 3854 istos
1199 3804 1329 3868 Spiritum
1341 3809 1470 3856 sanctum
1484 3810 1579 3863 tuum,

367 3875 530 3926 sanctissimi
549 3879 672 3941 corporis
698 3886 725 3931 et
753 3881 866 3944 pretiosi
893 3897 954 3938 san·
986 3891 1017 3937 nt
1034 3897 1084 3938 eos
1108 3887 1261 3940 sanctificet
1278 3894 1306 3940 et
1327 3896 1494 3952 conservet,
1515 3895 1581 3940 tam·

366 3957 460 4023 guinis
482 3959 602 4022 bomini,
625 3968 652 4013 et
672 3961 731 4022 liei,
754 3969 780 4014 et
804 3966 953 4022 salvatoris
987 3974 1161 4036 quambene
1183 3973 1359 4040 omnipotens
1372 3977 1454 4037 (elota
1468 3977 1539 4038 uoce)
1553 3979 1580 4026 et

366 4043 453 4094 nostri
465 4045 530 4095 lesu
542 4044 651 4095 Christi.
674 4065 686 4088 υ
705 4046 786 4098 iuxta
806 4050 921 4104 alterum
942 4071 959 4106 :·
989 4053 1581 4124 «saciatponemqubtemcorpus.»boantes

368 4145 379 4169 ι
392 4126 559 4192 inspergitur
569 4127 678 4192 sanguis
688 4129 793 4182 bomini
802 4136 954 4190 nostricor-
987 4138 1053 4192 dicit
1067 4154 1073 4188 z
1087 4142 1181 4192 Amen.
1194 4141 1324 4194 Sacerdos
1335 4143 1407 4195 cloto
1416 4157 1480 4197 uoce
1490 4159 1500 4194 .·
1512 4143 1581 4196 Coti·

364 4211 497 4302 ⁹⁰fi‘.⁰j⁰⁵
516 4212 543 4263 in
564 4211 674 4263 nomine
693 4214 787 4278 luvris,
799 4224 825 4269 ot
846 4220 914 4283 litii,
926 4231 954 4274 et
987 4228 1145 4275 canentem
1157 4225 1320 4290 sanguicum
1332 4227 1398 4279 Novi
1412 4227 1581 4280 Testamenti

367 4293 482 4354 Simius
500 4295 595 4346 sancii·
610 4314 622 4338 v
963 4308 1074 4372 ·ipsius
1095 4309 1198 4361 bomini
1215 4307 1243 4362 et
1264 4311 1324 4373 liei,
1337 4319 1365 4364 et
1378 4313 1545 4378 servatoris,
1555 4320 1581 4367 et

302 4421 313 4432 .
398 4376 457 4425 305.
479 4378 526 4428 llle
543 4378 627 4428 codex
646 4378 718 4431 circa
736 4388 954 4442 comnnmionem
987 4393 1085 4444 summi
1107 4395 1186 4460 lingis
1213 4395 1299 4448 nostri
1328 4401 1394 4450 lesu
1426 4399 1537 4452 Christi.
1566 4417 1581 4444 n

397 4634 424 4681 (ll
436 4634 569 4677 bibliothecae
579 4639 665 4680 Petrum
672 4647 688 4681 t.
697 4642 719 4682 ii.
727 4643 778 4684 edit.
788 4647 886 4697 lugdun.
1014 4654 1040 4705 (a)
1053 4653 1164 4695 Cateehesi
1175 4656 1230 4696 xxiii.
1242 4663 1334 4710 mystng.
1343 4671 1363 4699 r.
1374 4672 1395 4700 n.
1406 4660 1442 4701 vii.

390 4700 419 4752 (a)
431 4701 491 4752 Apud
500 4703 621 4758 llcnaudot,
630 4709 688 4749 Tom.
700 4713 725 4750 ll.
736 4712 837 4765 liturgias
850 4717 952 4759 Orientis.
