3792 5550
369 552 404 603 ⁸⁸
763 553 878 605 annet.
897 552 939 603 tlt.
959 551 1001 603 ltu
1019 548 1189 601 admistio.

369 668 530 724 stimonium
554 670 728 735 perhiberet,
750 672 779 721 et
795 680 897 733 aquas,
913 667 957 719 sui
994 677 1075 725 nem,
1092 674 1147 715 non
1158 668 1222 715 tunc
1232 661 1350 727 primum
1362 661 1518 728 inductam,
1531 665 1586 720 sed

368 756 495 823 eorporis
522 760 669 817 coaucta,
700 752 811 806 sublimi
847 752 958 806 muneri
991 751 1127 816 rigentem
1136 750 1203 814 jam,
1217 754 1246 801 et
1259 748 1420 812 stabilitam,
1436 752 1533 815 utpote
1545 750 1586 803 ab

368 840 519 895 mundandi
545 840 651 892 animas
689 846 806 907 pararet.
840 842 957 893 AEtatem
989 832 1182 898 Apostolorum
1200 838 1280 887 aetate
1298 834 1458 887 derivatam.
1472 836 1527 887 suo
1540 834 1583 891 in·

368 934 459 983 auum
476 938 528 991 qua
552 925 747 992 suscipiendus
773 931 849 981 esset
870 924 958 990 bapti·
990 919 1106 985 dulgens
1120 920 1231 987 ingenio
1243 920 1384 984 severiori,
1398 920 1527 986 opinatus
1538 927 1586 979 ers

368 1025 445 1065 smus
463 1022 546 1075 quem
565 1009 626 1075 ipse
644 1010 783 1074 instituit,
802 1010 899 1063 nullibi
911 1010 957 1061 de-
989 1010 1120 1071 praestare
1133 1011 1163 1059 ut
1175 1006 1332 1073 Baptismus
1344 1005 1517 1073 differretur,
1531 1008 1585 1065 do·

367 1095 471 1148 dniisse
490 1094 611 1161 legitur:
632 1097 751 1165 ideoque
766 1098 828 1164 iure
848 1095 954 1161 optimo
989 1091 1583 1159 necedoceripossintbaptizandiquautum

367 1180 481 1235 infertur
500 1180 584 1236 licere
605 1184 735 1237 omnibus
752 1183 855 1247 absque
866 1167 955 1233 aetatis
989 1180 1143 1243 suscepturi
1171 1178 1261 1233 iorent
1287 1193 1397 1233 munus.
1429 1179 1585 1247 Singularis

366 1265 526 1320 discrimine
545 1281 609 1322 eum
630 1269 763 1323 conferre.
785 1265 861 1329 Quod
886 1268 955 1330 lpo-
989 1264 1048 1317 haec
1065 1264 1200 1317 sententia
1219 1278 1274 1318 non
1292 1265 1428 1328 obtinuit,
1448 1266 1498 1319 sed
1516 1271 1583 1333 post

367 1351 432 1404 stoli
442 1364 499 1405 non
518 1354 645 1421 legantur
659 1355 774 1407 infantes
785 1350 954 1416 baptizasse,
988 1348 1109 1402 medium
1123 1350 1253 1403 saeculum
1269 1350 1338 1403 adeo
1353 1351 1464 1403 immota
1480 1352 1581 1417 persti-

366 1447 422 1489 non
451 1437 566 1491 obstat:
587 1453 651 1492 nam
675 1452 720 1491 res
743 1449 837 1489 eorum
862 1441 955 1501 gestas
989 1436 1021 1489 tit
1039 1439 1119 1490 vetus
1140 1438 1331 1501 consuetudo,
1353 1442 1383 1489 ut
1410 1438 1579 1503 nequidem

366 1533 469 1587 paucas
486 1529 682 1578 recensuerunt
704 1522 773 1577 sacri
794 1521 953 1586 scriptores.
989 1526 1051 1575 octo
1065 1522 1172 1574 dierum
1189 1522 1284 1575 dilatio
1298 1528 1453 1590 opportuna
1467 1523 1582 1589 Episco-

367 1609 501 1661 Caeterum
524 1610 598 1663 haud
618 1618 721 1663 temere
734 1608 877 1671 conjicitur
895 1622 956 1673 par·
988 1620 1086 1673 porum
1099 1609 1220 1661 Concilio
1239 1609 1297 1663 visa
1309 1609 1353 1661 sit.
1366 1609 1499 1674 Equidem
1509 1624 1582 1677 quas

366 1694 446 1748 tulos
457 1694 566 1760 ahquos
578 1696 691 1749 vocibus
707 1693 762 1745 illis
774 1695 954 1760 comprehen·
988 1692 1089 1759 objecit
1098 1694 1270 1747 difficultates
1280 1708 1336 1747 nou
1348 1695 1484 1760 ejusmodi
1497 1687 1580 1759 su'nt,

367 1779 411 1844 di,
428 1794 491 1847 quae
512 1782 632 1850 integras
655 1782 804 1846 respiciunt
826 1781 952 1859 familias.
988 1791 1056 1845 quas
1070 1779 1280 1845 Paedobaptismi
1291 1780 1417 1833 hodierni
1429 1781 1579 1837 adversarii

365 1870 425 1922 lion
442 1872 588 1934 potandus
605 1874 647 1922 est
660 1869 736 1921 locus
748 1868 796 1933 qui
809 1868 951 1935 objicitur:
987 1869 1107 1930 urgent:
1127 1864 1290 1931 petebantur
1306 1865 1379 1917 enim
1392 1866 1525 1931 imprimis
1543 1880 1577 1919 ex

367 1955 497 2009 credendi
515 1958 589 2009 enim
605 1968 656 2007 vox
678 1954 835 2007 necessario
855 1955 954 2008 intelli·
987 1963 1153 2015 sponsorum
1174 1950 1315 2016 periculo,
1334 1951 1510 2016 parvulorum
1527 1965 1577 2009 no-

368 2040 532 2106 pruriens
548 2040 654 2106 quiper
670 2040 953 2095 aaremnoemcon.
987 2036 1061 2089 mine
1083 2036 1269 2102 pollicentium
1294 2036 1369 2101 quor
1391 2036 1462 2103 iusi,
1487 2044 1577 2095 morte

367 2124 459 2190 ripere
470 2125 577 2185 valent;
595 2123 749 2188 baptizandi
767 2139 783 2178 e
801 2131 895 2179 contra
908 2140 954 2180 vo·
985 2121 1078 2175 lorsan
1105 2122 1248 2189 praerepti,
1271 2135 1327 2175 non
1347 2129 1462 2188 possent
1480 2137 1577 2183 curare

367 2211 493 2263 sabulum
511 2209 626 2261 alienam
648 2208 784 2263 actionem
808 2210 952 2277 designat,
987 2207 1207 2274 adimplendum,
1229 2208 1359 2277 quodque
1383 2209 1455 2261 mala
1476 2222 1576 2277 puero·

339 2296 525 2360 ‘nullumque
555 2294 669 2347 limitem
692 2295 783 2362 exigit.
816 2298 954 2361 Quotquot
986 2308 1047 2347 rum
1070 2294 1194 2357 indoles,
1216 2295 1397 2361 sponsoribus
1422 2296 1576 2361 superstiti·

366 2378 513 2433 ablutionis
542 2385 608 2433 sunt
635 2392 749 2445 capaces
775 2393 809 2435 eo
831 2395 954 2449 compre·
985 2380 1486 2447 bus,etsolicitis‚possetlrustrari:
1501 2382 1577 2435 dein·

365 2464 532 2518 tenduntnr.
986 2466 1021 2519 de
1044 2480 1076 2519 ex
1103 2467 1270 2519 sacramenti
1293 2466 1386 2521 divina
1406 2468 1574 2535 praestantia.

397 2551 456 2605 229.
476 2550 536 2616 otj.
554 2553 580 2603 3.
592 2552 680 2614 Quum
697 2551 809 2618 quidam
821 2552 952 2618 supersti-
985 2555 1134 2605 Noratores
1145 2552 1313 2619 baptismum
1328 2552 1355 2605 vi
1366 2565 1460 2609 carere
1478 2566 1493 2605 e
1510 2566 1576 2610 con·

365 2639 441 2693 tione
463 2636 581 2703 quadam
609 2635 683 2690 ducti
711 2638 841 2703 parrulos
863 2638 952 2705 bapti·
985 2643 1027 2693 trs
1039 2638 1232 2703 dicunt,nibil
1246 2638 1362 2706 proinde
1373 2638 1496 2693 divinum
1507 2651 1577 2695 cod·

366 2724 466 2778 modos
478 2721 607 2776 offerrent
619 2723 777 2776 'tertulliani
790 2728 952 2788 aetate,eos
985 2724 1091 2788 tiaere;
1118 2730 1146 2778 et
1168 2736 1334 2792 sponsorum
1361 2738 1462 2778 munus
1492 2724 1576 2794 negti

364 2811 540 2866 vehementer
554 2808 703 2875 redarguit.
717 2829 731 2855 r
749 2811 858 2874 ltaque,
879 2827 895 2857 >a
908 2809 953 2862 in·
986 2817 1062 2876 gunt.
1076 2811 1154 2875 Quod
1174 2815 1265 2862 autem
1284 2809 1320 2862 de
1335 2810 1511 2874 parvulorum
1527 2812 1564 2865 Ba

364 2895 440 2962 quit,
457 2913 475 2944 u
493 2907 542 2959 pro
561 2896 694 2961 cuiusque
712 2907 840 2961 personae
854 2895 953 2949 condi·
985 2896 1114 2962 ptismate
1126 2893 1280 2948 differendo
1293 2893 1385 2946 arrisit
1396 2894 1578 2962 Tertulliano,

364 2982 439 3036 done
463 2993 496 3032 ac
517 2980 713 3046 dispositione,
742 2981 825 3034 etiam
852 2986 951 3048 aetate,
986 2983 1021 3035 de
1044 2981 1193 3048 virginibus
1216 2977 1356 3035 dividuis
1379 2977 1461 3038 etiam
1483 2979 1579 3033 visum

364 3065 499 3122 cunctatio
519 3066 649 3131 baptismi
668 3066 761 3120 utilior
776 3073 818 3120 est
834 3082 842 3117 z
860 3068 953 3133 pratoi-
986 3073 1043 3132 est,
1061 3080 1129 3134 quas
1147 3072 1238 3120 tamen
1254 3077 1336 3118 nemo
1353 3062 1451 3118 dixerit
1466 3077 1499 3116 ex
1514 3064 1579 3132 lege

363 3163 417 3219 pue
434 3156 525 3202 minen
541 3149 613 3203 circa
632 3152 771 3216 parvulos.
790 3152 858 3216 Quid
878 3153 952 3206 enim
986 3153 1084 3206 Christi
1098 3151 1171 3204 haud
1189 3151 1303 3204 idoneas
1315 3151 1501 3204 Sacramenta.
1515 3153 1578 3210 ller-

362 3249 477 3292 neoesse
497 3241 540 3290 est
557 3249 708 3303 sponsores
725 3238 809 3292 etiam
829 3239 952 3304 periculo
986 3240 1025 3307 git
1038 3239 1118 3306 ipse:
1133 3259 1147 3286 a
1159 3242 1220 3293 llou
1234 3237 1341 3293 minore
1353 3237 1388 3294 de
1400 3249 1484 3290 causa
1496 3237 1577 3297 innu-

363 3320 469 3388 ingerit
486 3321 551 3387 quia
573 3327 601 3375 et
618 3322 672 3390 ipsi
693 3337 743 3390 per
757 3325 951 3380 mortalitatem
985 3325 1025 3392 pti
1039 3338 1152 3392 quoquc
1169 3321 1406 3392 procrastinandi,
1426 3323 1455 3376 in
1475 3323 1578 3386 quibus

363 3408 511 3464 destituere
538 3410 735 3474 promissiones
761 3416 901 3478 possunt,
925 3417 953 3466 et
986 3411 1099 3466 tentatio
1121 3415 1337 3479 praeparataest
1354 3418 1409 3462 tam
1423 3407 1578 3476 virginibus

362 3499 495 3561 proventu
505 3496 586 3548 malae
595 3494 697 3548 indolis
709 3496 774 3551 falli.
789 3495 952 3562 hilpuidem
985 3511 1035 3563 per
1052 3495 1256 3558 maturitatem,
1270 3491 1455 3560 quamriduis
1470 3507 1520 3560 per
1530 3505 1577 3550 va·

361 3579 507 3634 Dominus:
518 3599 529 3628 ι
539 3579 626 3632 Nolite
637 3579 897 3645 illosprohiberead
907 3594 953 3634 me
985 3582 1121 3635 rationem
1134 3619 1142 3644 ,
1155 3582 1244 3634 donec
1257 3587 1304 3634 aut
1313 3579 1435 3642 nubant,
1451 3585 1500 3632 aut
1510 3592 1577 3639 con»

362 3686 376 3713 »
395 3666 507 3721 ueniret
519 3685 532 3712 r
546 3665 662 3719 veniant
679 3678 764 3732 ergo,
781 3665 849 3718 dum
859 3665 953 3718 adole·
987 3667 1100 3722 tinentia
1113 3668 1337 3734 corroborentur.
1352 3665 1379 3718 Si
1396 3665 1444 3732 qui
1466 3665 1576 3731 pondus

362 3756 458 3813 sonum
472 3751 660 3806 ueniantdum
677 3751 805 3813 diseunt3
818 3751 884 3802 dum
896 3763 952 3816 quo
986 3752 1139 3820 intelligant
1157 3752 1308 3818 baptismi,
1330 3751 1419 3818 magis
1439 3751 1576 3807 timebunt

361 3839 489 3901 ueniunt,
514 3839 649 3892 docentur
679 3854 686 3890 :
714 3838 781 3891 liant
805 3837 951 3890 Christiani
986 3834 1575 3903 consecutionemduamdilationem:ides

361 3938 424 3980 cum
442 3923 583 3978 christum
605 3938 689 3978 nosse
708 3922 857 3992 potuerint.
880 3924 953 3988 Quid
986 3925 1092 3992 integra
1101 3937 1197 3978 secura
1210 3927 1252 3978 est
1260 3923 1294 3976 de
1309 3922 1405 3974 salute.
1415 3938 1430 3968 n
1443 3919 1493 3986 Qui
1501 3933 1578 3973 sere·

360 4011 472 4067 festinat
486 4011 619 4066 innocens
630 4016 698 4066 aetas
713 4011 748 4065 ad
760 4010 952 4066 remissionem
985 4011 1059 4066 nora
1078 4011 1178 4079 placita
1189 4009 1224 4062 de
1235 4007 1355 4078 parvulis
1368 4005 1497 4070 muatur,
1516 4006 1577 4062 baeo

360 4099 553 4163 peccatorum?
566 4097 681 4150 dandus
694 4097 784 4164 agitur
799 4096 827 4150 in
841 4097 953 4152 saecula·
986 4110 1097 4164 quoque
1109 4097 1168 4164 pari
1181 4094 1287 4148 ratione
1298 4092 1398 4162 probet
1407 4096 1525 4160 oportet.

360 4185 453 4249 ribus,
477 4189 510 4239 ut
532 4183 576 4240 oui
598 4182 751 4238 substantia
768 4187 877 4237 terrena
893 4195 951 4239 non
1019 4183 1079 4238 ast.
1096 4181 1155 4251 otj.
1177 4185 1204 4234 t.
1226 4179 1372 4250 Gregorius
1391 4177 1579 4238 dadastenae

361 4270 590 4336 creditundniua
598 4263 744 4325 credatur:
757 4269 952 4336 norintpetere
986 4269 1107 4325 infantes
1128 4265 1307 4334 baptizandos
1336 4275 1398 4322 ease
1420 4263 1495 4321 haud
1512 4276 1577 4324 dett·

361 4359 489 4422 salutem,
501 4364 532 4413 ut
542 4357 645 4423 petenti
654 4353 949 4412 dedisseuidearis.»⁸
986 4353 1072 4410 suit*
1151 4356 1152 4360 ’

391 4445 453 4500 tid.
464 4443 543 4509 nep.
555 4444 595 4496 Ex
607 4443 676 4509 ipsis
689 4441 847 4496 Tertulliani
858 4440 951 4496 uerbis
1016 4440 1076 4496 iit.
1086 4441 1165 4506 lierp.
1180 4438 1294 4495 censuit
1304 4435 1417 4494 omuino
1429 4434 1578 4502 &samius

360 4528 602 4597 liqueteumuelte
615 4524 951 4581 immutareconsuetudi·
985 4524 1103 4580 infantes
1131 4523 1310 4590 baptizandos
1340 4535 1422 4589 esse,
1451 4519 1579 4588 quamuis

388 4777 710 4844 (tlhdelirptismooxriiil
1013 4775 1040 4828 it)
1049 4775 1108 4818 Orat.
1117 4775 1145 4817 xl.
1153 4775 1175 4816 in
1183 4774 1205 4818 S.
1214 4775 1333 4828 hrpurmr.
