3792 5550
384 603 431 654 tte
720 603 833 657 lnior.
852 603 908 654 xltl
931 603 957 654 Ρ.
978 602 998 651 l.
1016 602 1058 653 bc
1075 600 1297 655 EUOEAMSTU:

381 717 494 795 iniantis
519 715 638 771 anniculi
661 720 813 786 sanguine,
835 733 916 786 quem
939 719 974 772 de
1007 730 1105 785 panem
1125 718 1204 772 abeo
1223 718 1394 772 adhibitum:
1408 722 1507 784 putant
1526 717 1599 772 cuim

387 809 442 858 toto
454 805 514 870 eius
533 817 647 870 corpore
669 804 779 858 minutis
793 807 972 873 punctionum
1007 806 1108 857 Pascha
1121 805 1276 858 celebrasse
1293 804 1381 870 pridie
1395 804 1480 868 iesti;
1502 806 1600 871 pleris-

383 889 541 942 xulneribus
570 895 749 954 extorquent,
767 891 846 956 quasi
871 891 974 943 Eucba-
1007 889 1601 956 quebatiniscontradicestibus.bisputatur

291 1023 293 1030 .
381 975 486 1028 ristinm
511 988 588 1028 suam
617 976 751 1030 conicere
775 977 973 1042 perhibentur,
1007 975 1089 1028 etiam
1102 982 1193 1028 utrum
1206 982 1335 1030 constans
1348 976 1430 1029 fuerit
1449 977 1502 1047 hac
1521 977 1549 1028 in
1571 991 1600 1030 re

383 1060 530 1114 miscentes
552 1075 614 1116 eum
628 1063 974 1130 iarinae,panemqucinde
1008 1061 1163 1113 Graecorum
1192 1066 1220 1114 et
1251 1061 1410 1114 Latinorum
1440 1063 1596 1128 disciplina.

381 1146 512 1199 facientes
529 1148 595 1214 :qui
612 1162 679 1214 puer
699 1149 721 1201 si
736 1154 860 1202 mortuus
874 1149 973 1211 luerit,
1007 1146 1056 1209 Qui
1082 1146 1148 1199 velit
1178 1160 1236 1200 rem
1263 1146 1382 1212 penitius
1407 1147 1598 1214 investigatam

382 1232 498 1284 babetur
519 1233 591 1298 apud
621 1246 670 1287 ecs
699 1246 750 1300 pro
780 1239 914 1301 martyre,
949 1233 973 1285 si
1006 1233 1278 1297 videre,calmetum
1296 1233 1394 1295 adeat,
1410 1233 1422 1267 ⁴
1440 1235 1483 1288 vel
1502 1233 1598 1286 Sarda·

382 1321 472 1368 autem
504 1316 625 1384 vixerit,
660 1331 710 1384 pro
745 1331 845 1386 magno
885 1330 974 1372 sacer·
1007 1332 1098 1386 gnam.
1123 1319 1135 1352 ¹
1164 1319 1243 1371 Panis
1280 1319 1403 1372 triticeus
1434 1319 1599 1372 adhibeatur

383 1402 456 1454 dote.
470 1399 502 1448 »¹
1006 1415 1122 1455 necesse
1135 1408 1188 1466 est,
1201 1415 1253 1456 nec
1268 1402 1368 1456 subicit
1385 1402 1466 1468 panis
1483 1403 1599 1462 berdea·

415 1489 474 1539 591.
490 1485 574 1540 Graeci
586 1524 595 1550 ‚
607 1486 738 1540 lticbacle
757 1487 907 1550 cenciano,
926 1491 974 1540 Pa·
1006 1503 1086 1554 ceus,
1104 1490 1148 1544 xel
1170 1489 1240 1542 alius
1270 1489 1317 1554 qui
1338 1490 1416 1555 panis
1437 1489 1598 1554 simpliciter

382 1571 972 1637 triarcbaConstantinopolitano,etleone,
1008 1587 1064 1626 nou
1084 1577 1209 1628 vocatur.
1230 1573 1377 1628 Triticeum
1408 1587 1530 1640 panem,
1549 1575 1599 1627 sed
1690 1596 1692 1598 v

381 1657 593 1724 archiepiscopo
623 1657 779 1721 Acridano,
798 1656 825 1708 in
848 1658 972 1724 bulgaria
1006 1660 1129 1712 usualem
1139 1659 1250 1725 exigunt
1262 1659 1413 1726 duplicani.
1435 1659 1447 1692 ⁶

381 1744 514 1806 ducibus,
531 1755 604 1796 anno
625 1744 698 1803 losa,
723 1743 847 1794 Latinum
865 1755 972 1796 morem
1038 1745 1098 1797 592.
1119 1745 1225 1798 Vinum
1243 1741 1276 1798 ex
1298 1745 1354 1797 vite
1373 1745 1530 1799 necessaria
1557 1750 1599 1798 est

384 1829 477 1882 utendi
492 1841 585 1895 azymo
604 1841 675 1893 pane
699 1840 811 1892 carpere
829 1834 857 1880 et
871 1827 972 1894 impro·
1005 1831 1119 1882 materia
1139 1829 1318 1883 Eucharistici
1338 1830 1448 1895 poculi:
1468 1830 1598 1895 genimen

380 1916 446 1968 bare
458 1914 516 1966 ausi
528 1919 602 1974 sunt;
613 1925 683 1978 quos
697 1913 799 1966 idcirco
812 1913 971 1979 gravissima
1005 1915 1078 1968 enim
1091 1915 1152 1969 vitis
1165 1928 1180 1967 a
1193 1915 1300 1968 cbristo
1316 1919 1424 1968 constat
1443 1913 1597 1968 adhibitum

380 2000 537 2066 perstrinxit
555 1999 670 2066 epistola
688 2001 715 2052 s.
731 2002 785 2052 Leo
796 2001 839 2050 lx.
853 2000 883 2050 ln
904 2000 972 2051 Gon·
1004 2001 1099 2054 luisse.
1115 2001 1250 2055 Ebionitae
1261 2015 1360 2067 aquam
1375 2001 1404 2053 in
1423 2003 1483 2068 ejus
1507 2003 1598 2055 locum

380 2086 444 2138 cilio
454 2086 610 2140 Florentino
622 2086 730 2138 Graecos
740 2085 811 2136 inter
822 2090 849 2137 ct
862 2085 972 2138 Latinos
1005 2087 1146 2141 suffecisse
1158 2087 1297 2140 dicuntur.
1313 2087 1444 2141 datianus
1456 2092 1483 2140 et
1502 2089 1599 2140 linera-

380 2169 506 2237 conrenit
533 2175 666 2234 utrosque
689 2181 769 2221 suum
789 2169 872 2220 ritum
893 2170 972 2235 sequi
1005 2173 1062 2226 titae
1093 2175 1152 2240 ejus
1172 2173 1286 2226 asseclae
1309 2186 1325 2226 a
1347 2172 1434 2235 uno,
1457 2178 1599 2238 tamquam

381 2267 493 2322 posse:
517 2273 533 2304 κ
555 2253 703 2306 belinimus
723 2253 750 2304 in
774 2265 883 2320 azymo,
914 2254 972 2308 siue
1005 2258 1108 2312 diaboli
1132 2259 1237 2321 fructu,
1259 2258 1286 2310 in
1316 2257 1454 2324 mysteriis
1478 2257 1598 2310 abstine-

387 2341 551 2393 fermentato
562 2351 633 2406 pane
646 2339 767 2402 triticeo,
783 2351 883 2404 corpus
895 2341 972 2393 cnri-
1005 2343 1119 2405 bant;⁷
1148 2356 1220 2409 quos
1248 2343 1343 2396 imitati
1366 2347 1430 2396 sunt
1446 2342 1597 2396 llanicbaei.
1633 2392 1636 2397 .

381 2423 415 2477 sti
436 2425 569 2478 ueraciter
586 2423 698 2486 coelici,
715 2425 926 2492 sacerdotesque
944 2426 971 2478 in
1005 2432 1111 2485 saeculo
1126 2432 1207 2485 tertio
1223 2433 1347 2498 Aquarii,
1360 2445 1410 2484 seu
1428 2432 1598 2498 ilydropara.

381 2511 512 2565 alterutro
529 2510 618 2576 ipsum
639 2510 746 2563 llomini
769 2523 868 2577 corpus
891 2512 973 2566 conii-
1005 2523 1099 2582 statae,
1117 2519 1146 2571 in
1163 2518 1250 2572 dirica
1270 2531 1371 2572 nomeu
1383 2517 1473 2572 sortiti
1486 2519 1597 2571 suntab

381 2607 445 2649 cere
469 2595 587 2659 debere,
606 2609 830 2663 unumquemque
849 2597 971 2662 scilicet,
1005 2604 1275 2670 aquatantummodo
1294 2604 1323 2655 in
1345 2603 1430 2656 calice
1450 2603 1595 2666 adbibita,

381 2681 455 2746 juxta
485 2694 542 2736 suae
576 2681 703 2735 Ecclesiae
729 2683 888 2748 orientalis,
915 2683 973 2737 sive
1005 2689 1156 2754 dequibus
1175 2690 1232 2755 jam
1257 2687 1410 2743 audivimus
1433 2689 1596 2755 cyprianum

381 2766 580 2831 Occidentalis,
611 2767 847 2822 consuetudinem.
868 2770 972 2833 »Quod
1006 2775 1195 2828 disserentem.
1214 2775 1264 2839 Qui
1277 2775 1445 2827 exdrmenis
1458 2788 1515 2828 non
1534 2782 1597 2827 sunt

384 2857 587 2905 consueverunt
606 2852 690 2905 Graeci
712 2853 849 2919 objicere,
873 2868 972 2921 panem
1006 2860 1133 2914 Ecclesiae
1146 2860 1440 2927 itomanaecoujuncti3
1459 2873 1539 2927 aquae
1551 2860 1596 2913 ad-

387 2948 510 3001 azymum
533 2936 591 2988 veri
627 2936 749 2989 nominis
778 2952 877 3004 punem
915 2954 972 2994 non
1006 2946 1163 2999 mixtionem
1202 2946 1356 3013 negligunt,
1389 2951 1595 3011 neutramque

382 3033 464 3085 esse,
484 3034 568 3086 quum
595 3026 661 3092 ipos
681 3022 783 3077 indicet
799 3039 898 3079 massae
917 3028 973 3081 ela·
1005 3030 1149 3086 rideantur
1172 3031 1200 3084 in
1221 3032 1327 3084 cbristo
1348 3031 1425 3084 lateri
1449 3035 1594 3084 naturam:

383 3108 510 3172 tionem,
532 3122 594 3174 quae
631 3111 660 3163 iit
689 3112 847 3175 fermento,
876 3113 974 3167 lunda·
1005 3130 1097 3171 errore
1107 3117 1208 3183 quippe
1219 3118 1385 3184 Eutychiano
1401 3117 1595 3170 inficiuntur.⁸

386 3200 481 3248 rnento
510 3201 601 3262 caret,
626 3211 710 3263 quum
735 3198 780 3251 illa
808 3201 972 3267 etymologia
1007 3204 1228 3270 nosreprobavit
1245 3205 1372 3256 trullana
1390 3203 1523 3270 synodus.
1542 3206 1594 3255 Ln-

382 3279 479 3333 tictitia
516 3283 580 3347 sit,
613 3288 643 3336 et
672 3283 700 3335 in
733 3296 800 3338 voce
840 3286 973 3339 llebraica
1006 3292 1100 3344 therus
1123 3303 1201 3356 aquae
1221 3290 1417 3343 admixtionem
1436 3290 1595 3357 figmentum

381 3338 461 3448 Ξιῇ
483 3370 556 3422 nulla
581 3369 617 3423 sit
642 3370 777 3437 eiusmodi
802 3372 880 3426 ratio.
907 3375 975 3426 Pro·
1007 3391 1069 3431 esse
1080 3378 1229 3430 humanum
1243 3377 1326 3442 dixit,
1341 3376 1375 3429 ad
1387 3390 1479 3444 regem
1493 3376 1596 3443 dngliae

382 3466 453 3520 lecto
475 3480 560 3533 panes
578 3468 775 3533 propositionis
797 3470 881 3536 azymi
899 3471 974 3523 desi·
1006 3465 1130 3518 scribens
1151 3476 1223 3517 anno
1250 3464 1337 3524 lffli
1362 3462 1411 3515 sed
1441 3468 1537 3528 9031θὸ
1565 3474 1596 3513 ⁸⁸

320 3538 323 3547 ’
382 3558 499 3616 guantur
510 3565 593 3617 pones
605 3554 632 3603 in
651 3553 814 3618 scripturis,
827 3554 838 3587 ²
851 3560 878 3607 et
894 3556 974 3619 panis
1007 3549 1110 3603 haerere
1122 3548 1291 3617 significavit·
1310 3549 1322 3582 ⁹

382 3648 464 3701 ‹puem
477 3626 688 3702 tregitclt'ristus
697 3636 855 3700 redivivus⁸
863 3650 974 3704 azymus
1015 3635 1098 3689 scs.
1122 3638 1159 3688 lle
1177 3647 1255 3701 aquae
1279 3634 1343 3688 vino
1370 3631 1543 3700 admixtione
1565 3631 1594 3683 in

314 3744 316 3749 ·
384 3718 458 3775 corle
478 3722 543 3785 fuit,
565 3736 649 3787 quum
669 3735 723 3775 non
745 3722 854 3776 licuerit
871 3725 974 3779 ludaeis
1007 3720 1091 3775 calice
1116 3720 1257 3774 {lominica
1278 3718 1341 3771 silet
1368 3718 1526 3784 Scriptura,
1545 3718 1595 3770 sed

383 3806 545 3859 termentum
559 3806 628 3860 intra
643 3806 723 3860 lorias
737 3810 880 3863 paschales
898 3810 973 3864 dumi
1007 3816 1138 3863 constans
1158 3815 1282 3887 veterum
1304 3808 1453 3861 auctoritas
1467 3811 1495 3860 et
1511 3804 1598 3858 tradi-

385 3893 512 3947 retinere.
531 3895 589 3957 Quo
608 3906 678 3959 pane
702 3909 768 3947 usus
791 3895 826 3947 sit
849 3897 975 3950 Euchari·
1008 3896 1046 3949 tio
1064 3908 1116 3949 nos
1132 3894 1263 3948 certiores
1276 3894 1348 3947 lacit.
1367 3895 1447 3946 Juxta
1463 3892 1597 3944 irenaeum

387 3980 466 4033 stiam
477 3974 651 4033 'instituendo
660 3982 879 4047 controvertitur,
889 3985 971 4036 l'cur·
1009 3975 1288 4046 «temperamentum
1315 3977 1409 4032 calicis
1431 3989 1513 4030 suum
1536 3986 1599 4027 san-

385 4064 505 4118 neminio
545 4071 573 4119 el
601 4065 722 4119 Calmeto
760 4067 975 4141 assentientibus
1009 4066 1119 4132 guinem
1140 4064 1310 4118 confirmavit
1329 4084 1342 4110 a
1362 4062 1385 4097 ¹⁰
1395 4064 1531 4115 Christus.
1552 4060 1600 4125 Gy·

385 4148 484 4203 Graecis
516 4148 563 4216 qui
587 4149 757 4204 contendunt
782 4150 973 4204 fermentatum
1007 4150 1120 4217 prianus
1136 4162 1196 4203 eam
1217 4162 1250 4202 ex
1269 4144 1562 4215 professovlndicavit.
1577 4142 1599 4176 ¹¹

412 4392 440 4444 tl)
456 4394 478 4433 L.
488 4394 665 4437 drihercurt.
1010 4395 1084 4436 suffice
1092 4396 1139 4436 thet
1146 4394 1183 4435 the
1196 4394 1262 4435 Bread
1272 4394 1299 4435 be
1307 4395 1362 4435 such
1377 4404 1402 4435 es
1420 4393 1439 4434 is
1457 4391 1522 4432 usual
1539 4396 1561 4430 tc
1576 4390 1604 4429 be

413 4463 440 4514 (ἱ)
455 4464 471 4503 1.
482 4464 534 4515 neg.
546 4465 587 4505 xxi.
596 4466 622 4520 (t)
633 4466 684 4507 buc.
694 4464 749 4506 xxiv.
988 4472 991 4477 ·
1009 4470 1071 4505 euten
1080 4466 1134 4514 ;but
1142 4466 1179 4505 tlxe
1188 4465 1235 4505 best
1243 4464 1285 4505 end
1295 4469 1370 4517 purast
1378 4464 1456 4503 Wbeat
1469 4460 1539 4502 Brccd
1554 4459 1603 4500 lbet

413 4532 440 4583 lt]
454 4524 606 4576 bissertntions
618 4546 656 4575 sur
665 4536 685 4575 lc
697 4534 764 4574 Bible.
1009 4534 1155 4585 conveniently
1169 4529 1220 4587 may
1227 4532 1252 4573 be
1261 4538 1343 4585 gotteu.
1356 4546 1367 4571 n
1383 4532 1472 4573 Rubrio.

410 4603 438 4653 (5)
449 4602 523 4643 Theoi.
533 4605 608 4655 Dogm.
626 4607 705 4647 l‘olem.
715 4610 731 4645 t.
738 4603 776 4644 xii.
1034 4605 1060 4656 (⁷)
1070 4606 1126 4645 Iler.
1135 4604 1186 4644 xlxi.
1194 4610 1216 4645 et
1224 4604 1283 4645 xlvii.

411 4672 438 4724 (c)
453 4687 463 4709 ι
481 4674 511 4713 To
529 4675 644 4727 taleeway
657 4676 686 4717 all
703 4672 803 4716 occasion
819 4674 843 4713 oi
855 4672 974 4715 dissention
1034 4674 1061 4725 (8)
1071 4674 1184 4726 Nicephor.
1194 4674 1208 4713 l.
1218 4672 1275 4713 xxiii.
1285 4671 1338 4713 hist.
1351 4672 1410 4713 Eccl.

384 4742 425 4781 and
435 4742 583 4796 superstition,
591 4745 661 4786 which
670 4756 712 4797 any
720 4754 798 4797 person
807 4743 859 4783 halb
870 4754 895 4783 or
903 4744 973 4795 might
1031 4744 1058 4797 (s)
1075 4744 1174 4783 Formulc
1184 4742 1300 4795 miscello)
1311 4743 1335 4783 L.
1344 4742 1371 4782 ir.
1381 4741 1430 4783 adr.
1439 4740 1492 4781 ber.
1500 4751 1519 4781 c.
1529 4738 1604 4779 miii.

384 4813 438 4854 beve
455 4814 584 4867 concerning
601 4816 637 4856 tbe
653 4815 719 4857 Bread
736 4814 778 4854 and
798 4813 877 4863 wine,
895 4813 910 4853 it
927 4813 971 4856 will
1031 4813 1069 4869 (tt)
1083 4814 1122 4865 Ep.
1138 4812 1167 4854 ed
1179 4812 1288 4855 Goeeilian.
1298 4812 1352 4853 lxiii.
