3792 5550
655 573 725 623 GdP.
742 570 774 621 V.
792 570 834 622 DE
851 567 1002 622 RAPTless
1019 570 1249 624 NECESSITATE.
1522 570 1557 622 15

340 694 429 750 nem,
455 685 520 740 licet
541 684 651 752 plurimi
672 699 734 739 eam
754 688 869 754 implere
886 699 935 740 ne·
971 700 1037 739 num
1056 700 1177 741 errorem
1195 687 1230 739 de
1248 685 1417 739 beatitudine
1429 696 1558 751 superna·

343 777 468 838 adeant:
488 771 561 824 nulla
574 769 646 825 enim
660 772 700 825 eis
714 772 745 825 fit
757 772 853 839 injuria
869 772 935 824 dum
969 773 1049 826 turali
1068 772 1238 838 excluderet,
1261 771 1327 837 quin
1339 770 1475 824 cruciatus
1486 770 1558 823 ullos

345 856 712 924 bonoprlvanturindobito.
968 854 1555 918 manereiurantesconsereta«bbendum»

379 941 439 996 206.
453 943 936 1009 obii.abborretanimnsdumco
969 944 1072 1011 inquit,
1089 964 1101 991 ιι
1122 944 1193 1009 quod
1213 954 1314 997 nomen
1333 940 1479 1004 tormenti,
1497 954 1560 1006 sup·

338 1031 447 1097 gitatur
458 1028 602 1082 universos
620 1029 667 1095 qui
679 1029 848 1095 baptismum
861 1028 934 1080 baud
970 1030 1061 1096 plicii,
1086 1032 1218 1097 gehennae
1240 1034 1267 1082 et
1288 1028 1443 1091 cruciatus,
1468 1027 1511 1079 vel
1535 1025 1558 1078 si

346 1120 529 1181 susceperuut
538 1116 703 1169 cruciatibus
711 1115 821 1168 aeternis
833 1113 934 1180 puniri,
970 1115 1035 1181 quid
1045 1115 1132 1167 simile
1143 1115 1171 1167 in
1183 1113 1263 1167 dictis
1277 1118 1434 1166 sanctorum
1447 1112 1557 1163 Petrum

345 1208 406 1255 tum
418 1200 548 1267 parvulos
561 1201 635 1253 nulla
649 1200 691 1253 sui
704 1201 798 1266 culpa,
816 1204 874 1252 tum
886 1211 935 1251 cae⁴
968 1200 1138 1265 inveniatur,
1157 1203 1199 1253 est
1213 1201 1288 1266 largo
1305 1198 1492 1265 accipiendum
1507 1207 1558 1262 pro

291 1283 294 1287 ’
342 1296 423 1344 toros
436 1288 536 1355 quibus
548 1287 640 1341 divina
652 1287 782 1353 baptismi
799 1284 934 1339 institutio
967 1300 1065 1354 poena,
1085 1288 1122 1340 ita
1140 1291 1171 1339 ut
1189 1290 1308 1353 ponatur
1326 1284 1433 1351 species
1448 1295 1498 1349 pro
1511 1294 1557 1349 ge·

346 1382 426 1431 certo
439 1373 566 1427 innotuit.
576 1373 606 1425 id
618 1378 709 1425 antem
719 1371 831 1425 omnino
841 1370 935 1423 dicen·
967 1388 1043 1428 nere.
1059 1374 1123 1428 ideo
1134 1379 1226 1427 autern
1240 1371 1331 1425 sancti
1348 1370 1396 1424 tali
1414 1368 1496 1422 modo
1515 1369 1557 1420 lo-

347 1463 424 1525 dum,
437 1460 460 1513 si
471 1460 546 1512 salus
560 1459 663 1523 absque
675 1458 813 1523 baptismo
826 1468 934 1521 compa·
968 1462 1070 1529 queudi
1089 1462 1132 1515 usi
1147 1466 1227 1524 sunt,
1243 1466 1274 1513 ut
1293 1456 1482 1513 detestabilem
1494 1452 1556 1507 red·

345 1546 401 1600 rari
415 1549 534 1611 nequeat
550 1559 556 1595 :
575 1544 712 1609 scriptura
734 1542 806 1595 enim
827 1542 933 1594 nullum
967 1549 1064 1601 aierent
1079 1562 1200 1603 errorem
1212 1546 1433 1613 pelagianorum,
1452 1542 1499 1609 qui
1516 1544 1558 1593 as·

345 1634 430 1687 alium
448 1632 540 1684 locum
557 1635 657 1695 praeter
676 1628 829 1695 gehennam
846 1632 873 1679 el
889 1640 935 1679 re·
968 1635 1096 1687 serebant
1114 1634 1141 1686 in
1157 1632 1278 1700 parvulis
1294 1632 1399 1683 nullom
1412 1633 1555 1695 peccatum

344 1733 431 1787 gnum
441 1718 574 1770 coelorum
589 1714 680 1767 tradit.
696 1713 801 1766 Idcirco
812 1711 935 1779 Augusti·
968 1732 1040 1783 esse,
1051 1731 1102 1772 nec
1112 1720 1151 1772 eis
1167 1720 1404 1785 aliquampoenam
1416 1712 1557 1767 debemui

343 1804 559 1857 nusait:«iion
569 1796 841 1873 baptizatisparvtllis
852 1808 933 1848 nem0
967 1805 1059 1857 Liceat
1076 1805 1157 1857 nobis
1174 1804 1364 1871 benigniorem
1382 1804 1452 1853 hane
1471 1798 1556 1853 ralio-

341 1887 486 1955 promittat
501 1886 572 1937 inter
589 1882 792 1935 demolitionem
809 1874 935 1947 regnum·
967 1902 1032 1941 acm
1045 1892 1153 1941 Petrum
1168 1888 1240 1941 dicta
1252 1886 1405 1953 explicandi
1420 1885 1507 1950 sequi.
1525 1884 1555 1935 id

337 1987 399 2041 oue
410 1974 542 2026 coelorum
558 1970 659 2037 quietis
675 1968 719 2022 vel
737 1968 873 2021 felicitatis
887 1980 933 2019 cu·
967 1974 1083 2027 fidenter
1096 1974 1212 2027 dicimus
1232 1988 1264 2027 ex
1280 1974 1407 2035 dogmate
1420 1968 1555 2023 catholico

332 2060 454 2128 justinae
470 2064 552 2124 atque
565 2056 704 2124 quolibet,
719 2054 798 2121 quasi
810 2054 932 2105 medium
967 2072 1022 2113 non
1036 2060 1193 2113 necessario
1210 2058 1303 2111 inferri
1317 2056 1481 2110 cruciandos
1493 2066 1555 2107 esse

340 2148 433 2199 locum
445 2160 451 2195 ε
464 2146 517 2197 boc
528 2142 601 2195 enim
612 2140 651 2194 eis
662 2139 776 2193 haeresis
788 2139 931 2206 pelagiana
965 2147 1095 2213 parvulos
1117 2144 1257 2211 baptismo
1283 2148 1426 2201 carentes,
1446 2153 1508 2193 cum
1525 2138 1554 2191 id

340 2232 477 2301 promisit.
491 2230 523 2277 »¹
535 2232 563 2281 S.
573 2228 731 2295 Fulgentius
745 2240 855 2294 quoquc
867 2228 932 2280 scri·
964 2233 1020 2286 sere
1033 2245 1129 2286 omnes
1142 2230 1273 2299 'theologi
1286 2244 1336 2297 per
1345 2234 1386 2283 tot
1398 2228 1498 2281 saecula
1508 2226 1555 2279 de-

340 2318 381 2372 bit
404 2334 410 2369 :
432 2338 445 2363 a
467 2315 635 2369 Firmissime
653 2319 756 2367 toneat
773 2315 930 2368 nuliatenus
964 2323 1080 2386 negent,
1099 2317 1220 2371 Ecclesia
1242 2317 1315 2369 baud
1338 2315 1552 2369 contradicente.

335 2404 466 2467 dubites,
487 2415 545 2455 non
561 2402 650 2454 solum
668 2400 795 2454 homines
812 2402 869 2466 jam
887 2414 930 2453 ra·
964 2408 1098 2459 caeterum
1125 2418 1188 2457 cum
1217 2402 1367 2470 Augustino
1396 2400 1513 2454 dicimus
1544 2413 1551 2449 ε

338 2491 414 2544 tione
430 2494 556 2551 nlenten,
571 2486 762 2540 verumetiam
780 2487 928 2552 parvulos,
967 2493 1069 2543 «Nulla
1079 2490 1162 2557 igitur
1180 2504 1213 2542 ex
1223 2494 1317 2541 nostro
1330 2487 1442 2540 arbitrio
1453 2491 1552 2551 praeter

334 2576 387 2643 aui
408 2576 465 2630 sive
482 2576 511 2627 in
526 2574 612 2627 uteris
624 2578 742 2625 matrum
755 2572 847 2625 vivere
864 2573 932 2626 inci·
964 2577 1132 2643 baptismum
1150 2574 1265 2637 Christi,
1285 2574 1359 2626 salus
1373 2577 1473 2625 aeterna
1492 2580 1554 2636 pro-

340 2662 437 2729 piunt,
456 2664 482 2714 θῑ
497 2660 535 2712 ibi
553 2658 724 2718 monimini,
738 2656 796 2710 Sive
815 2668 879 2709 cum
893 2656 929 2709 de
963 2664 1089 2716 mittatur
1100 2660 1265 2723 infantibus,
1279 2671 1361 2725 quam
1373 2669 1430 2709 non
1439 2654 1553 2722 promit-

331 2748 472 2802 ·mntribus
491 2746 547 2799 nati
568 2744 628 2798 sine
647 2746 823 2797 sacramento
841 2742 929 2796 sancti
962 2748 995 2802 rit
1008 2750 1146 2815 Scriptura
1160 2745 1268 2810 divina,
1281 2742 1409 2797 humanis
1423 2740 1552 2796 omnibus

338 2833 528 2900 baptismatis,
538 2829 702 2897 quoddatur
714 2828 742 2880 in
752 2829 864 2882 nomine
875 2831 928 2882 Pa·
962 2835 1079 2904 ingeniis
1089 2834 1267 2902 praelerenda.
1279 2831 1313 2880 »ι

328 2919 401 2981 tris,
414 2918 526 2979 etlilii,
540 2923 568 2971 et
578 2917 695 2984 Spiritus
705 2915 808 2979 sancti,
821 2916 856 2968 de
873 2916 928 2969 boc
1123 2921 1388 2976 Animadversionem

332 3008 439 3060 saeculo
455 3010 615 3069 transeunt,
634 3005 705 3070 ignis
718 3002 813 3056 aeterni
828 3003 927 3070 sempi·
994 3007 1052 3060 208.
1065 3007 1233 3073 baptismum
1250 3004 1284 3058 ad
1296 3006 1411 3058 salutem
1426 3015 1488 3057 esse
1502 3015 1550 3056 ne·

328 3098 414 3146 terno
426 3091 561 3158 supplicio
571 3089 734 3156 puniendos.
746 3088 780 3135 »¹
961 3093 1110 3146 cessarium
1125 3107 1157 3146 ex
1175 3091 1237 3145 fidoi
1258 3091 1381 3145 doctrina
1400 3091 1526 3145 novimus
1541 3103 1548 3140 τ

366 3178 427 3230 207.
440 3177 518 3241 ileon
533 3175 613 3228 Fides
626 3175 764 3227 catholica
782 3174 855 3226 aliud
869 3186 925 3227 non
961 3180 1027 3244 quin
1037 3179 1168 3244 cogamur
1177 3178 1288 3231 credere
1299 3190 1395 3231 omnes
1407 3175 1549 3242 suppliciis

333 3262 418 3329 exigit
448 3270 531 3327 quam
560 3264 590 3310 ut
616 3260 761 3311 credamus
786 3259 926 3310 neminem
961 3263 1075 3316 cruciari
1089 3262 1199 3314 aeternis
1208 3262 1255 3327 qui
1268 3263 1372 3326 absque
1386 3261 1549 3326 baptismos

332 3358 418 3413 posse
436 3355 553 3411 regnum
570 3343 682 3394 coeleste
696 3342 820 3406 ingredi,
839 3343 926 3393 boati·
959 3347 1027 3399 vivis
1045 3346 1232 3398 discesserint.
1251 3346 1389 3409 baptismo
1406 3344 1549 3410 sanguinis

330 3431 432 3484 tudine
465 3428 570 3481 scilicet
604 3427 696 3492 aliqua
726 3427 926 3491 supernaturali
960 3430 1063 3496 expiari
1074 3430 1202 3482 dicuntur
1211 3441 1307 3482 omnes
1321 3429 1367 3494 qui
1380 3428 1442 3481 fidei
1455 3440 1548 3488 causa,

324 3515 387 3568 ¹'trui
396 3553 405 3577 ,
415 3513 468 3565 nisi
482 3512 635 3578 baptizatus
646 3512 742 3576 luerit,
757 3513 854 3565 saltem
867 3513 925 3566 ani·
958 3519 1043 3569 Deum
1057 3529 1141 3582 super
1158 3514 1249 3568 omnia
1262 3514 1418 3582 diligentes,
1431 3518 1548 3567 mortem

333 3599 374 3654 mi
390 3604 467 3652 voto.
481 3597 530 3662 Qui
549 3598 640 3651 adulta
652 3599 680 3651 in
693 3603 773 3650 aetate
790 3598 923 3652 discesse-
958 3603 1078 3659 obeunt.
1092 3602 1139 3668 qui
1152 3608 1179 3655 el
1195 3606 1289 3655 votum
1302 3602 1406 3654 habent
1416 3597 1548 3667 Baptismi

332 3687 407 3750 rint,
420 3686 463 3739 vel
473 3685 512 3738 rei
522 3689 587 3737 sunt
595 3685 769 3752 baptismatis
783 3699 834 3738 sna
843 3687 922 3752 culpa
956 3687 1143 3755 suscipiendi,
1157 3689 1200 3742 vel
1221 3688 1398 3754 explicitam,
1416 3687 1440 3741 si
1459 3687 1493 3740 de
1513 3699 1547 3742 eo

330 3773 468 3840 neglecti,
480 3770 525 3825 uel
537 3771 589 3822 alia
601 3777 713 3836 peccata
723 3771 800 3824 luere
809 3771 919 3824 debent.
956 3775 1109 3838 audierint,
1119 3777 1162 3828 vai
1172 3775 1354 3842 implicitum,
1369 3776 1391 3828 si
1401 3776 1436 3828 de
1446 3787 1479 3828 eo
1489 3787 1546 3828 non

329 3861 418 3911 Nemo
436 3858 472 3910 ob
489 3858 578 3910 solum
594 3855 770 3922 baptismatis
786 3857 922 3910 detectum
954 3861 1056 3915 luerint
1066 3863 1165 3915 edocti.
1176 3863 1296 3916 inientes
1307 3868 1398 3915 autem
1408 3862 1471 3914 fidei
1484 3871 1546 3914 cau·

323 3946 381 4012 -qui
399 3947 503 4012 absque
520 3945 600 4011 culpa
616 3943 743 4010 contigit,
758 3945 921 3998 cruciandus
956 3961 986 4000 sa
996 3947 1129 4000 interlecti
1141 3948 1237 4000 cadem
1254 3947 1361 4000 ratione
1372 3947 1489 4012 palmam
1500 3957 1545 3998 ac·

324 4035 462 4083 'censetur
478 4046 484 4081 :
503 4043 567 4082 nam
582 4029 685 4095 parvuli
698 4029 864 4094 baptismate
877 4043 920 4082 ca·
956 4032 1064 4098 quirere
1080 4037 1108 4084 et
1120 4045 1235 4098 regnum
1249 4033 1321 4083 baud
1336 4031 1474 4082 immerito
1485 4041 1546 4081 cre-

330 4120 445 4178 rentes,
468 4115 544 4181 juxta
567 4119 706 4179 receptam
734 4115 919 4176 sententiam,
956 4117 1078 4170 duntur:
1101 4129 1211 4182 aequum
1237 4117 1309 4169 enim
1333 4120 1375 4167 est
1399 4118 1426 4166 et
1446 4111 1545 4166 Christi

329 4200 408 4252 nulla
426 4199 558 4265 supplicia
577 4198 725 4265 patiuntur.
740 4201 803 4251 Haec
821 4201 922 4265 placuit
956 4215 1109 4255 consonum
1120 4199 1350 4268 promissionibus
1361 4237 1369 4262 ,
1382 4203 1411 4251 nt
1424 4198 1470 4265 qui
1482 4213 1545 4266 pro·

324 4286 468 4338 ¹sententia
479 4287 509 4336 b.
524 4285 636 4337 Tbom'ae
651 4283 796 4349 aquinati,
812 4285 921 4351 quidu-
955 4295 1019 4354 plor
1036 4287 1125 4354 ipsum
1137 4286 1220 4340 vitam
1237 4285 1380 4348 amittunt,
1394 4283 1457 4337 licat
1470 4285 1544 4338 baud

325 4369 435 4435 gustini
463 4370 637 4423 fidelissimus
664 4370 833 4437 discipulus,
859 4374 921 4436 ejus
961 4385 1019 4426 suae
1039 4371 1187 4426 voluntatis
1204 4375 1281 4434 actu,
1303 4380 1363 4423 eam
1381 4383 1443 4424 cum
1460 4373 1546 4438 gloria

329 4454 419 4508 uerba
432 4454 471 4508 ita
486 4455 679 4522 interpretatus
690 4461 747 4519 cst,
763 4458 924 4524 utPelagia·
961 4457 1127 4526 sempiterna
1139 4449 1286 4511 inveniant.
1298 4456 1337 4510 lta
1350 4456 1385 4511 de
1396 4457 1546 4513 innocenti·

358 4719 385 4773 (i)
395 4720 419 4761 b.
428 4721 455 4762 de
463 4720 630 4774 origineuuimo
643 4734 662 4764 c.
671 4722 699 4763 ir.
983 4727 1010 4777 (a)
1019 4725 1060 4776 Qu.
1068 4729 1087 4765 o.
1094 4724 1120 4765 de
1130 4725 1186 4766 malo
1195 4730 1237 4766 ert.
1246 4730 1265 4766 t.
1275 4725 1301 4767 ad
1310 4725 1325 4765 i.

355 4793 386 4846 (ti
396 4796 426 4835 bo
433 4793 475 4834 tide
484 4793 511 4834 ud
520 4794 620 4846 Petrum,
629 4806 648 4835 e.
656 4794 718 4836 nni.
987 4794 1013 4850 (ti
1020 4795 1043 4836 b.
1053 4794 1069 4835 l.
1077 4793 1103 4836 de
1113 4806 1171 4846 pecc.
1180 4800 1251 4836 ment.
1259 4801 1280 4836 et
1289 4793 1373 4836 remiss.
1383 4793 1465 4834 uariis.

1727 1428 1729 1449 ‘

1727 1542 1729 1601 r
