3792 5550
540 577 609 629 CEP.
627 579 669 628 Vl.
690 579 732 629 DE
749 578 893 630 ounlbttul
912 578 1058 630 MATERIA
1075 580 1116 629 ET
1134 581 1253 632 FORMA.
1456 579 1508 631 529

302 694 340 746 tio
351 693 466 760 videtur,
480 698 582 750 etsatis
594 698 722 752 definitus
734 705 817 752 estex
836 698 884 752 ad·
917 713 1001 751 nuum
1015 699 1217 764 impositionem
1230 705 1257 754 et
1266 701 1452 755 extensionem
1466 715 1509 755 se·
1598 759 1601 765 ,

297 779 416 843 junctis,
434 788 463 834 ut
475 784 620 836 sacerdotii
634 791 796 850 potestatem
812 785 883 837 indi·
917 785 1026 851 quitur:
1041 790 1168 852 putamus
1186 785 1257 838 enirn
1271 799 1331 838 eam
1354 787 1420 840 satis
1443 802 1505 842 cum

296 869 376 918 celet
396 868 524 921 conterat.
537 869 613 932 Quod
632 871 761 922 autemin
774 869 883 923 Pontifi-
917 873 1023 924 actibus
1048 872 1101 924 illis
1129 873 1256 938 conjungi
1280 877 1309 924 ut
1339 885 1433 926 eorum
1458 875 1506 928 de·

298 950 350 1002 cali
371 954 492 1008 Romano
514 963 647 1008 vocentur
664 957 793 1022 deinceps
810 956 883 1008 ordi·
916 957 1044 1008 terminet
1063 955 1205 1020 effectum,
1240 959 1393 1022 praesertim
1421 973 1505 1025 quum

299 1037 882 1102 nandi.ordinatorumnominebauddato,
916 1042 1041 1107 Episcopi
1062 1043 1184 1096 invitatio
1217 1044 1251 1096 ad
1285 1044 1418 1096 orandum
1443 1046 1505 1110 fiat,

300 1119 349 1171 nisi
373 1129 436 1187 post
452 1126 552 1177 tradita
572 1127 770 1189 instrumenta,
796 1126 884 1179 conti·
916 1127 1132 1180 dexterisadhuc
1145 1127 1265 1180 extensis
1277 1142 1360 1192 super
1379 1129 1507 1182 ordinan-

300 1205 369 1269 gisse
389 1210 513 1272 videtur,
535 1211 607 1276 quod
640 1211 883 1264 instrumentorum
917 1213 978 1266 dos.
994 1214 1078 1266 verba
1089 1213 1170 1280 igitur
1184 1215 1369 1267 lormaenobis
1381 1215 1508 1268 videntur

300 1291 442 1346 traditione
460 1296 564 1361 adjecta
583 1295 617 1347 ad
630 1297 776 1350 sacerdotii
786 1310 885 1348 munus
917 1297 963 1348 ille
975 1312 981 1348 :
992 1315 1008 1344 r<
1022 1297 1123 1350 Exaudi
1137 1311 1197 1362 nos,
1211 1312 1379 1364 quaesumus.
1395 1301 1508 1354 bomine

300 1377 464 1442 praecipuum
476 1379 665 1444 explicandum
677 1419 685 1444 ,
699 1382 732 1433 ad
746 1383 884 1448 integrila·
917 1385 988 1434 lleus
1000 1389 1103 1446 nostor,
1116 1389 1143 1436 et
1155 1398 1237 1448 super
1248 1385 1298 1436 lios
1317 1385 1433 1440 famulos
1445 1391 1508 1441 tuos

300 1464 352 1510 tem
372 1463 439 1517 ritus
465 1468 630 1533 requiratur,
653 1467 753 1520 etideo
771 1467 885 1520 effectus
918 1467 1140 1520 benedictionem
1159 1469 1246 1522 sancti
1260 1471 1391 1534 Spiritus,
1411 1482 1438 1524 et
1449 1486 1510 1540 gra-

300 1542 482 1610 impositionis
502 1565 630 1603 manuum
646 1566 797 1617 suspensus
815 1565 882 1617 quo
919 1553 964 1605 tiae
990 1554 1168 1607 sacerdotalis
1187 1556 1303 1608 infunde
1315 1557 1473 1620 .virlutem;
1493 1580 1505 1604 ιι

300 1628 444 1690 dammodo
457 1638 598 1699 habeatur,
620 1637 710 1689 donec
730 1637 819 1701 reipsa
830 1642 884 1688 tra·
920 1644 973 1689 etc.
994 1639 1058 1700 Quae
1080 1640 1210 1692 dicuntur
1227 1640 1310 1691 verba
1328 1641 1393 1692 dum
1413 1642 1508 1695 ultima

300 1715 403 1772 dantur.
418 1724 561 1775 ltetnmen
580 1735 643 1775 vera
660 1727 822 1787 potestatem
840 1734 887 1773 sa·
919 1723 978 1776 vice
999 1736 1096 1774 manus
1114 1724 1229 1788 imponit
1251 1724 1508 1792 E1.riscopn5,pete-

298 1803 407 1857 cerdotii
417 1808 464 1859 illa
484 1821 614 1860 manuum
624 1807 799 1872 impositione
808 1819 885 1860 cont·
920 1814 1020 1861 statem
1032 1809 1204 1862 remissionis
1225 1817 1398 1874 peccatorum
1424 1814 1507 1878 expli·

298 1890 427 1944 municari
441 1909 475 1946 ex
487 1893 824 1959 Conciliocarttraginensi
843 1895 883 1945 ll‘.
920 1901 1001 1956 cant,
1024 1908 1105 1959 quam
1123 1901 1212 1947 temen
1235 1897 1405 1958 sacerdotio,
1429 1905 1509 1962 prout

298 1974 468 2043 colligimus,
491 1993 553 2045 quae
581 1993 641 2032 eam
661 1980 791 2047 injungit,
811 1980 885 2031 nulla
919 1980 1054 2032 achristo
1073 1987 1114 2032 cst
1136 1981 1314 2033 constitutum
1327 2019 1334 2043 ,
1348 1982 1441 2034 inesse
1454 1995 1509 2035 crc-

300 2059 452 2118 traditionis
469 2066 714 2118 instrumentorum
725 2065 795 2118 iacta
808 2079 885 2116 men·
918 2065 1022 2127 dimus;
1037 2071 1064 2118 et
1076 2067 1190 2132 proinde
1204 2067 1284 2120 ritum
1304 2067 1379 2119 illurn
1405 2081 1439 2120 ex
1460 2071 1508 2122 Ec-

299 2142 390 2200 tione:
408 2153 574 2218 «Presbyter
585 2166 647 2204 curn
663 2152 814 2214 ordinatur,
826 2150 884 2216 Epi·
918 2152 1009 2204 clesiae
1031 2153 1091 2219 lege
1123 2154 1274 2206 adhibitum
1299 2154 1333 2206 ad
1360 2154 1508 2206 essentiam

299 2240 380 2298 scopo
394 2251 458 2290 eum
471 2239 667 2301 benedicente,
678 2245 705 2291 et
718 2252 827 2290 manum
841 2251 884 2289 su·
918 2251 973 2290 non
989 2238 1125 2301 pertinere
1139 2245 1267 2304 putamus
1280 2253 1287 2288 ε
1302 2251 1365 2290 uam
1379 2253 1430 2292 nec
1443 2239 1507 2292 olim

297 2327 434 2388 uereaput
451 2326 511 2391 ejus
532 2331 659 2386 tenente,
683 2324 765 2389 etiam
787 2337 884 2377 omnes
917 2329 1041 2375 servatus
1053 2329 1103 2376 est.

297 2406 446 2473 Presbyteri
460 2411 506 2475 qui
520 2419 669 2476 praesentes
687 2416 767 2472 sunt,
784 2423 884 2462 manus
949 2409 992 2458 98.
1008 2408 1187 2474 Episcopatus
1201 2409 1314 2462 formam
1336 2414 1430 2464 censet
1441 2413 1510 2464 llar-

298 2495 360 2540 suas
379 2493 457 2558 juxta
474 2509 586 2547 manum
602 2495 729 2560 Episcopi
742 2509 824 2559 super
838 2507 885 2546 ca·
917 2493 1009 2544 lenius
1031 2507 1093 2545 csse
1108 2486 1326 2558 prolixam'iltarn
1340 2495 1508 2559 oraticnem,

295 2577 343 2631 put
367 2578 427 2642 eJus
448 2579 702 2631 teneant.»¹ldem
727 2578 884 2630 liabeturin
918 2577 1005 2628 instar
1027 2578 1208 2642 preci-ationis,
1243 2592 1324 2643 quiam
1358 2581 1510 2645 Episcopus

294 2652 363 2711 libro
390 2664 581 2715 sacramentali
604 2666 630 2714 s.
652 2663 782 2728 Gregorii.
800 2665 884 2714 caete·
917 2668 981 2726 post
1001 2675 1130 2714 manuum
1160 2662 1363 2726 impositionem
1389 2665 1508 2729 profert,

292 2750 355 2793 rum
367 2746 568 2801 oxoniensibus
586 2748 699 2800 minime
709 2747 884 2811 assentimur,
919 2747 1022 2814 quippe
1042 2739 1104 2815 nuce
1129 2749 1186 2801 sola
1205 2748 1355 2813 untionitus
1381 2755 1510 2817 usurpata

293 2826 340 2888 ‘lui
353 2830 449 2886 dicunt
472 2835 530 2887 sola
545 2848 675 2887 manuum
694 2834 883 2899 impositione,
919 2834 1126 2887 noscitur.Aliis
1135 2834 1220 2887 terme
1229 2842 1270 2887 est
1281 2850 1304 2885 ιιι
1316 2836 1414 2901 Accipe
1425 2837 1510 2903 Spiri-

291 2910 396 2980 absque
409 2921 471 2972 ultis
497 2920 609 2982 verbis,
627 2919 745 2973 conferri
757 2921 884 2973 sacerdo·
920 2924 977 2971 tum
1006 2926 1130 2973 sanctum
1142 2934 1149 2981 ς
1162 2938 1177 2967 >r
1190 2933 1252 2985 qnae
1272 2922 1354 2985 verba
1368 2922 1508 2988 prolerunt

294 2996 322 3047 tii
334 3010 500 3065 potestatem
517 3023 523 3057 :
543 3006 679 3059 ’necesse
700 3011 742 3061 est
761 3007 834 3058 enim
855 3012 885 3059 ut
919 3004 1071 3073 Episcopus
1092 3015 1280 3067 consecrator,
1302 3014 1328 3059 et
1349 3009 1510 3061 assistentes

293 3082 361 3141 ritus
380 3091 426 3145 ille
437 3093 528 3146 verbis
540 3094 737 3145 determinetur
748 3094 781 3145 ad
794 3107 883 3147 sacer·
918 3091 974 3143 duo
991 3092 1132 3157 Episcopi,
1151 3093 1216 3144 dum
1230 3093 1364 3145 ambabus
1382 3094 1508 3148 manibus

294 3166 360 3225 dotii
378 3191 479 3231 munus
492 3180 692 3245 designandum
705 3180 884 3231 etconlercn·
918 3183 1001 3241 caput
1028 3178 1207 3229 consecrandi
1230 3183 1354 3243 tangunt.
1378 3181 1508 3231 Dicuntur

294 3252 372 3323 (illm,
394 3259 596 3329 nuod'semper
612 3264 669 3315 lieri
705 3264 883 3317 consuevisse
918 3260 1029 3326 quidem
1042 3260 1101 3311 aliis
1115 3261 1142 3312 in
1160 3262 1369 3326 occasionibus,
1382 3263 1460 3321 sicuti
1478 3265 1505 3317 in

297 3336 519 3413 inEcclesiaipsi
530 3345 657 3401 latentur.
919 3344 1093 3396 ordinatione
1110 3345 1259 3397 sacerdotis
1279 3360 1341 3399 mox
1365 3348 1503 3411 vidimus,

326 3429 368 3481 96.
388 3435 580 3501 Episcopatum
592 3443 619 3488 et
631 3435 807 3488 diaconatum
824 3434 884 3487 sola
917 3436 944 3481 et
960 3430 987 3481 in
997 3429 1105 3483 diaconi
1125 3430 1310 3492 ordinatione;
1324 3433 1371 3485 sed
1386 3446 1447 3499 quae
1460 3435 1508 3487 ad-

296 3521 425 3572 mannum
451 3521 626 3585 impositione
650 3520 739 3582 tradi,
761 3534 793 3572 ex
811 3520 884 3572 Scri·
913 3516 1044 3582 jiciuntur
1056 3517 1139 3570 verba
1157 3518 1459 3574 deliniunteorumvim
1472 3522 1508 3578 ad

294 3600 373 3656 utura
387 3613 415 3658 et
430 3607 519 3670 veteri
532 3606 660 3660 Ecclesiae
683 3606 883 3660 consuetudine
917 3602 1030 3655 effectus
1044 3603 1176 3668 speciales
1196 3605 1401 3671 designandos,
1421 3621 1506 3672 quum

296 3684 460 3754 colligimus.
474 3692 705 3745 subdiaconatum
723 3698 822 3745 vernet
836 3692 883 3743 mi·
916 3688 1076 3753 simpliciter
1093 3689 1163 3741 dicte
1177 3690 1291 3755 Spiritus
1318 3691 1404 3745 sancti
1417 3693 1507 3758 pleni·

297 3776 379 3825 nores
397 3778 513 3830 ordines
529 3791 672 3831 censemus
690 3778 724 3831 iis
742 3778 811 3830 tradi
830 3778 882 3831 riti·
917 3767 1039 3825 tudinem
1053 3775 1248 3827 communicari
1260 3776 1388 3831 indicent.

294 3848 429 3925 husones
441 3863 559 3915 Ecclesia
577 3877 624 3927 pro
635 3870 788 3927 temporum
806 3863 883 3915 etlo-
948 3862 991 3911 99.
1007 3860 1169 3913 biaconatus
1182 3861 1265 3913 torma
1282 3864 1357 3928 juxta
1370 3863 1509 3928 plurimos¹

296 3948 392 3997 corum
405 3947 562 3999 diversitate
583 3948 724 4009 statuerit,
745 3948 780 3999 ad
801 3947 882 3999 officii
918 3952 961 4013 est
976 3959 982 3994 :
997 3964 1008 3990 ιι
1027 3946 1126 4011 decipe
1140 3945 1267 4011 spiritum
1279 3956 1403 4000 sanctum
1417 3949 1452 4001 ad
1465 3962 1505 4001 ro-

296 4017 487 4082 aurtoritatem
500 4031 720 4095 designandam:
736 4032 769 4083 iis
781 4032 882 4097 quippe
915 4029 978 4091 bur,
996 4029 1069 4080 etad
1083 4030 1265 4081 resistendum
1280 4031 1389 4084 diabolo
1407 4037 1434 4084 et
1447 4038 1505 4085 ten·

294 4117 463 4168 assentimur
483 4116 529 4181 qui
547 4128 578 4168 ea
594 4116 680 4169 officia
699 4104 734 4167 ab
755 4116 882 4169 Ecclesiae
915 4113 1064 4167 tationibns
1095 4115 1154 4179 ejus
1178 4114 1206 4165 in
1243 4119 1355 4169 nomine
1388 4118 1504 4173 bomini.

294 4189 461 4253 Presullbus
472 4201 594 4254 instituta
606 4203 641 4254 ad
654 4202 743 4254 cultus
754 4201 881 4255 decorem
915 4204 1010 4254 Amen,
1025 4217 1049 4250 u.
1066 4202 1200 4252 caeterum
1226 4202 1373 4254 llartruins
1390 4211 1504 4258 conten·

294 4279 460 4341 existimant.
916 4287 956 4339 dit
979 4300 1039 4339 eam
1056 4300 1112 4337 non
1132 4299 1193 4339 esse
1205 4287 1412 4354 quadringentis
1425 4292 1504 4345 annis

331 4368 373 4421 ot.
388 4372 655 4432 Formosacerdotii.
668 4377 761 4427 nostra
774 4379 883 4428 senten·
916 4374 1004 4427 multo
1029 4373 1228 4438 antiquiorem
1243 4374 1291 4427 ⁵et
1309 4388 1417 4440 precem
1442 4392 1504 4443 quae

302 4448 354 4527 112,
370 4463 412 4510 est
428 4459 516 4513 oratio
538 4459 599 4524 illa,
614 4472 675 4526 quae
687 4458 801 4525 primam
824 4473 882 4513 ma·
916 4459 952 4513 ad
974 4459 1059 4513 instar
1070 4458 1236 4525 praelationis
1250 4466 1310 4525 est,
1340 4466 1424 4516 totem
1446 4462 1503 4518 ior-

339 4722 500 4781 (liCupiiidslr
513 4731 592 4771 llrnorr
601 4729 638 4769 the
647 4740 712 4781 grace
726 4729 751 4769 oi
763 4728 884 4769 ordination
918 4740 960 4783 any
983 4730 1037 4769 loru
1047 4729 1071 4769 ol
1078 4728 1155 4769 words.
1168 4742 1178 4765 ι
1189 4728 1258 4769 Truct.
1270 4732 1288 4767 l.

306 4784 326 4827 5⁸
344 4800 456 4841 contained
468 4800 490 4842 in
508 4802 545 4842 tbc
556 4800 629 4854 lapion
642 4812 670 4843 on
678 4800 704 4842 ei
715 4800 797 4853 hande,
809 4805 846 4841 not
861 4800 883 4842 in
943 4800 969 4853 lsi
979 4797 1111 4852 beantiquis
1119 4796 1218 4839 Ecclesia
1227 4796 1470 4840 ritibusl.t.c.riii.llrt.
1478 4800 1512 4846 ix.
