3792 5550
354 543 403 593 tol
700 542 814 593 rutel.
833 541 921 592 llvlll.
940 540 982 591 ull
1000 535 1212 587 llalltllltllllo.

355 666 534 725 suut,qnnm
550 662 676 723 ageretur
693 657 728 709 de
748 656 945 722 impedimento
981 654 1159 720 quandonam
1183 652 1332 706 diuortium
1359 665 1376 703 a
1400 657 1463 704 toro
1484 652 1574 705 licent.

355 759 431 800 mere
449 744 645 799 ecclesiastico.
983 740 1210 793 llinclridentini
1223 746 1315 804 patres
1327 738 1495 793 definierunt
1504 754 1512 789 ε
1522 760 1535 785 α
1547 741 1577 791 si

389 833 448 884 tta.
467 829 570 882 Summi
582 826 739 889 Pontifices,
755 839 806 892 pro
819 839 850 879 ea
864 839 946 892 qnam
982 827 1045 893 quis
1060 826 1157 881 dixerit
1175 838 1273 879 causas
1291 825 1511 878 matrimoniales
1521 838 1578 878 non

356 917 497 971 aCltristo
521 916 686 979 acceperunt
707 912 890 976 auctoritate,
912 912 946 963 alt
984 918 1109 977 spectare
1142 911 1177 963 ad
1210 911 1318 978 jndices
1346 911 1577 972 ecclesiasticos;

356 1003 486 1056 omnibus
506 1000 708 1066 impedimentis
727 1012 802 1051 mere
822 998 948 1052 ecclesia·
983 998 1128 1049 anatliema
1141 995 1207 1048 sit.»
1219 996 1228 1028 ¹
1239 998 1304 1059 Quae
1316 994 1495 1061 finntjndicia
1505 996 1579 1061 apud

358 1085 696 1149 sticisvalentdispeusare
705 1098 711 1133 :
720 1084 845 1149 Episcopi
855 1089 947 1136 antem
985 1083 1132 1136 tribunalia
1141 1082 1245 1145 ciuilia,
1259 1081 1429 1148 respiciunt,
1443 1082 1484 1134 uti
1495 1096 1579 1148 snpra

357 1170 468 1225 nonnisi
477 1171 552 1233 juxta
570 1168 704 1234 speciales
717 1169 769 1221 sini
781 1168 859 1220 datas
869 1168 950 1222 incnl·
985 1168 1179 1233 explicuimus,
1200 1168 1290 1220 civilia
1310 1179 1395 1220 onera
1406 1204 1414 1230 ,
1427 1168 1578 1233 ligamina,

357 1263 441 1316 tates,
467 1255 509 1307 rel
535 1266 585 1319 pro
610 1268 702 1306 rernm
730 1254 895 1307 necessitate
921 1254 948 1306 iu
985 1260 1012 1306 et
1032 1254 1164 1320 injurias,
1181 1254 1274 1318 potius
1294 1266 1377 1318 quam
1399 1253 1580 1306 intrinsecam

357 1340 473 1395 occultis
500 1340 723 1406 impedimentis,
751 1340 860 1406 quando
892 1352 949 1392 non
986 1353 1077 1392 rerum
1092 1340 1273 1397 honestatem.
1290 1339 1319 1390 ld
1330 1345 1421 1390 tamen
1431 1338 1579 1401 addemus,

358 1432 450 1492 potest
474 1426 577 1479 recurri
601 1427 635 1477 ad
665 1426 833 1478 Pontificem.
862 1428 949 1488 Quum
986 1425 1068 1477 lionis
1084 1422 1210 1477 moribus
1219 1438 1316 1491 parum
1329 1425 1420 1476 favere
1432 1425 1508 1489 quod
1518 1438 1581 1477 oan-

359 1512 537 1577 amplissimae
553 1512 659 1564 soleant
671 1510 814 1576 Episcopis
826 1511 953 1562 Foedera-
986 1523 1025 1562 sae
1043 1509 1258 1562 matrimoniales
1276 1509 1309 1561 ad
1332 1509 1443 1575 publica
1456 1510 1580 1563 deteran-

360 1604 448 1649 tarum
470 1597 671 1661 provinciarum
693 1596 823 1658 concedi,
838 1608 953 1648 necesse
987 1601 1032 1647 tnr
1043 1595 1204 1659 tribunalia,
1220 1608 1307 1660 quum
1321 1609 1354 1648 ea
1371 1595 1536 1662 plerumque
1546 1597 1581 1648 sit

360 1694 416 1733 non
429 1687 470 1733 est
474 1682 522 1746 jus
534 1680 645 1745 aliquod
653 1686 861 1734 controversum
872 1680 953 1733 nobis
988 1695 1080 1735 rernm
1094 1694 1156 1747 quae
1166 1682 1342 1747 proteruntur
1356 1687 1455 1734 natura
1467 1696 1523 1747 qna
1536 1697 1582 1748 pn·

360 1765 500 1819 vindicare
511 1781 517 1816 :
530 1766 578 1819 scd
595 1771 706 1831 praestat
719 1769 745 1817 S.
757 1767 836 1819 Sedis
845 1766 954 1832 juribus
987 1768 1039 1819 dor
1048 1767 1165 1819 laeditur.
1178 1768 1227 1819 tini
1240 1766 1385 1819 tribunalia
1395 1768 1582 1820 ecclesiastica

360 1865 423 1904 cum
439 1851 531 1903 debita
548 1853 701 1905 reverentia
714 1852 844 1916 servatis,
865 1855 953 1904 tutum
988 1860 1193 1919 agnoscuntur,
1208 1851 1293 1916 judex
1316 1852 1405 1904 civilis
1431 1851 1468 1903 de
1490 1853 1583 1904 valore

361 1936 488 1989 insistere
502 1937 657 1990 concordiae
675 1938 735 1989 iter.
989 1937 1156 1989 matrimonii
1165 1936 1583 2002 eorumsenteutiamseqnitur,

397 2023 453 2073 liti.
468 2024 554 2084 Quum
564 2023 606 2075 vis
617 2022 784 2077 matrimonii
798 2035 889 2075 coram
899 2022 955 2073 Deo
989 2022 1102 2088 qnando
1115 2022 1150 2074 de
1162 2022 1237 2085 dote,
1248 2022 1292 2075 vel
1302 2022 1435 2074 oneribus
1447 2022 1584 2088 agendum

362 2106 510 2173 pendeat,¹
530 2107 567 2158 uti
594 2107 735 2170 vidimus,
763 2120 796 2159 ex
825 2106 955 2159 Ecclesiae
990 2107 1586 2173 estz¹quitamenapndnosdeomnibns

362 2193 469 2257 legibus
486 2192 586 2257 prtinus
615 2206 768 2245 consensus
796 2194 957 2246 contrairen-
989 2194 1072 2259 pleno
1083 2193 1166 2245 veluti
1178 2194 1239 2259 jnre
1249 2193 1389 2256 decernit,
1402 2194 1477 2245 nulla
1492 2193 1586 2247 habita

363 2277 430 2327 tium
442 2277 565 2341 regitur,
586 2277 673 2341 liquot
695 2278 728 2328 ad
751 2278 956 2330 ecclesiasticos
990 2277 1096 2330 ratione
1116 2277 1260 2342 potestatis
1279 2278 1486 2331 ecclesiasticae.

360 2360 467 2428 judioes
485 2365 608 2424 spectare
619 2373 717 2413 causas
728 2361 955 2426 matrimoniales,
1023 2365 1086 2415 llaec
1100 2361 1216 2415 strictim
1227 2363 1262 2415 de
1270 2364 1448 2417 Matrimonio
1456 2364 1586 2427 diximus,

364 2444 391 2495 in
408 2443 507 2508 quibus
523 2444 557 2496 de
569 2445 628 2510 ejns
640 2447 734 2497 valore
744 2446 842 2513 agitur.
854 2448 956 2498 Eorum
990 2448 1114 2513 plurimis
1132 2449 1327 2513 praetermissis
1340 2490 1348 2513 ,
1359 2452 1403 2503 vel
1429 2452 1527 2505 leviter
1547 2452 1587 2504 in-

364 2534 407 2580 est
427 2528 509 2595 igilur
525 2529 648 2593 judicare
669 2531 844 2595 quandonam
865 2531 956 2583 divor·
991 2532 1104 2595 dicatis,
1119 2546 1181 2598 qnae
1204 2534 1293 2587 fusius
1312 2548 1452 2601 exponere
1472 2536 1587 2589 instituti

364 2616 433 2666 tium
454 2629 469 2667 a
491 2616 600 2670 vinculo
625 2617 747 2669 dandum
764 2617 814 2682 sit,
828 2630 862 2671 eo
880 2618 956 2683 quod
990 2617 1078 2670 nostri
1090 2617 1160 2669 ratio
1177 2631 1233 2671 non
1251 2619 1388 2687 exigebat.
1409 2624 1470 2673 lam
1489 2624 1525 2676 de
1544 2626 1587 2676 Sa-

365 2699 472 2751 irritum
501 2700 537 2752 sit
566 2702 788 2764 matrimouinm;
818 2708 846 2756 et
872 2703 954 2756 etiam
989 2702 1137 2755 oramentis
1152 2702 1181 2754 in
1199 2704 1361 2761 universum
1373 2709 1513 2774 agendum
1535 2715 1584 2763 est.

392 2997 421 3049 (l)
437 2997 493 3038 Scts.
503 3000 556 3040 uiv.
572 3011 619 3040 can.
633 2990 668 3040 xr'i.
1015 3006 1042 3057 (ll
1058 3007 1166 3056 Barbom,
1179 3005 1206 3046 de
1223 3005 1262 3046 oli.
1279 3011 1301 3046 et
1315 3006 1360 3058 pol.
1374 3014 1409 3060 ep.
1428 3020 1452 3062 p.
1469 3009 1502 3052 iii.
1520 3008 1585 3063 Alless'.

990 3079 1064 3122 lxxxiv.
1132 3088 1136 3093 ’
