3792 5550
645 530 713 583 CAP.
733 530 776 582 lll.
797 531 838 582 bu
857 527 1006 581 BAPTlell
1024 524 1230 579 EFFECTIBUS.
1515 530 1549 581 55

342 644 391 698 sed
404 644 599 698 conscientiam
616 644 717 699 bonam
734 646 807 711 apud
825 647 928 701 ileum,
964 644 1098 707 stituitur,
1111 644 1174 697 lruic
1198 644 1344 696 adnectere
1362 642 1548 707 sacramento,

342 744 404 797 quae
416 744 448 783 ex
461 730 514 783 ilde
526 736 576 785 est.
595 749 611 779 s
629 730 638 765 ¹
658 732 696 784 lta
710 732 846 785 calvinus
963 731 1001 783 uti
1021 744 1051 783 ex
1064 732 1122 797 ejus
1133 729 1223 783 verbis
1240 728 1333 793 liquot.

376 817 433 868 445.
458 817 535 881 desp.
559 806 643 869 'Valet
672 816 731 882 ipse
756 817 928 883 Baptismus,
997 818 1053 867 448.
1068 814 1127 879 04).
1141 817 1165 866 4.
1185 813 1276 865 Simon
1288 826 1384 881 magus
1400 834 1411 865 1
1425 815 1549 879 credidit,

340 905 436 965 utpote
454 900 585 953 adbristo
602 902 718 955 Domino
734 908 873 968 tamquam
886 916 931 955 sa·
964 905 1073 977 etcum
1097 902 1248 967 baptizatus
1273 906 1366 965 osset,
1392 902 1551 955 adhaerabat

305 1056 312 1063 ¹
340 987 405 1039 lutis
432 987 583 1040 subsidium
608 988 768 1053 institutus,
785 992 812 1042 in
833 992 928 1043 remis·
963 986 1125 1051 Philippotl
1140 991 1259 1039 attamen
1272 999 1421 1052 numquam
1435 989 1487 1038 lico
1501 998 1550 1037 na-

342 1072 448 1125 siourm
473 1080 647 1139 peccatorum
664 1091 671 1127 ε
691 1077 738 1128 sed
755 1079 931 1142 requiruntur
963 1076 1006 1123 ius
1026 1076 1067 1123 esi
1084 1086 1091 1122 :
1110 1070 1133 1123 ei
1154 1072 1254 1137 quippe
1271 1071 1338 1124 dixit
1353 1074 1447 1124 Petrus
1467 1086 1502 1121 :n
1520 1072 1549 1123 ln

308 1144 317 1158 '
341 1158 466 1223 quaedam
481 1159 565 1210 animi
586 1158 762 1224 affectiones,
776 1175 824 1213 seu
837 1162 929 1227 dispo·
963 1156 1024 1209 icllc
1036 1157 1108 1209 enirn
1123 1156 1330 1217 amaritudinis,
1346 1157 1550 1224 etobligatione

341 1243 455 1296 sitiones
469 1245 569 1309 quibus
583 1247 713 1298 tollantur
726 1247 828 1300 obices.
840 1248 929 1311 Fides,
963 1243 1114 1310 iniquitatis
1127 1243 1207 1298 video
1220 1249 1245 1297 tc
1259 1258 1331 1297 esse.
1345 1243 1379 1292 ai

342 1330 517 1395 poenitentia,
540 1334 711 1398 propositum
736 1334 782 1386 liei
801 1335 928 1387 mandata
998 1330 1054 1380 149·
1068 1330 1145 1393 Resp.
1163 1330 1232 1380 Nihil
1250 1335 1324 1382 vetat
1340 1330 1451 1382 elidere
1464 1329 1550 1382 Simo

342 1416 466 1469 servandi
488 1418 673 1483 requiruntur,
697 1426 726 1472 ut
742 1421 851 1473 adultus
871 1435 930 1488 gra·
964 1424 1026 1463 nem
1045 1415 1100 1465 ⁰00
1116 1412 1252 1479 Baptismo
1269 1419 1363 1466 natum
1377 1414 1460 1468 fuisse
1480 1428 1549 1481 ²1³0·

340 1499 386 1553 eae
411 1502 510 1555 lavacri
535 1504 719 1570 percipiendae
741 1506 777 1558 sn
800 1506 928 1559 idoneus.
963 1497 1098 1550 tritenim
1114 1499 1549 1567 41411111114411141111414141,

341 1586 473 1652 equidem
493 1590 587 1642 carrus
605 1591 686 1642 ans«
702 1593 854 1645 salvosvos
867 1592 930 1645 facit
964 1588 991 1634 ei
1008 1582 1175 1636 conscientie
1196 1589 1270 1636 reete
1290 1585 1436 1647 excidam
1455 1586 1493 1638 uti
1515 1586 1550 1639 de

325 1672 492 1738 Baptisma,
508 1694 520 1721 1.
544 1680 571 1727 ep
590 1676 713 1729 Christus
732 1678 849 1729 salutem
875 1692 932 1731 cre.
965 1668 1026 1720 aliis
1040 1673 1155 1721 testatur
1166 1672 1331 1735 Apostolus:
1347 1692 1359 1716 1
1371 1672 1472 1725 bonam
1485 1685 1549 1725 con·

341 1756 417 1809 nean
440 1772 472 1810 ea
504 1760 661 1813 conditione
683 1761 808 1826 promen
830 1769 861 1815 m
881 1766 932 1815 ea·
965 1752 1107 1805 seientiam
1131 1790 1137 1803 ·
1165 1794 1171 1805 ·
1201 1794 1207 1806 ·
1233 1756 1344 1822 cuidem
1368 1759 1548 1823 remetientes,

341 1840 472 1906 ptismum
486 1844 637 1907 susciperet
651 1858 658 1895 ε
674 1864 686 1889 e
699 1845 748 1908 Qui
768 1846 930 1911 crediderit,
965 1837 1036 1890 elidii
1047 1838 1128 1890 fidem
1142 1839 1377 1906 reuiragarerunt.
1387 1842 1422 1890 ni
1435 1844 1511 1906 Quod
1526 1844 1549 1895 si

341 1931 370 1977 et
384 1925 536 1990 baptizatus
553 1927 649 1991 luerit,
664 1929 755 1981 salvus
770 1930 830 1982 erit.
852 1948 868 1977 n
887 1930 899 1963 ¹
966 1922 1009 1973 cui
1027 1922 1152 1975 videatur
1168 1936 1230 1975 curn
1245 1923 1336 1977 animo
1352 1925 1423 1977 lraud
1441 1926 1549 1981 sincero

378 2012 436 2063 ild.
461 2011 519 2076 obj.
544 2015 568 2063 5.
592 2014 655 2075 Quis
682 2014 835 2067 renascitur
861 2018 930 2078 Deo,
965 2007 1347 2074 egissedumbaprizaremr,
1358 2023 1456 2075 pravus
1467 2011 1548 2063 animi

344 2096 455 2161 quando
474 2096 588 2161 Spiritus
611 2098 746 2161 voluerit,
764 2100 830 2164 quin
852 2114 931 2166 aquae
965 2090 1077 2145 affectus
1087 2088 1238 2145 obsti-titne
1248 2100 1446 2160 renasceretur,
1456 2109 1550 2161 quam-

344 2186 419 2233 tanta
439 2182 503 2233 insit
520 2182 605 2236 virtus
618 2188 646 2236 ut
659 2198 690 2236 ea
703 2185 823 2237 adbibita
837 2200 930 2239 nasca·
964 2178 1004 2231 iii
1028 2176 1243 2244 iegessiiiiiffliis
1272 2179 1424 2244 susceperit
1441 2182 1550 2235 'Saita-

344 2271 390 2319 tur
407 2270 584 2330 necessario?
606 2270 650 2323 Sic
667 2271 789 2324 cbristus
807 2274 930 2325 nativita·
964 2268 1096 2317 iiiiiiiiiiii·
1279 2265 1282 2273 '

342 2358 397 2405 tem
419 2354 585 2419 comparavit
605 2362 697 2419 rento,
710 2358 788 2422 cujus
807 2357 883 2423 origo
903 2364 931 2410 et
998 2353 1055 2403 15⁰·
1067 2350 1126 2416 dij.
1140 2356 1165 2405 5·
1189 2353 1316 2419 injuriam
1334 2354 1440 2433 Siliijiiii
1454 2361 1549 2409 salicto

342 2438 456 2491 directio
476 2445 519 2491 est
537 2439 638 2492 incerta
653 2456 660 2491 z
674 2460 685 2485 «
697 2440 742 2493 Sic
760 2446 802 2493 est
821 2442 929 2505 omnis,
964 2435 1063 2500 inferi,
1081 2438 1125 2503 qui
1139 2452 1216 2503 aquae
1226 2440 1281 2491 rim
1293 2440 1438 2495 nativitatis
1450 2442 1550 2495 dirime

341 2521 389 2586 qui
403 2529 536 2576 natusest
555 2538 587 2576 ex
601 2525 710 2590 Spiritu.
726 2545 738 2570 s
756 2525 767 2559 ³
784 2526 869 2591 Igitur
886 2540 932 2579 na·
965 2520 1066 2573 tribuit.
1082 2525 1168 2575 Abeo
1182 2524 1215 2575 ad
1230 2524 1336 2577 infirma
1354 2532 1380 2578 et
1397 2540 1481 2593 egena
1495 2528 1550 2580 ele-

341 2607 432 2661 tivitas
445 2608 490 2659 iila
503 2612 545 2661 est
562 2609 645 2661 animi
665 2610 826 2674 conversio,
844 2612 930 2677 gratia
964 2612 1055 2660 menta
1076 2608 1219 2673 homines,
1239 2611 1428 2675 superstitiosa
1442 2612 1549 2665 virtutis

343 2690 459 2756 Spiritus
480 2691 563 2763 divini
582 2692 695 2757 effecta,
715 2708 770 2760 quo
794 2693 853 2761 ipse
882 2710 931 2751 ro-
964 2692 1477 2759 aquaeinsitaenotione,abducuntun
1569 2712 1579 2731 ·

342 2777 425 2829 luerit
446 2781 583 2845 tempore,
604 2786 631 2832 et
652 2780 819 2846 quibuslibet
838 2781 865 2832 iu
888 2795 931 2834 re·
997 2775 1144 2845 totitem.
1164 2782 1240 2833 Nulla
1252 2781 1293 2835 vis
1309 2783 1436 2836 tribuitur
1449 2795 1549 2849 eques,

341 2875 401 2914 rum
426 2863 560 2930 adjunctis
580 2869 677 2932 :cujus
702 2866 832 2920 indicium
850 2869 930 2920 datur
963 2878 1024 2931 quae
1038 2879 1053 2916 a
1069 2865 1165 2918 Christi
1179 2868 1319 2920 voluntate
1338 2874 1364 2921 et
1380 2869 1477 2923 merito
1493 2883 1548 2922 non

342 2947 407 3000 dum
438 2951 565 3003 Ecclesiae
585 2951 684 3004 visibili
707 2953 848 3020 aggregari
869 2955 930 3020 quis
964 2951 1110 3006 derivetur.
1127 2953 1202 3005 Nulla
1218 2957 1260 3005 est
1273 2955 1475 3020 superstitionis
1489 2969 1551 3006 um·

342 3035 400 3087 vult
420 3037 548 3102 baptismi
571 3039 754 3104 susceptione.
963 3037 1012 3088 bra
1033 3050 1094 3090 eam
1117 3051 1268 3104 agnoscere
1292 3040 1440 3103 virtutem,
1465 3053 1548 3106 quam

375 3123 432 3171 447.
454 3122 532 3187 desp.
555 3124 657 3187 dquam
676 3131 703 3176 et
721 3124 849 3189 Spiritum
868 3138 930 3177 sau-
963 3122 1034 3174 lleus
1047 3122 1104 3187 lpse
1116 3123 1198 3186 rebus
1210 3124 1308 3176 creatis
1321 3125 1431 3187 indidit,
1450 3129 1550 3176 lustru·

342 3211 415 3258 otum
435 3208 516 3260 simul
531 3209 672 3273 coniunxit
684 3210 823 3273 cbristus,
839 3211 873 3263 da
884 3225 932 3264 no·
964 3213 1056 3258 menta
1068 3219 1099 3258 ea
1114 3207 1215 3260 iaciens
1225 3209 1368 3273 quibusde
1378 3210 1458 3262 donis
1469 3210 1551 3262 nobis

341 3303 374 3342 va
396 3291 538 3344 nativitate
556 3291 688 3355 loquens,
712 3306 773 3355 quae
806 3307 876 3358 aqua
902 3295 932 3345 tit
965 3290 1072 3342 collatis
1085 3292 1215 3342 certiores
1228 3291 1384 3342 efficiamur.
1399 3295 1551 3357 Ejuspote-

342 3381 481 3442 tamquam
506 3377 708 3437 instrumento,
736 3375 838 3440 Spiritu
866 3375 933 3429 etie-
967 3378 1063 3426 statem
1084 3379 1110 3426 et
1130 3375 1342 3426 munificentiam
1361 3376 1388 3426 in
1408 3389 1485 3442 aquae
1505 3383 1552 3432 Sa·

341 3468 428 3515 ctore.
439 3461 502 3513 Non
520 3464 626 3514 constat
642 3462 768 3515 devenio
781 3462 933 3529 intelligen-
966 3464 1106 3514 eramento
1120 3459 1286 3526 suspicimus
1296 3465 1322 3514 et
1334 3461 1489 3515 adoramus.

341 3547 378 3598 da
408 3559 470 3599 esse
493 3559 555 3613 quse
578 3546 613 3600 de
637 3547 738 3614 Spiritu
767 3549 929 3615 subjungit:
999 3545 1549 3614 454.04).(4.14411114411111114411111144·

340 3631 469 3687 videntur
490 3632 562 3686 enim
583 3634 674 3699 potius
702 3635 737 3687 de
758 3635 818 3700 ipso
838 3631 930 3689 divisio
964 3632 1098 3686 nationem
1117 3632 1271 3699 Baptismus
1289 3634 1447 3698 pollicetur,
1466 3647 1548 3700 quam

343 3717 457 3783 Spiritu,
480 3719 558 3784 cujus
582 3725 674 3773 motus
703 3721 775 3772 baud
799 3721 877 3774 facile
896 3722 931 3774 ab
964 3731 1013 3784 per
1022 3721 1211 3784 aspersionem
1222 3719 1363 3784 sanguinis
1375 3720 1550 3784 Christi,qui

344 3803 455 3856 bomine
466 3804 669 3870 discernuntur,
688 3807 856 3872 explicanda.
877 3809 931 3860 Cae·
964 3819 1013 3870 per
1024 3819 1137 3872 aquam,
1152 3813 1263 3872 propter
1274 3807 1423 3859 mundandi
1439 3807 1551 3860 abluen-

344 3892 431 3940 terum
459 3890 557 3942 damus
574 3891 702 3956 Spiritum
728 3897 852 3944 sanctum
874 3906 929 3957 quo
964 3890 1047 3955 dique
1060 3891 1286 3956 similitudinem,
1306 3893 1445 3959 liguratur.
1460 3891 1547 3944 »itta

342 3973 459 4044 voluerit
477 3980 599 4040 tempore
618 3977 756 4030 bominem
776 3990 825 4029 sua
845 3977 929 4042 gratia
965 3977 1099 4028 Calvinus.
1443 3970 1445 3974 ’
1506 3987 1510 3996 “

344 4061 470 4124 tangere,
497 4059 592 4125 sicque
614 4073 677 4112 eum
707 4061 740 4112 ad
761 4060 930 4126 Baptismum
999 4063 1055 4112 153.
1075 4062 1153 4125 iteca.
1176 4062 1271 4127 Utique
1293 4060 1427 4126 sanguine
1449 4059 1549 4111 Christi

342 4155 455 4208 parare,
467 4144 548 4196 fidem
563 4151 742 4210 sanctumque
760 4144 931 4210 propositum
965 4145 1115 4198 mundities
1132 4147 1222 4198 omnis
1235 4151 1391 4210 comparata
1404 4144 1482 4196 nobis
1493 4150 1550 4208 cst,

343 4227 484 4296 largiendo
498 4246 504 4282 :
517 4231 565 4283 sed
581 4231 683 4296 placuit
696 4230 802 4282 christo
815 4229 931 4294 Spiritus
965 4243 1017 4282 nec
1036 4243 1113 4294 aquae
1131 4230 1201 4283 inest
1221 4230 1324 4292 virtus,
1342 4229 1393 4280 uisi
1411 4233 1549 4295 tamquam

342 4313 509 4379 efficaciam,
528 4329 581 4382 qua
599 4317 682 4370 bomo
701 4315 746 4369 liei
773 4314 844 4368 lilius
864 4327 930 4368 oon·
964 4314 1145 4368 instrumento
1159 4327 1213 4380 quo
1226 4314 1265 4367 uti
1278 4313 1314 4366 illi
1327 4313 1427 4381 placuit
1442 4315 1550 4368 adeam

370 4604 397 4655 44)
414 4603 529 4655 Caluinus,
538 4604 590 4646 inst.
600 4605 615 4646 Ι.
624 4604 652 4645 ie.
662 4617 681 4646 c,
695 4617 727 4647 11.
738 4616 759 4647 n.
770 4610 789 4646 t.
994 4605 1022 4658 (4)
1033 4607 1078 4646 Act.
1088 4602 1131 4646 viii.
1142 4608 1173 4647 44,

369 4673 397 4725 (4)
410 4674 475 4713 Herc.
484 4673 526 4713 xvi.
539 4678 570 4734 44.
994 4677 1021 4728 (lt)
1032 4677 1048 4716 l.
1057 4677 1112 4716 Tim.
1123 4675 1137 4716 i.
1146 4682 1177 4717 iti.

368 4745 395 4798 [4)
410 4745 541 4788 termille.
993 4750 1020 4802 to)
1031 4749 1083 4790 lust.
1094 4745 1143 4789 liv.
1153 4758 1171 4787 c.
1181 4758 1213 4789 11.
1223 4755 1244 4786 rr.
1254 4751 1274 4786 2.
1370 4781 1375 4796 ,
