3792 5550
402 561 450 611 tto
610 601 612 608 .
705 555 821 608 abaci.
840 553 907 607 xiil.
926 556 955 605 P.
975 554 997 604 l.
1016 554 1059 606 nb
1076 552 1303 606 bucuaume.

402 680 542 732 eramento
555 672 730 728 Eucharistiae
754 672 805 724 sub
826 681 991 736 unaquaque
1024 680 1081 721 non
1099 653 1251 722 secundum
1276 667 1364 734 insius
1383 668 1485 723 (ibristi
1505 669 1618 725 institu-

402 763 551 831 specie,et
570 760 621 814 sub
639 757 755 825 singulis
779 757 912 823 cultasque
930 767 992 820 spe·
1025 751 1127 806 tionem
1151 752 1204 806 sub
1227 757 1343 817 utraque
1361 753 1452 820 specu
1473 760 1617 817 sumatur3

403 847 455 902 oiei
466 845 604 913 partibus,
617 841 788 909 separatione
799 840 870 893 iacta
883 876 891 903 ,
903 844 993 892 totum
1026 839 1169 892 anatbema
1191 838 1237 892 sit.
1256 856 1272 887 o
1288 837 1300 871 ⁸

403 933 540 986 Christum
559 928 711 991 contineri;
724 928 869 980 anathema
886 926 931 978 sit.
954 945 967 971 ι
982 923 991 957 ¹
1236 925 1398 992 propositio.

403 1017 592 1083 displicuerunt
624 1015 707 1067 etlam
732 1011 992 1074 concomitantiam,
1059 1012 1137 1066 Nullo
1153 1011 1200 1065 bei
1212 1014 1504 1081 praeculcandum
1523 1029 1620 1070 neces-

403 1101 439 1156 de
451 1114 504 1167 qua
522 1111 605 1166 supra
618 1097 700 1152 locuti
720 1110 815 1151 sumus
829 1111 862 1148 :a
880 1098 995 1161 Semper
1027 1096 1108 1150 sitate
1140 1098 1236 1151 salutis
1269 1112 1368 1153 omnes
1395 1100 1493 1153 christi
1526 1102 1621 1156 fideles

404 1188 463 1241 haec
483 1187 550 1242 tides
567 1186 596 1239 in
615 1185 737 1240 Ecclesia
750 1184 797 1238 liei
819 1182 994 1248 init,statim
1027 1187 1171 1248 utramque
1192 1184 1312 1249 speciem
1328 1183 1495 1239 sanctissimi
1515 1188 1621 1240 Eucha-

404 1271 741 1340 postcommunionem,
764 1282 860 1324 rerum
888 1267 994 1322 bomini
1028 1266 1112 1320 ristiae
1123 1269 1289 1322 sacramenti
1303 1281 1413 1324 sumere
1424 1270 1541 1324 debent.

405 1359 492 1412 nostri
510 1370 609 1425 corpus
621 1395 628 1422 ,
642 1367 793 1422 verumque
812 1355 869 1420 eius
884 1353 996 1420 sangui·
1060 1353 1119 1405 tot.
1138 1353 1277 1407 Probatur
1300 1356 1324 1406 t.
1341 1367 1378 1407 ex
1392 1359 1495 1408 acturo
1522 1356 1623 1410 Socra-

405 1455 468 1496 nem
481 1443 532 1496 sub
544 1441 623 1509 nanis
636 1440 730 1497 etvini
743 1439 852 1506 specie,
866 1451 995 1492 unacum
1028 1437 1123 1490 menti.
1147 1440 1353 1493 Sacramentum
1374 1444 1482 1493 constat
1506 1453 1622 1508 corpore

405 1528 491 1593 ipsius
519 1527 609 1580 anima
632 1533 659 1580 et
687 1526 827 1581 divinitate
855 1524 994 1589 existere,
1028 1527 1056 1576 et
1073 1523 1441 1591 sanguiuocurtstt,quaea
1457 1525 1621 1581 seinvicem

406 1614 455 1666 sed
473 1626 573 1680 corpus
585 1613 698 1680 quidem
714 1613 766 1668 sub
786 1611 877 1678 specie
895 1611 995 1678 panis,
1028 1623 1085 1664 non
1106 1616 1268 1677 separantur
1288 1625 1296 1662 t
1319 1624 1383 1665 nam
1408 1631 1422 1658 α
1438 1610 1567 1666 cbristus
1584 1626 1623 1666 re-

407 1703 434 1752 et
462 1698 623 1765 sanguinem
653 1698 705 1752 sub
726 1697 782 1752 viui
803 1697 894 1763 specie
914 1709 947 1750 ex
969 1697 995 1752 vi
1029 1709 1145 1763 surgens
1168 1708 1201 1749 er
1213 1695 1330 1749 mortuis
1344 1696 1401 1762 jam
1418 1708 1474 1749 non
1491 1697 1621 1760 moritur,
1706 1752 1707 1759 χ

406 1785 552 1840 verborum
577 1786 690 1852 :ipsum
711 1791 802 1838 autem
822 1797 923 1851 corpus
943 1784 996 1837 sub
1029 1793 1104 1834 mors
1121 1780 1160 1833 illi
1180 1781 1251 1833 ultra
1268 1793 1324 1835 non
1343 1780 1540 1834 dominabitur.
1568 1803 1581 1830 u
1610 1784 1621 1816 ⁵
1706 1808 1707 1813 κ

407 1863 498 1937 specie
516 1871 588 1937 vini,
601 1877 629 1926 et
648 1871 810 1940 sanguinem
829 1871 881 1925 sub
904 1871 997 1937 speeie
1029 1868 1101 1933 Ergo
1113 1870 1187 1920 totus
1198 1865 1328 1932 recipitur
1338 1865 1463 1919 cbristus
1475 1867 1529 1920 sub
1542 1868 1622 1922 alter·
1706 1858 1707 1861 ’

406 1959 503 2024 panis,
525 1958 699 2025 animamque
731 1957 782 2012 sub
812 1963 942 2024 utraque,
970 1957 997 2010 ri
1029 1958 1090 2006 utra
1106 1953 1198 2020 speeie
1220 1947 1366 2019 :quamuis
1386 1953 1460 2006 cuim
1476 1953 1505 2008 ri
1523 1957 1622 2009 uerbo·

406 2043 538 2098 naturalis
551 2043 624 2096 illius
642 2043 839 2106 connexionis,
852 2049 880 2096 et
897 2055 997 2096 coneo·
1029 2051 1090 2092 rum
1101 2052 1202 2105 cornua
1221 2039 1321 2092 Christi
1342 2043 1450 2092 tautum
1470 2039 1524 2093 sul)
1543 2028 1622 2107 nanis

406 2129 554 2192 mitantiae,
568 2143 622 2196 qua
641 2134 733 2195 partes
750 2129 864 2194 Christi,
875 2128 921 2195 qui
939 2131 997 2195 jam
1030 2124 1121 2191 speeie
1141 2131 1267 2192 ponatur,
1288 2125 1500 2179 concomitantia
1513 2133 1622 2190 tamen,

407 2227 440 2267 ex
462 2213 577 2268 mortuis
603 2213 769 2277 resurrexit,
797 2226 853 2267 non
879 2213 997 2278 amplius
1030 2210 1146 2264 naturali
1166 2211 1270 2264 scilieet
1281 2211 1474 2277 conjunctione
1487 2251 1494 2276 ,
1509 2213 1624 2280 sanguis

407 2297 574 2361 moriturus,
596 2297 668 2352 inter
687 2311 718 2352 se
736 2298 998 2364 copulantur:diri-
1030 2295 1241 2362 quoqueadest.

408 2381 521 2436 nitatem
550 2395 631 2450 porro
666 2388 778 2449 propter
808 2383 997 2437 admirabilem
1061 2383 1119 2435 los.
1133 2381 1271 2435 Probatur
1279 2381 1305 2436 2.
1315 2386 1475 2450 oroomortto
1483 2384 1619 2450 rteomioo.

408 2468 467 2534 ejus
481 2481 543 2522 curu
561 2481 676 2535 corpore
695 2475 723 2522 et
740 2469 830 2523 anima
849 2470 998 2536 hypostati·
1030 2465 1057 2518 Si
1067 2465 1142 2532 quod
1159 2468 1196 2520 sit
1208 2467 1255 2520 liei
1275 2473 1463 2534 preceptum,
1477 2467 1533 2522 illis
1546 2469 1619 2521 cbri-

408 2563 468 2604 cam
482 2550 619 2605 unionem.
635 2571 648 2598 o
668 2551 729 2606 ¹lte
741 2553 793 2606 bac
810 2552 999 2606 concomitau-
1030 2552 1065 2604 sti
1077 2552 1169 2606 verbis
1191 2552 1347 2606 continetur
1365 2567 1372 2603 :
1387 2571 1400 2599 α
1415 2551 1503 2606 bibite
1520 2567 1554 2606 ex
1570 2555 1621 2607 boc

410 2635 446 2688 tia
468 2636 542 2691 varie
560 2636 645 2691 sensit
664 2637 816 2700 lutherus,
835 2649 895 2690 eam
913 2649 998 2703 agno·
1029 2651 1146 2693 omnes:
1163 2638 1242 2692 »tsi
1259 2653 1313 2705 qua
1329 2639 1481 2693 necessitas
1503 2640 1622 2700 salutis,

408 2735 497 2788 soem,
508 2721 518 2756 ⁸
530 2724 573 2778 vel
591 2723 717 2788 irridens,
729 2722 741 2757 ⁴
754 2735 803 2790 pro
816 2723 900 2779 animi
912 2723 1000 2777 mobi·
1030 2739 1063 2780 ex
1086 2725 1141 2779 illis
1153 2725 1246 2781 verbis
1263 2725 1423 2781 derivatur:
1438 2745 1450 2775 ι
1470 2725 1528 2779 llisi
1546 2739 1622 2780 man·

407 2809 490 2862 litate.
506 2810 639 2873 Breutius,
652 2810 830 2873 Gbemnitius,
846 2809 997 2863 beibnitius
1029 2810 1192 2865 donaveritis
1208 2825 1319 2868 carnem
1344 2812 1403 2865 lilii
1434 2812 1575 2876 bominis,
1596 2819 1623 2866 et

407 2894 509 2960 aliique
524 2906 584 2948 eam
602 2900 779 2961 agnoverunt.
1029 2896 1153 2949 biberitis
1178 2898 1238 2964 ejus
1259 2897 1440 2964 sanguinem,
1460 2909 1519 2951 nou
1540 2897 1622 2950 babe-
1705 2955 1706 2960 1

441 2980 500 3033 los.
518 2981 555 3033 lie
580 2980 780 3035 communione.
798 2981 850 3034 sub
880 2986 998 3049 utraque
1028 2982 1093 3036 bitis
1109 2983 1193 3037 vitam
1214 2982 1243 3035 iu
1260 2983 1349 3038 robis.
1372 3000 1389 3032 s>
1405 2982 1417 3017 ⁸
1436 2984 1564 3036 Attamen
1582 2982 1622 3035 di·
1705 2993 1706 3016 ³

408 3064 500 3130 specie
527 3064 647 3119 decrevit
676 3066 797 3133 synodus
816 3067 996 3121 Tridentina:
1029 3067 1122 3121 vinum
1142 3073 1310 3134 praeceptum
1326 3080 1424 3122 omnes
1446 3067 1622 3135 obstringens

407 3166 424 3196 a
441 3148 468 3201 Si
481 3148 542 3215 quis
557 3149 672 3215 dixerit,
683 3164 715 3204 er
732 3151 778 3205 liei
791 3155 999 3219 praeopimum
1029 3153 1123 3207 fideles
1141 3154 1226 3220 priori
1246 3154 1293 3208 illo
1306 3153 1464 3207 testimonio
1482 3166 1539 3207 non
1560 3167 1623 3220 pro·

408 3234 570 3290 necessitate
591 3236 704 3301 salutis,
717 3242 852 3291 omneset
872 3238 998 3305 singulos
1029 3239 1111 3292 batur
1131 3254 1139 3290 :
1162 3252 1227 3293 nam
1256 3244 1423 3306 preceptum
1448 3237 1622 3292 adstantibus
1705 3267 1706 3280 ι

407 3320 600 3375 cbristiddeles
626 3328 771 3390 utramque
794 3323 915 3390 speciem
933 3338 996 3379 san·
1029 3326 1165 3392 apostolis
1177 3326 1343 3389 detumeat,
1357 3330 1385 3379 et
1399 3324 1434 3377 ab
1447 3324 1516 3391 ipsis
1529 3325 1622 3377 statim

407 3407 522 3461 ctissimi
553 3409 729 3463 Eucharistiae
760 3410 928 3464 sacramenti
950 3424 998 3463 su·
1030 3408 1189 3476 impletum,
1208 3408 1247 3462 uti
1265 3408 1347 3463 reiert
1366 3408 1539 3475 Euangelista
1553 3410 1623 3461 llar-

407 3506 484 3548 mere
505 3494 624 3556 debere;
653 3497 796 3549 anathema
824 3496 869 3549 sit.
896 3515 909 3543 »
934 3514 952 3545 o
969 3496 998 3549 si
1030 3508 1096 3549 cus:
1113 3514 1126 3541 ι
1140 3497 1173 3548 lat
1188 3493 1317 3547 biberunt
1334 3506 1367 3547 ex
1386 3491 1433 3547 illo
1455 3505 1563 3547 omnes.
1576 3512 1591 3539 a
1611 3492 1623 3524 ⁵

408 3579 470 3644 quis
498 3578 613 3643 dixerit,
637 3566 762 3632 sanctam
781 3580 929 3633 Ecclesiam
947 3583 998 3633 ca·
1028 3581 1150 3634 Alterum
1173 3584 1264 3633 autern
1298 3577 1487 3633 testimonium
1519 3590 1623 3644 praece·

408 3663 537 3716 tbolicam
557 3675 612 3717 nou
623 3664 705 3729 justis
722 3664 822 3725 causis,
840 3667 867 3717 et
885 3666 998 3719 rationi·
1029 3671 1106 3732 ptum
1126 3664 1238 3731 quidem
1258 3662 1379 3717 ostendit
1396 3674 1497 3729 eorpus
1512 3667 1541 3716 et
1559 3675 1623 3716 sau·

407 3748 460 3801 bus
478 3748 623 3801 adductam
641 3748 740 3812 tuisse,
754 3754 783 3802 ut
799 3749 893 3815 laicos,
914 3754 997 3817 atque
1029 3751 1140 3818 guinem
1162 3748 1263 3803 cbristi
1279 3747 1449 3815 recipiendi,
1463 3746 1508 3800 oui
1528 3752 1621 3800 tamen

408 3834 490 3888 etiam
512 3833 626 3888 clericos
646 3848 701 3889 non
725 3836 922 3903 conficientes,
945 3839 998 3892 sub
1030 3836 1128 3890 satistit
1147 3837 1305 3890 alterutram
1326 3833 1461 3888 sumendo
1476 3834 1620 3900 speeiem:

407 3920 487 3987 panis
503 3922 692 3975 tantummodo
705 3922 796 3988 specie
811 3924 997 3977 communica·
1029 3936 1130 3989 cornus
1141 3922 1214 3976 enirn
1224 3935 1239 3975 a
1251 3920 1384 3992 sanguiue
1397 3932 1454 3974 non
1467 3913 1620 3985 separaiur,

408 4013 466 4069 ret,
486 4007 753 4071 autineoerrasse3
767 4010 994 4063 anathemamus
1030 4009 1148 4075 ideoque
1167 4014 1314 4074 utrumque
1335 4005 1452 4059 sumitur
1474 4006 1528 4059 sub
1544 4005 1623 4059 alter·
1705 4041 1706 4080 ,

411 4092 534 4161 «Siquis
550 4095 705 4162 negaverit,
718 4100 804 4149 totum
821 4101 849 4149 et
860 4096 996 4162 integrum
1030 4101 1090 4147 utra
1105 4093 1210 4161 specie,
1230 4094 1270 4146 uti
1293 4094 1412 4161 ingenue
1432 4092 1534 4145 fatetur
1546 4091 1623 4144 leib-
1705 4095 1706 4156 ζ

408 4177 563 4243 Christum,
585 4181 708 4233 omnium
727 4181 874 4247 gratiarum
893 4180 997 4233 sontem
1030 4179 1133 4232 nitius:
1147 4198 1159 4225 α
1172 4180 1204 4231 llt
1218 4176 1328 4245 quidem
1344 4177 1439 4245 negari
1451 4190 1507 4230 non
1520 4180 1623 4243 potest,
1705 4173 1706 4180 ’

407 4270 435 4317 et
454 4272 609 4330 auctorem,
634 4265 687 4319 sub
712 4278 766 4317 una
797 4265 875 4331 panis
905 4264 997 4331 specie
1032 4265 1083 4319 sub
1110 4266 1239 4318 alterutra
1267 4264 1359 4331 specie
1380 4262 1516 4331 integrum
1550 4262 1624 4316 sumi

409 4351 498 4417 sumi,
512 4352 590 4418 quia,
601 4356 631 4404 ut
642 4350 752 4417 quidam
773 4350 841 4405 laiso
852 4356 996 4415 asserunt,
1032 4349 1168 4404 christum
1179 4349 1206 4404 vi
1218 4346 1453 4414 concomitantiae,
1465 4355 1496 4403 ut
1507 4349 1625 4415 loquun-

434 4631 461 4682 υ)
473 4631 531 4672 scas.
539 4628 584 4671 xiii.
597 4641 645 4673 ean.
654 4628 685 4672 iii·
789 4674 791 4679 ,
1054 4632 1082 4684 (a)
1099 4628 1365 4674 amiralmuminin.

435 4700 464 4750 (tl
476 4697 566 4740 ibidem.
579 4698 606 4753 (a)
619 4700 643 4741 ln
652 4704 728 4741 aaran.
737 4698 827 4743 artari.
1055 4702 1080 4755 (c)
1095 4703 1156 4744 Rom.
1170 4702 1199 4745 ri.
1209 4703 1274 4755 leit)
1288 4700 1424 4743 itacismi.
1434 4703 1467 4743 at.

434 4768 459 4820 (a)
472 4767 559 4811 intorm-
566 4768 593 4811 ad
602 4769 717 4822 quemdum
726 4770 820 4813 amicum
829 4770 855 4811 de
864 4780 973 4813 commun.
1053 4772 1082 4825 (a)
1097 4773 1158 4814 ioum
1165 4772 1193 4815 ri.
1200 4777 1232 4815 tl.
1241 4772 1268 4825 (tl
1279 4772 1343 4814 larci
1359 4772 1400 4815 air.
1408 4773 1442 4812 ts.
