3792 5550
363 544 418 594 Ι130
678 543 792 595 putot.
813 541 879 593 ltlll.
900 542 927 591 P.
948 542 970 592 1.
989 538 1031 590 ltE
1048 538 1277 590 Euchelttsrts.

360 657 452 710 menti
465 657 576 711 nominc
590 656 703 724 intelligi
720 664 854 723 possunt,
868 656 957 723 iisque
991 653 1035 706 Sic
1046 658 1075 707 et
1084 655 1251 721 Augustinus
1264 670 1271 705 ι
1290 674 1301 704 ι
1319 657 1425 722 corpus
1441 656 1518 722 quod
1531 669 1584 711 uo·

361 742 570 795 accommodari
588 747 703 807 possunt
721 755 782 807 quae
808 742 843 795 de
871 741 958 808 signis
991 738 1060 800 stis,
1075 740 1150 805 quod
1172 752 1228 793 non
1252 753 1349 794 omnes
1370 741 1483 795 nostis:
1505 742 1584 807 quod

358 827 452 879 ,sacris
466 827 615 893 generatim
638 826 784 879 dicuntur:
809 827 959 881 ostendunt
992 822 1154 889 utinamqui
1175 826 1281 889 nostis,
1299 838 1397 879 omues
1414 838 1470 878 uon
1491 827 1526 878 ad
1537 828 1585 893 ju-

368 911 471 964 scilioet
493 916 520 963 et
546 911 675 963 exhibent
700 911 837 964 Christum
859 911 957 964 animae
992 907 1094 961 dicium
1111 910 1253 964 uoueritis.
1272 928 1284 957 »
1300 910 1312 943 ⁸
1329 912 1401 963 satis
1419 912 1484 965 inde
1505 912 1585 964 intel-

289 1040 298 1051 .
357 996 658 1061 cibum,pauemvitae
672 1000 790 1048 aeternae.
991 992 1083 1069 ligitur
1106 1006 1155 1046 cur
1186 995 1308 1048 Ethuicls
1328 1008 1384 1049 aon
1406 996 1490 1049 luerit
1517 1008 1584 1049 cum

399 1083 456 1133 aot.
478 1080 537 1145 obj,
559 1083 600 1131 tl.
620 1081 648 1132 st
669 1081 768 1146 dogma
799 1081 958 1147 praesentiae
991 1077 1151 1131 Christianis
1172 1079 1207 1131 de
1237 1081 1358 1145 mysterii
1384 1081 1465 1147 hujus
1485 1088 1585 1135 natura

361 1165 463 1218 Christi
479 1166 667 1219 substantialis
690 1166 718 1217 in
736 1166 819 1219 veteri
836 1166 956 1219 Ecclesia
990 1167 1018 1215 et
1029 1163 1210 1228 possibilitate
1224 1166 1393 1219 concertatio
1411 1166 1482 1219 :sed
1505 1168 1584 1220 nullo

362 1251 516 1317 uiguissot,
533 1252 637 1305 Ethuici
660 1252 727 1304 illud
751 1253 835 1306 veluti
858 1253 957 1305 absur-
990 1253 1069 1313 pacto
1098 1249 1227 1315 explicari
1254 1256 1346 1316 potest
1369 1264 1417 1305 cur
1441 1252 1584 1319 religionis

365 1336 431 1389 dum
443 1337 602 1389 Christianis
612 1338 956 1404 objecissent:scriptores
989 1334 1144 1388 christiane
1172 1336 1297 1389 vindices
1325 1349 1382 1391 uon
1413 1342 1501 1389 totam
1523 1350 1584 1389 rem

356 1422 506 1475 ‘christiani
531 1423 598 1475 illud
624 1423 714 1476 verbis
739 1424 890 1489 perspicuis
909 1437 956 1477 ex·
989 1421 1152 1486 penderint,
1175 1429 1205 1474 ut
1227 1422 1372 1475 calumniis
1401 1422 1583 1476 Ethuicorum

359 1506 533 1571 posuissent,
552 1507 728 1561 Ethnioornm
749 1509 902 1561 calumnias
927 1515 957 1561 ut
989 1506 1061 1560 irent
1071 1508 1199 1573 obviam,
1213 1509 1237 1561 si
1249 1522 1343 1562 revera
1357 1510 1437 1575 panis
1449 1515 1477 1563 et
1487 1509 1583 1563 viuum

356 1590 512 1644 diluerent.
989 1594 1113 1660 symbola
1124 1595 1214 1648 loreut
1230 1601 1258 1648 et
1275 1596 1365 1661 sigua,
1376 1595 1439 1648 licet
1450 1594 1583 1657 efficacia,

398 1677 457 1729 adh.
476 1678 555 1742 Raso.
575 1676 664 1743 Viguit
676 1678 797 1743 prolecto
816 1680 885 1732 illud
905 1680 957 1733 do·
989 1679 1158 1745 Christipro
1181 1680 1322 1733 hominum
1349 1682 1437 1733 salute
1458 1682 1581 1733 mortui:

326 1833 327 1837 Ἰ
364 1774 426 1826 gma
452 1760 480 1813 iu
501 1762 640 1825 Ecclesia,
666 1762 703 1815 uti
728 1776 760 1815 ex
783 1763 957 1817 documentis
990 1762 1153 1817 uamiacilis
1170 1769 1271 1817 enatet
1289 1767 1365 1818 omui
1386 1767 1511 1831 periculo
1535 1778 1584 1818 yu-

362 1848 453 1901 allatis
471 1854 588 1903 constat.
602 1851 735 1903 Caeterum
756 1863 811 1904 uou
823 1851 860 1903 ita
877 1853 957 1905 inno·
990 1859 1041 1899 cua
1072 1848 1230 1914 hujusmodi
1250 1849 1403 1915 explicatio.
1425 1851 1507 1905 Solus
1534 1851 1583 1916 qui

362 1934 416 1987 tuit
429 1935 549 1987 Ethnicis
562 1973 570 1999 ‚
583 1941 612 1988 ut
630 1936 739 1989 occasio
751 1936 818 2002 ipsis
833 1938 903 1991 toret
913 1939 957 1991 uel
990 1932 1114 1985 noscitur
1131 1946 1189 1987 rem
1213 1934 1375 1999 explicuisse
1400 1935 1436 1987 ad
1452 1934 1585 1988 Etbuicos

329 2059 331 2070 .
365 2037 428 2076 cura
441 2025 547 2091 deeius
566 2025 747 2091 possibilitate
764 2025 955 2091 disceptandi:
990 2017 1132 2081 scribens,
1151 2018 1274 2071 lustinus
1293 2025 1350 2083 ⁰⁵12
1368 2020 1414 2084 (lui
1437 2020 1514 2086 Elati
1535 2033 1584 2073 ¹10·

365 2121 428 2161 nam
440 2110 586 2161 christiani
597 2110 757 2175 plerumque
774 2110 836 2163 lidei
855 2116 957 2177 myste-
990 2109 1117 2157 cessitate
1128 2103 1163 2155 ad
1177 2103 1205 2155 id
1219 2103 1333 2156 adactus
1344 2104 1502 2157 censendus
1519 2112 1583 2166 est,

361 2193 404 2245 ria
417 2194 471 2247 alto
486 2194 632 2246 servabant
645 2194 718 2259 apud
732 2208 762 2247 se
782 2195 908 2260 silentio,
921 2210 956 2251 ue
990 2188 1092 2255 quiquo
1117 2202 1149 2242 ea
1167 2190 1272 2241 ratione
1291 2188 1413 2253 loquitur
1435 2202 1499 2256 quae
1515 2189 1583 2243 fidei

365 2280 495 2330 sanctum
508 2279 620 2330 daretur
629 2278 754 2340 canibus,
763 2285 857 2332 contra
867 2281 957 2335 Salva·
990 2274 1261 2328 Cath01icae0mttin⁰
1279 2280 1322 2327 est
1338 2287 1469 2341 congrua·
1483 2276 1582 2328 Gaetcri

361 2363 432 2417 toris
441 2364 719 2429 vetitumtltsctpttuc
726 2366 821 2418 dreani
834 2380 896 2431 quae
906 2380 957 2433 per
990 2362 1137 2429 objectioni
1160 2363 1195 2415 de
1207 2362 1296 2429 epulis
1315 2361 1445 2429 thyesteis
1463 2374 1583 2429 respou-

268 2457 270 2462 ’
362 2450 414 2503 tria
433 2452 523 2517 priora
549 2451 651 2504 saecula
672 2452 807 2516 obtinuit,
838 2466 956 2521 quaeque
989 2449 1202 2515 demes,quam
1224 2455 1314 2503 musea
1340 2448 1453 2502 aliunde
1471 2449 1583 2502 derisa·

360 2538 708 2604 quartoetquintosaeculis
718 2540 956 2607 haudpeultusde-
989 2540 1062 2599 tam,
1075 2549 1109 2589 ex
1125 2535 1316 2589 Gnosticorum
1338 2534 1443 2588 scilicet
1459 2536 1582 2602 turpitu-

364 2622 609 2686 sierat,lecitutyix
619 2626 804 2692 noverintipsl
816 2628 955 2683 candidati
988 2620 1069 2683 diue,
1099 2626 1175 2686 liutai
1203 2621 1315 2683 Palma,
1339 2620 1374 2673 de
1408 2620 1582 2674 Eutharislia

361 2710 532 2776 oopttsmum
551 2716 685 2778 petentes,
709 2713 895 2767 recchonem
915 2715 955 2766 ‹tt-
988 2708 1141 2771 siluerunt,
1161 2720 1290 2775 magnum
1307 2705 1425 2759 subesse
1448 2719 1581 2761 areanum

360 2796 416 2858 cti,
428 2795 501 2848 aliud
518 2803 617 2862 praeter
633 2799 680 2850 tici
694 2798 844 2862 unitatem,
856 2802 955 2855 Christi
987 2795 1108 2863 prolenis
1131 2795 1205 2848 haud
1221 2794 1399 2848 revelandum
1417 2794 1479 2860 ipso
1504 2795 1581 2861 quod

364 2886 474 2944 propter
496 2882 638 2934 hominum
667 2885 783 2936 salutem
819 2886 846 2938 in
872 2901 954 2940 cruce
987 2888 1130 2936 servarunt
1142 2881 1250 2934 silentio
1264 2881 1426 2933 indicantes.
1438 2881 1466 2933 Si
1476 2883 1580 2934 Eucha·

362 2967 497 3027 mortem,
512 2969 539 3017 et
557 2978 665 3018 morum
683 2968 831 3034 principia,
851 2972 953 3024 altiori.
987 2966 1063 3019 ristia
1083 2967 1152 3020 adeo
1176 2971 1351 3019 sacrosancta
1371 2978 1428 3019 uon
1460 2966 1579 3028 luisset,

360 3048 414 3101 bus
430 3050 567 3115 mysteriis
588 3052 698 3104 nonnisi
717 3055 798 3118 paulo
821 3061 884 3109 ante
902 3060 954 3110 Ba·
986 3056 1013 3103 et
1025 3049 1156 3116 symbolis
1174 3050 1274 3103 christi
1288 3050 1385 3104 mortis
1397 3055 1504 3102 mutum
1517 3064 1581 3105 con·

361 3133 491 3199 ptismum
513 3135 628 3188 traditis.
649 3137 658 3170 ¹
675 3138 742 3190 lliac
756 3139 844 3193 tultus
867 3142 887 3193 l.
909 3156 954 3195 ar.
986 3135 1119 3198 stitissct,
1131 3149 1194 3188 cum
1211 3135 1308 3200 quavis
1327 3136 1444 3199 uirtute,
1457 3138 1503 3190 vel
1521 3137 1581 3202 spi·

359 3218 649 3286 garrulitatemque
673 3223 708 3276 ue
724 3226 890 3279 cucumam
907 3242 953 3294 pa·
986 3222 1057 3274 titali
1082 3234 1165 3287 quam
1190 3220 1295 3287 aigun
1318 3220 1484 3287 prasentia,
1504 3222 1581 3274 noua

358 3304 415 3356 lam
441 3317 533 3358 coram
556 3319 611 3360 uon
629 3308 743 3361 initiatis
770 3310 917 3377 egissent:
941 3314 953 3347 ²
986 3309 1081 3362 luisset
1102 3309 1170 3361 ratio
1194 3321 1243 3361 cur
1263 3306 1369 3360 Ethuici
1398 3314 1426 3360 et
1449 3309 1579 3361 catechu-

356 3393 388 3440 et
408 3391 587 3458 Augustinum
621 3394 776 3446 audivimus
805 3396 951 3450 docentem
985 3396 1059 3448 meni
1081 3396 1116 3448 ab
1128 3396 1187 3461 ejus
1204 3394 1387 3448 celebratione
1398 3401 1579 3455 arcerentur3

356 3474 585 3527 catechumenum
606 3476 801 3542 interrogatum
815 3480 850 3532 de
868 3495 951 3536 carne
985 3469 1070 3545 quum
1087 3479 1178 3544 potius
1193 3479 1327 3533 inuitandi
1344 3485 1437 3532 essent
1462 3492 1579 3540 omues,

358 3556 459 3608 Christi
481 3558 670 3610 manducanda
698 3560 805 3612 nescire
838 3564 904 3626 quid
925 3566 950 3617 el
985 3564 1019 3617 ad
1036 3564 1188 3618 calumnias
1208 3564 1370 3618 Christianis
1386 3567 1523 3631 impactas
1536 3577 1581 3632 pc-

358 3638 476 3701 dicatur,
502 3641 565 3705 qula
582 3642 662 3692 lesus
688 3655 744 3694 non
763 3656 792 3696 se
817 3646 841 3698 ei
860 3649 951 3701 oredi—
984 3649 1058 3702 uitus
1075 3648 1258 3715 dissipandas.
1277 3650 1288 3683 ⁶

359 3725 410 3775 dit.
430 3743 442 3770 a
462 3725 655 3781 ⁸Eucharistia
674 3729 776 3784 idcirco
797 3743 948 3790 ‹sanctum

360 3807 466 3860 bomini
490 3830 502 3856 l
523 3818 636 3864 uocatur
659 3816 732 3879 apud
758 3803 946 3882 Cypriorum:
1180 3823 1285 3873 Ehllll
1307 3820 1373 3873 llll.

358 3898 389 3944 et
408 3893 442 3944 ab
460 3895 521 3947 aliis
542 3897 665 3950 Patribus
685 3899 722 3952 ita
742 3900 878 3958 iudicetur
890 3946 904 3969 ,.
920 3916 949 3962 ut
1461 3900 1465 3907 '

359 3977 394 4027 ab
415 3976 526 4032 initiatis
556 3985 660 4033 tautum
677 3997 708 4036 se
730 3983 844 4055 intelligi
866 4005 948 4057 posse
1104 4004 1135 4042 os
1152 4002 1458 4044 rususuasrsurrsrrose.

358 4061 501 4116 affirment.
513 4065 556 4118 Sic
568 4067 776 4133 Chrysostomus
791 4082 854 4138 post
865 4080 949 4132 rerba

360 4148 457 4244 Christi
483 4151 589 4215 relata,
615 4155 754 4208 adnotat:
780 4178 793 4205 α
817 4163 911 4217 Sciunt
929 4166 947 4217 il
1015 4161 1074 4212 2⁰6·
1102 4161 1314 4226 marmenem
1340 4161 1579 4227 propugnavimus

358 4244 406 4295 qut
419 4235 515 4287 initiati
533 4242 598 4288 suut
617 4238 662 4291 illa
679 4253 740 4305 quae
753 4243 913 4301 dicuntur.»
935 4252 947 4285 ⁴
983 4249 1083 4303 Christi
1096 4247 1269 4316 praesentiam
1288 4249 1444 4312 lutherus,
1462 4249 1502 4300 uti
1518 4249 1579 4314 iam

384 4447 411 4498 (Ι)
427 4449 477 4527 Yide
495 4451 599 4502 cyrillum
617 4456 759 4510 llierosolyns.
779 4472 802 4502 u.
820 4468 852 4504 ts.
870 4477 945 4518 proes-
979 4475 1119 4521 mentumque
1136 4468 1186 4509 lude
1199 4469 1294 4510 desumit
1309 4470 1408 4511 eruditus
1426 4471 1510 4512 Presul
1527 4474 1579 4514 Tre-

355 4517 456 4559 tschesrs.
978 4550 1043 4589 vern,
1052 4538 1074 4578 in
1089 4549 1154 4591 opere
1170 4537 1229 4579 dicto
1244 4539 1373 4580 Discussiors
1385 4541 1494 4581 amicalo.
1504 4542 1579 4584 Lottre

381 4585 408 4637 (t)
421 4587 459 4640 Ep.
469 4589 496 4630 sd
506 4589 581 4631 Euseb.
592 4604 614 4644 p.
624 4597 668 4634 tls.
681 4597 739 4647 apud
748 4598 907 4645 constentiam.
977 4607 1024 4648 vill.
1034 4606 1077 4648 Sed
1095 4606 1189 4647 feliciter
1202 4607 1268 4648 etism
1281 4613 1304 4648 et
1318 4615 1419 4650 secante
1430 4610 1528 4652 loannes
1538 4614 1581 4654 Es·

383 4655 410 4706 (a)
422 4655 474 4708 sup.
483 4663 542 4708 pal.
552 4659 578 4711 (t)
589 4673 637 4713 sup.
648 4674 668 4714 p.
677 4668 721 4703 tot.
732 4666 758 4714 tttl
768 4666 942 4716 lnl's..rrrlx.ts.
976 4676 1042 4728 ptists
1060 4675 1133 4716 Palma
1152 4674 1175 4716 in
1193 4687 1258 4727 opere
1274 4677 1357 4730 pluries
1375 4677 1464 4718 laudate
1483 4679 1579 4721 :Praele-

381 4721 408 4774 (o)
423 4724 562 4777 Disciplinam
581 4730 654 4770 srcsni
671 4731 753 4772 erudite
773 4739 860 4788 espault
881 4752 945 4794 ergu-
979 4743 1061 4785 otiouss
1069 4743 1125 4784 ttisc
1134 4743 1192 4785 Eccl.
1202 4749 1217 4785 t.
1226 4744 1241 4785 i.
1249 4756 1269 4786 c.
1280 4745 1321 4787 xri.
1330 4743 1381 4787 xrii.
1389 4745 1449 4786 xviii.
