3792 5550
365 542 416 595 356
680 535 795 587 ratur.
812 530 888 584 xvtt.
908 531 951 582 uE
969 529 1080 582 seclus
1099 530 1278 586 caninibus

364 660 413 714 siae
432 662 553 712 rectores
571 654 600 708 in
618 651 722 706 ratione
735 648 883 702 statuenda
892 659 955 712 quae
1151 645 1421 700 Animadversum.

365 743 535 810 temporibus
553 739 678 804 locisque
692 736 775 790 variis
790 734 899 789 ridetur
910 747 956 786 ac-
1023 733 1079 784 los.
1091 733 1128 784 lle
1146 730 1298 797 disciplinae
1309 730 1442 784 varietate
1456 730 1484 782 in
1499 732 1586 786 sacris

365 829 549 885 commodata.
989 816 1165 883 designandis
1178 815 1310 868 ministris
1329 816 1422 881 aliqua
1436 823 1583 870 occurrunt

400 916 458 966 131.
482 912 540 978 eij.
553 913 579 964 9.
594 910 623 962 ln
640 907 779 975 plerisque
800 905 893 974 regnis
910 918 956 960 ca-
989 902 1115 956 diuenda.
1127 903 1240 956 Constat
1252 903 1412 956 sacerdotes
1431 903 1582 958 etclerieos

367 999 476 1054 tbolicis
496 995 652 1062 Episcopla
677 993 789 1060 regibus
812 993 958 1046 nominan-
989 988 1131 1042 infertores
1140 987 1227 1042 libero
1237 988 1298 1050 jure
1306 987 1341 1038 ab
1353 985 1501 1052 Episcopis
1516 1001 1582 1040 sem·

367 1091 421 1148 tur,
448 1082 593 1148 quiquam
613 1078 910 1144 nullumspcetalejns
928 1078 956 1130 ln
991 1086 1038 1140 per
1072 1072 1195 1127 ordinari
1223 1071 1420 1134 consuevisse,
1458 1073 1583 1138 quamuis

368 1168 453 1223 sacris
477 1165 610 1219 ministris
628 1163 806 1231 designandis
819 1163 955 1226 habeant,
990 1159 1175 1214 testimonium
1190 1157 1285 1224 populi
1301 1159 1337 1210 de
1351 1158 1478 1212 moribus
1495 1159 1586 1225 exqui-

367 1251 601 1320 populifpartibus
625 1252 678 1304 bac
697 1250 725 1302 iu
746 1263 776 1302 re
799 1247 875 1315 tangi
892 1261 957 1302 oen·
990 1249 1105 1300 rerelur.
1126 1245 1253 1312 Episcopi
1277 1245 1324 1310 qui
1341 1245 1375 1298 ad
1397 1247 1519 1311 pupulos
1531 1252 1586 1298 tra·

367 1337 445 1392 sendi
456 1344 539 1390 sunt:
554 1337 708 1402 ideopenes
726 1333 895 1401 populumin
912 1347 957 1385 re·
990 1331 1132 1384 duceudos
1155 1332 1190 1384 ad
1214 1330 1296 1383 tidem
1312 1331 1537 1395 destinabantur,
1554 1332 1584 1384 le

366 1423 474 1489 publica
497 1421 660 1487 designandi
694 1433 788 1474 sacros
818 1419 957 1472 ministros
990 1418 1150 1490 beroetiam
1170 1419 1232 1484 jure
1253 1418 1288 1470 ab
1308 1417 1584 1472 aliisconsecraban·

367 1512 490 1573 potestas
508 1511 610 1558 manet
990 1511 1034 1560 tur
1051 1504 1209 1572 Episcopis,
1229 1504 1344 1558 servatis
1363 1510 1459 1558 tamen
1478 1506 1582 1571 iuribus

403 1593 459 1645 ¹52,
485 1593 562 1657 ltesp.
587 1592 776 1658 Quascumque
804 1591 958 1646 sustineant
991 1590 1098 1644 sedium
1115 1589 1325 1656 praecipuarum.
1337 1590 1459 1643 cuilibet
1477 1591 1583 1644 Patrim-

367 1683 459 1743 partes
469 1689 547 1743 reges
560 1674 687 1729 catholici
708 1676 736 1728 iu
756 1675 959 1744 Episcopisde·
991 1677 1050 1730 abac
1063 1676 1134 1730 intra
1153 1689 1231 1730 suam
1246 1676 1379 1729 ditionem
1394 1676 1490 1742 εξωσιι
1508 1678 1582 1742 plena

368 1763 526 1830 signandis,
551 1776 585 1814 eu
602 1761 763 1815 Pontificum
776 1763 958 1819 concessione
992 1767 1114 1828 potestas
1123 1767 1181 1814 erat
1189 1763 1378 1816 ordinationes
1387 1761 1583 1827 faciendique

368 1849 519 1903 derivatum
534 1853 592 1912 est,
617 1854 645 1902 ct
665 1847 959 1903 Concordetisstabili-
992 1848 1020 1900 in
1034 1846 1268 1914 Metropolitarum
1291 1848 1506 1902 consecratione
1519 1858 1583 1912 pra·

369 1942 437 1989 tum.
462 1935 570 1987 Nullum
586 1936 632 2002 jus
650 1934 678 1987 in
699 1934 732 1987 iis
750 1941 793 1988 est
815 1937 958 2002 agnitum3
992 1931 1085 1989 sertim
1103 1931 1297 1994 exercebatur,
1319 1933 1362 1984 bis
1381 1933 1417 1984 ab
1442 1931 1584 1998 Episcopis

370 2021 419 2074 sed
443 2035 528 2087 quum
557 2020 682 2088 plurimis
704 2020 959 2077 beneficiisditave·
991 2017 1156 2085 provinciae,
1173 2017 1259 2072 instar
1289 2017 1407 2071 aliorum
1437 2019 1584 2084 Episcopo·

368 2105 423 2156 rint
435 2105 598 2166 Ecclesiam,
613 2106 710 2171 eteius
725 2106 788 2171 jura
809 2107 879 2159 tueri
888 2107 916 2159 iu
928 2121 959 2162 se
993 2119 1052 2157 rum
1065 2145 1071 2168 ,
1085 2104 1189 2158 electis.
1208 2106 1295 2158 Penes
1308 2104 1460 2170 Episcopus
1471 2101 1586 2168 cujusli-

370 2191 556 2256 susceperint,
575 2204 685 2256 aequnm
702 2190 790 2244 visum
801 2197 845 2244 est
864 2193 897 2246 iis
909 2207 959 2246 no·
992 2188 1262 2255 betprovinciaeerat
1277 2189 1324 2254 J'us
1344 2189 1516 2254 praecipuum
1534 2187 1584 2244 cli-

371 2274 495 2326 minandi
520 2275 671 2341 Episcopus
694 2276 760 2328 dare
785 2277 958 2345 facultatem,
993 2275 1074 2342 geudi
1096 2274 1246 2340 Episcopus
1265 2274 1293 2326 in
1312 2275 1395 2326 sedes
1416 2287 1480 2340 quae
1490 2274 1581 2328 besan

369 2364 510 2411 reservato
528 2359 652 2412 l‘ontilici
667 2361 729 2426 jure
738 2362 878 2427 rejiciendi
888 2379 960 2431 qnos
991 2360 1161 2424 vacaverint,
1174 2358 1247 2426 qnod
1264 2366 1357 2413 tamen
1371 2359 1456 2412 tiebat
1469 2360 1583 2425 pleram-

369 2447 446 2496 tanto
465 2457 580 2499 munere
601 2445 960 2514 indignosjudicarent.1tc
993 2459 1047 2511 (tue
1068 2445 1178 2511 dubliffl
1195 2445 1223 2497 1¹¹
1244 2451 1333 2507 coetn,
1357 2445 1441 2510 plebe
1460 2447 1586 2512 0¹0r⁰tl¹¹e

369 2530 482 2598 guidem
509 2544 573 2584 vera
602 2532 742 2600 privilegia
765 2535 922 2602 hujusmodi
944 2552 959 2592 a
993 2529 1181 2590 adstantibus,
1200 2535 1231 2584 et
1247 2543 1344 2584 eorum
1362 2537 1495 2584 votorum
1512 2537 1584 2586 ette-

369 2615 545 2670 Pontificibus
572 2617 631 2672 sere
648 2618 737 2672 inritis
760 2633 834 2686 saepe
854 2627 960 2678 extorta
993 2615 1184 2670 stimoniorum
1203 2615 1277 2668 band
1298 2616 1424 2682 neglecta
1456 2617 1580 2670 ratione:

372 2707 453 2764 sunt,
473 2708 501 2755 et
521 2702 548 2754 ln
567 2703 698 2756 damnum
716 2709 961 2762 cesseruntEcele·
995 2723 1008 2748 <¹
1021 2706 1051 2754 ¹1¹
1063 2700 1142 2766 plebe
1156 2706 1305 2766 llfaesessler
1329 2721 1342 2747 ‘2
1368 2701 1461 2768 inquit
1483 2703 1586 2769 Cypria·

371 2788 419 2840 siae
432 2789 497 2840 :sed
512 2791 597 2841 semel
620 2803 751 2843 concessa
763 2829 772 2854 ,
785 2793 819 2845 ad
840 2793 961 2859 discipli·
993 2802 1064 2852 nus,
1087 2808 1098 2833 a
1114 2787 1157 2841 vel
1169 2787 1332 2853 detegantur
1346 2789 1487 2841 malorum
1500 2788 1587 2843 crimi-

370 2887 434 2927 nnm
459 2875 616 2939 pertinent,
641 2890 703 2941 qnae
724 2880 906 2933 concessione
933 2886 961 2933 at
994 2872 1253 2935 ¹¹³‚Velb0110lum
1274 2872 1372 2925 merita
1391 2874 1582 2939 itlaedicenttlb

371 2957 513 3011 sanctione
530 2959 670 3022 pontificia
689 2960 961 3031 nititur.ttnllumjns
994 2967 1020 3013 et
1030 2958 1065 3013 sit
1076 2958 1212 3013 ordinatio
1227 2960 1300 3025 iusta
1318 2964 1347 3011 et
1372 2960 1516 3026 legitima,
1530 2972 1589 3027 gus-

370 3040 435 3095 inde
452 3043 563 3108 probari
586 3050 678 3110 potest
697 3047 773 3112 regio
793 3050 900 3103 muneri
920 3051 962 3105 tn.
994 3044 1116 3097 omnium
1131 3042 1261 3110 suffragio
1273 3049 1301 3097 et
1313 3044 1419 3110 jndicio
1433 3046 1516 3101 luerit
1527 3060 1589 3099 ena·

314 3158 318 3165 -
370 3129 501 3193 baerens,
522 3131 565 3183 vel
578 3144 609 3183 ex
630 3138 703 3185 coetu
716 3132 838 3187 bdelium
855 3136 962 3190 derina·
994 3128 1105 3181 minata.
1119 3128 1151 3177 n*
1164 3129 1290 3183 Plurimae
1302 3143 1366 3195 quae
1377 3132 1526 3187 occasmne
1538 3134 1587 3186 ale·

370 3219 447 3267 tum:
461 3229 513 3269 uec
530 3216 593 3271 ideo
612 3219 640 3270 in
656 3220 810 3285 exemplum
830 3222 900 3274 uani
912 3235 962 3288 pn.
995 3214 1115 3268 mianum
1134 3214 1304 3280 publicarum
1317 3216 1443 3269 excitatae
1459 3223 1587 3271 sanetur-

372 3306 423 3354 test
432 3306 461 3352 nt
471 3303 517 3367 jus
532 3304 634 3369 populo
648 3304 716 3357 alias
728 3305 893 3360 adstruatur.
995 3302 1054 3363 bec·
1070 3300 1097 3352 in
1116 3313 1199 3355 causa
1211 3300 1322 3355 suerunt
1333 3314 1384 3354 0¹1?
1397 3314 1430 3355 ea
1445 3302 1587 3371 desidun-

404 3388 462 3438 153.
478 3386 702 3452 Odj.ltl.lntiaeret
712 3390 962 3456 cuilibetooemjjus
995 3386 1023 3438 di
1036 3398 1129 3439 sacros
1150 3384 1292 3439 ministros
1302 3386 1373 3447 ratio
1387 3387 1522 3446 derelicta
1533 3390 1587 3441 lue-

371 3473 960 3539 suoseligendiministrosmtsibiconsulat.
995 3472 1039 3524 rit.
1050 3470 1151 3537 lQucsti
1173 3477 1239 3523 suut
1256 3477 1348 3537 patres
1362 3474 1477 3527 concilii
1493 3473 1587 3529 Bituri-

404 3558 461 3607 lut.
477 3558 553 3622 resp.
575 3559 667 3611 coetns
687 3572 782 3621 sacer,
806 3563 896 3628 qualis
918 3570 962 3617 est
995 3556 1085 3609 censis
1098 3568 1170 3609 anno
1192 3556 1257 3609 1276
1270 3556 1304 3609 de
1317 3558 1488 3612 electionum
1510 3560 1588 3613 liber-

373 3638 510 3700 Ecclesia,
524 3640 661 3693 Gbristnm
672 3642 922 3710 babetauctorem,
935 3654 962 3701 et
995 3647 1049 3695 tate
1067 3656 1081 3695 a
1104 3641 1189 3695 turbis
1206 3642 1336 3707 impedita
1358 3659 1364 3694 ε
1388 3644 1585 3699 «Multitudine

367 3723 429 3798 Jura
451 3722 543 3773 omnia
563 3723 598 3774 ab
619 3724 667 3778 illo
688 3726 802 3781 derivat
817 3730 922 3784 Fideles
933 3731 961 3785 in
994 3726 1088 3793 populi
1106 3740 1154 3792 per
1170 3725 1323 3793 iniquitatis
1344 3728 1419 3782 lilios
1442 3730 1587 3784 concitato

370 3806 454 3859 rebus
479 3806 580 3860 divinis
597 3809 665 3861 nibil
681 3811 784 3867 babent
805 3815 889 3880 juris,
911 3818 963 3873 scd
994 3814 1128 3866 electores
1142 3813 1274 3879 impetum
1289 3816 1422 3880 iaciente,
1438 3817 1587 3871 electiones

371 3890 485 3946 omnino
503 3892 624 3957 pendent
643 3896 678 3949 ab
696 3896 782 3963 ipsius
804 3900 960 3967 voluntate,
993 3898 1061 3964 ipse
1077 3897 1104 3949 in
1129 3898 1270 3951 nonnnllis
1293 3899 1425 3955 Ecclesiis
1438 3902 1588 3968 impediun-

279 4029 284 4035 ,
371 3990 453 4045 qnam
472 3980 599 4045 amplecti
620 3988 697 4047 grato
719 3983 961 4041 animoteonesta
994 3990 1039 4037 tur
1059 3984 1185 4037 totaliter.
1208 3984 1252 4031 ν’
1280 3988 1428 4041 canonicis
1457 3989 1589 4043 melete

371 4063 454 4127 igitur
471 4067 576 4117 tautum
594 4066 796 4133 respiciendum
817 4077 875 4133 est,
900 4072 963 4139 qui·
994 4068 1140 4134 cujuslibet
1151 4070 1320 4125 cathedralis
1332 4073 1379 4139 jus
1398 4074 1519 4141 eligendi
1529 4075 1586 4139 Epi·

371 4149 489 4201 besuam
503 4153 670 4207 concesserit
679 4167 786 4209 sacram
797 4162 964 4222 potestatem
996 4167 1095 4219 scopos
1116 4154 1299 4212 decretalibus
1321 4158 1445 4224 Gregorii
1474 4162 1516 4211 lll.
1546 4158 1590 4213 tri·

371 4237 399 4285 et
424 4233 452 4285 in
464 4235 601 4290 mandatis
624 4237 730 4291 dederit
750 4253 844 4307 regere
868 4242 960 4297 Eccle-
992 4240 1089 4295 brutum
1101 4245 1152 4293 est.
1171 4240 1391 4295 ratnmcnarnm
1405 4242 1588 4299 alexandrini.

286 4393 289 4397 A
373 4317 565 4372 siamteornm
582 4321 654 4375 enim
668 4329 710 4375 est
723 4323 869 4390 designare
888 4340 961 4392 qnos
994 4324 1170 4389 antiocheni,
1192 4331 1219 4377 et
1249 4326 1494 4394 Hierosolpmitnni
1520 4328 1595 4381 sarie

372 4404 515 4466 potestatis
539 4411 566 4457 et
581 4406 751 4459 auctoritatis
772 4409 896 4463 baeredes
917 4412 961 4463 ta·
996 4409 1148 4471 deliciante,
1157 4408 1312 4475 Episcopus
1323 4413 1476 4477 Romanus,
1489 4415 1535 4481 qui
1546 4416 1595 4480 jus

372 4486 446 4538 ciant
463 4489 636 4543 ettradnces.
996 4509 1076 4549 snum
1089 4494 1350 4551 inordinationibus
1370 4498 1442 4553 intra
1462 4502 1596 4555 occiden-

402 4744 430 4795 μ)
442 4745 480 4795 up.
489 4746 545 4786 lxvii.
1015 4758 1040 4810 p)
1054 4757 1106 4799 can.
1120 4756 1134 4797 r.
