3792 5550
237 3692 241 3698 .
327 3647 481 3717 gnificatio.
495 3651 614 3715 liepane
634 3655 726 3703 autem
745 3663 800 3704 non
814 3657 925 3705 consta·

614 552 683 603 CdP.
697 553 739 603 tt'.
752 553 793 604 Dr}
812 553 1041 606 lusatrtirlorttt
1056 551 1295 605 edentularum.
1469 574 1472 578 ⁸
1512 549 1562 603 103

370 664 424 714 Ι97.
435 663 513 729 lices.
525 665 635 731 species
653 668 733 732 panis
749 677 776 720 et
792 667 849 721 vini
866 668 937 735 signi
1004 668 1047 719 99.
1069 665 1129 731 osj.
1148 668 1175 718 b.
1192 665 1277 717 l'erba
1289 665 1389 727 eluisti
1405 665 1562 719 necessario

336 748 463 801 visibilis
484 750 587 804 liabent
610 753 763 806 rationem:
779 753 816 807 rei
837 755 937 807 veritas
970 750 1116 805 includunt
1124 751 1242 816 liguram
1262 765 1268 800 ι
1285 762 1335 815 per
1351 762 1382 803 se
1395 750 1468 803 enirn
1480 764 1564 816 repu-

333 843 448 899 corpus
459 842 502 887 est
514 843 542 888 et
559 838 672 904 sanguis
691 839 790 891 Christi
805 855 812 890 :
826 841 900 906 quod
913 841 936 893 si
970 842 1037 903 endi
1050 842 1080 889 ut
1092 836 1169 901 panis
1181 834 1217 887 ⁵³²
1227 835 1287 900 ejus
1298 847 1415 899 ⁰⁰¹*Duss

344 919 406 972 baec
419 932 474 973 non
492 922 589 975 adesse
608 929 636 977 et
654 925 714 977 dari
735 926 868 992 intelligat
881 928 938 978 cal·
1004 923 1047 973 9ι.
1066 921 1144 985 liesp.
1157 922 1298 985 Repugnat
1310 918 1422 984 quidem
1441 924 1470 970 ut
1483 918 1562 984 panis

336 1004 442 1068 suiuus,
461 1007 552 1059 verbis
570 1009 654 1073 ludit,
669 1013 696 1061 et
710 1010 817 1063 cbristo
828 1016 938 1063 contra·
971 1006 1006 1058 sit
1018 1019 1119 1071 corpus
1131 1004 1231 1057 Christi
1242 1042 1250 1068 ,
1263 1004 1312 1057 sed
1328 1017 1385 1056 uon
1405 1007 1435 1055 ut
1452 1002 1562 1055 desinat

333 1089 422 1143 edicit.
437 1094 604 1146 sacramenti
615 1108 727 1159 nomen,
739 1109 794 1161 quo
805 1095 934 1159 abutitur,
969 1091 1124 1144 substantia
1146 1092 1243 1157 panis,
1261 1098 1289 1143 et
1317 1088 1415 1142 christi
1438 1089 1561 1154 corporis

335 1186 396 1241 ¹pro
414 1190 491 1231 mero
509 1180 587 1245 signo
607 1182 936 1247 sacroaliquandosumi·
969 1177 1122 1230 substantia
1137 1190 1262 1243 praesens
1280 1177 1336 1228 liat.
1357 1179 1490 1229 caeterum
1507 1175 1561 1240 ple

334 1263 933 1332 eur,quamsignittcationemneadmittat,
969 1277 1035 1315 uuus
1062 1264 1174 1329 periculi
1198 1270 1240 1316 est
1259 1262 1348 1316 divina
1379 1260 1507 1328 mysteria
1534 1266 1562 1313 et

334 1344 511 1411 zuinglianae
527 1350 665 1404 lraereseos
678 1350 782 1405 crimen
804 1360 932 1406 veretur:
969 1359 1051 1413 opera
1068 1350 1189 1401 numano
1207 1348 1297 1401 metiri
1316 1347 1439 1399 modulo.
1463 1346 1559 1399 blirum

343 1430 395 1481 sed
412 1431 446 1483 ab
464 1444 496 1484 ea
516 1446 572 1487 non
593 1436 660 1489 satis
680 1438 809 1490 recedere
827 1439 935 1491 eonvin·
967 1434 1089 1499 profecto
1106 1435 1176 1488 sorel
1197 1434 1335 1501 ipsissima
1356 1433 1439 1488 verba
1458 1446 1473 1485 a
1491 1446 1561 1498 qlla-

331 1516 424 1569 ·citur.
433 1518 564 1584 Equidem
577 1522 743 1588 ubicumque
752 1524 934 1590 inscripseris
967 1525 1031 1571 tuor
1053 1519 1232 1587 scriptoribus
1251 1520 1338 1573 sacris
1354 1518 1465 1583 reterri,
1483 1518 1559 1572 nullo

338 1600 380 1653 de
394 1602 594 1669 sacramentis,
611 1607 669 1660 sive
684 1608 785 1661 veteris
802 1609 933 1663 sirenovi
969 1603 1063 1670 figurae
1075 1606 1140 1658 ditio
1162 1605 1278 1668 ludlow,
1292 1619 1393 1670 quum,
1415 1604 1454 1657 uti
1473 1604 1560 1656 ῐθῑθῐῑ·

332 1687 710 1751 'Testamenti‚instituendis
725 1692 934 1759 agitur,verbis
967 1693 1012 1740 tur
1035 1690 1219 1752 oxonienses,
1243 1690 1315 1743 illius
1348 1690 1504 1743 concordiae
1529 1688 1559 1741 in

332 1768 432 1824 obviis
450 1779 477 1825 et
496 1775 651 1839 perspicuis
669 1789 764 1828 eorum
783 1779 934 1831 naturalis·
968 1780 1024 1825 tota
1046 1786 1122 1826 sacra
1143 1773 1281 1839 Scriptura
1299 1775 1406 1827 nullum
1427 1773 1500 1827 aliud
1521 1773 1559 1825 sit

330 1856 934 1928 «clareturmullaqueadhibeturfiguraque
968 1858 1165 1923 exemplum.²

339 1952 400 1993 nou
413 1943 450 1993 sit
461 1943 604 1996 manifesta
615 1956 647 1995 ex
660 1946 878 2011 consuetudine,
890 1950 933 2001 vel
999 1943 1042 1995 92.
1054 1942 1113 2007 osj.
1132 1945 1158 1994 l.
1173 1946 1208 1995 lla
1234 1949 1277 1997 est
1296 1944 1443 1996 verborum
1460 1941 1558 1995 Christi

331 2037 398 2077 uren
422 2026 600 2093 exponatur*
967 2028 1034 2081 satis
1051 2028 1132 2081 obvia
1150 2029 1294 2095 explicatio
1312 2044 1319 2080 ε
1340 2049 1352 2075 ι
1378 2028 1558 2093 Queuradmo·

371 2112 415 2163 8&
436 2111 496 2178 obj.
507 2112 532 2163 9.
554 2133 566 2159 e
577 2115 636 2166 tarn
650 2118 677 2167 et
686 2116 739 2167 hoc
751 2116 817 2169 satis
836 2117 931 2171 tritum
964 2114 1031 2166 dum
1044 2115 1116 2167 bunc
1131 2128 1233 2180 panem
1248 2114 1362 2167 tractum
1383 2112 1463 2167 uobis
1476 2112 1558 2165 eden·

329 2206 402 2249 esse
417 2195 513 2259 debet,
531 2198 570 2250 rei
592 2200 707 2265 signate
719 2214 819 2255 nornen
839 2204 874 2257 ad
894 2205 929 2256 si·
963 2199 1031 2252 dum
1051 2200 1187 2262 exhibw,
1206 2200 1247 2253 ⁸1⁰
1262 2214 1364 2266 ⁰⁰lltus
1380 2213 1473 2253 meum
1493 2212 1557 2253 ³¹⁰¹<

329 2285 424 2347 =gnum
443 2283 591 2336 transferri.
608 2288 699 2349 Quare
717 2300 798 2341 nemo
812 2290 842 2341 in
862 2291 931 2343 Scri·
962 2284 1163 2352 frangendum,
1187 2285 1362 2353 affligendum
1395 2290 1422 2339 et
1452 2284 1557 2337 interd·

337 2372 419 2433 ptura
442 2370 618 2423 mediocriter
648 2378 773 2443 veesatus
801 2375 928 2441 negabit,
963 2370 1091 2423 ciendum
1114 2384 1164 2437 pro
1180 2371 1260 2425 vobis
1276 2372 1391 2424 tradam.
1413 2391 1426 2417 e
1446 2372 1486 2423 tta
1503 2371 1556 2424 llo--

336 2453 407 2518 quin
429 2456 635 2515 sacramentalis
656 2452 780 2523 loquutro
805 2464 930 2527 metony·
963 2454 1148 2508 scumiiller.⁸

336 2538 409 2591 mice
422 2540 556 2593 sumenda
579 2541 623 2593 sit.
638 2562 651 2589 s
674 2542 775 2595 lterum
789 2543 926 2597 Calvinus.
994 2544 1038 2593 95.
1051 2541 1129 2604 licen
1145 2540 1221 2591 llulla
1233 2538 1392 2604 bttjusmodi
1413 2550 1554 2603 compara-

371 2625 413 2676 89.
428 2624 504 2689 licen.
519 2626 629 2689 Quoties
643 2626 678 2679 de
700 2626 779 2693 siguo
800 2634 928 2692 constat,
962 2624 1001 2677 tio
1013 2624 1041 2675 in
1052 2635 1132 2677 sacro
1142 2629 1217 2675 textu
1229 2622 1376 2675 invenitur.
1389 2621 1555 2687 Simpliciter

330 2706 378 2760 nil
396 2714 466 2761 uetat
481 2716 510 2761 ut
530 2711 568 2763 rei
583 2712 698 2779 signatae
715 2725 817 2767 nomon
837 2714 873 2767 ad
892 2715 929 2767 si·
962 2712 1028 2766 dicit
1040 2711 1165 2765 cbristus
1176 2712 1244 2764 illud
1258 2725 1321 2765 esse
1333 2723 1435 2778 corpus
1446 2718 1474 2766 et
1490 2724 1554 2763 sau·

324 2807 423 2861 :gnum
435 2798 632 2851 transferatur:
647 2797 676 2850 in
692 2797 861 2854 instituendo
880 2813 928 2854 au·
961 2797 1073 2865 guinem
1086 2811 1181 2861 suum,
1194 2798 1283 2863 ipsum
1295 2810 1396 2863 corpus
1406 2809 1456 2864 pro
1471 2795 1552 2852 uobis

334 2888 393 2932 tem
413 2881 492 2947 signo
515 2895 629 2936 necesse
652 2889 694 2937 est
717 2889 747 2936 ut
774 2885 928 2940 declaretur
961 2882 1176 2947 immolandum,
1198 2883 1288 2950 ipsum
1314 2883 1478 2950 sauguinem
1503 2896 1553 2951 pro

327 2966 397 3032 ejus
411 2967 445 3019 ad
459 2980 516 3020 rem
537 2969 648 3033 relatio,
664 2983 743 3022 secus
757 2971 831 3024 haud
852 2971 929 3026 intel·
960 2969 1081 3034 peccatis
1092 2969 1234 3035 expiandis
1246 2969 1426 3022 tundendum.
1438 2970 1477 3023 db
1493 2971 1553 3036 eius

325 3051 454 3118 liganda.
481 3053 525 3106 Sic
553 3067 634 3106 arcus
657 3054 685 3106 in
703 3056 823 3110 nubibus
847 3058 927 3112 datus
960 3054 1052 3108 vernis
1066 3067 1122 3108 non
1140 3054 1326 3107 recedendum
1339 3060 1397 3117 est,
1412 3060 1441 3107 ut
1461 3054 1552 3109 divina

322 3142 379 3190 test
397 3140 479 3192 abeo
494 3139 602 3204 signum
622 3139 750 3206 benignae
769 3143 927 3207 quemfecit
960 3129 1091 3206 mysteria
1118 3147 1213 3194 nostro
1243 3141 1484 3224 accommodemus
1513 3143 1553 3194 in·

324 3221 545 3288 ,promissionum
570 3237 601 3275 se
627 3237 768 3288 uunquam
792 3227 927 3279 muudum
962 3224 1092 3277 tellectui.

287 3311 291 3317 “
320 3306 697 3372 ‚aquisobruturumzquod
718 3308 771 3359 nisi
791 3309 928 3362 declaras·
962 3305 965 3311 '
994 3309 1037 3360 at.
1059 3306 1117 3370 obj.
1130 3310 1157 3358 ὅ.
1177 3327 1191 3352 ι
1207 3308 1332 3359 termula
1347 3312 1390 3358 est
1403 3307 1502 3358 similis
1515 3308 1552 3369 ci,

331 3398 393 3455 set,
412 3405 467 3446 uon
493 3393 582 3457 potuit
605 3390 727 3457 intelligi.
752 3391 927 3446 circumcisio
962 3403 1015 3457 qua
1027 3403 1095 3442 usus
1106 3396 1148 3443 est
1158 3392 1248 3442 bloses
1258 3390 1343 3441 Exod.
1355 3389 1401 3442 xii.
1419 3391 1444 3440 2.
1456 3395 1483 3442 et
1497 3404 1551 3456 qua

316 3479 419 3532 -etiarn
431 3478 495 3529 dato
509 3483 551 3529 est
571 3477 598 3529 in
611 3477 723 3531 ioederis
738 3491 802 3531 curn
819 3479 926 3533 nbralm
962 3473 1092 3528 israelitae
1110 3475 1221 3540 epulum
1237 3474 1366 3540 paschale
1380 3475 1550 3528 celebrantes

331 3562 396 3616 initi
414 3562 523 3629 siguum
534 3601 541 3628 ,
552 3569 580 3616 et
594 3563 729 3616 declarata
754 3569 797 3618 est
813 3567 872 3632 eJ'us
888 3566 926 3619 si·

960 3618 998 3672 uti
1009 3619 1248 3683 debebantmt.
1262 3587 1418 3709 apati-nna
1428 3619 1501 3700 nus.
1516 3621 1548 3667 ,s

318 3734 381 3786 ebat
398 3746 460 3786 eum
474 3733 580 3800 signum
594 3746 656 3786 esse
667 3735 791 3800 corporis
810 3737 922 3800 christi,
991 3741 1033 3791 95.
1045 3738 1124 3804 lices.
1135 3738 1251 3792 timniuo
1269 3739 1377 3794 diversa
1389 3747 1432 3794 est
1448 3741 1549 3794 formu·

324 3831 386 3872 nec
406 3818 435 3870 id
457 3819 605 3872 declararit
630 3820 753 3873 doristus
774 3821 852 3887 ipse,
873 3824 922 3876 scd
957 3823 983 3876 la
999 3836 1100 3877 :voces
1112 3824 1186 3876 enirn
1198 3825 1337 3878 llebraicae
1347 3826 1501 3878 redduntur
1510 3826 1548 3878 ad

319 3904 414 3970 ,plane
425 3903 601 3957 dixitzslloc
622 3909 664 3957 est
675 3918 775 3970 corpus
788 3920 890 3960 meum.
905 3929 918 3954 s
956 3908 1074 3960 litteram
1096 3924 1102 3958 :
1129 3929 1142 3954 ι
1162 3910 1294 3962 transitus
1315 3909 1375 3974 ipse
1392 3910 1518 3963 bomine.
1532 3929 1545 3955 υ

317 3989 501 4055 ‚letouymiae
512 3991 615 4042 nullum
629 3990 767 4055 praebetur
777 3991 920 4052 indicium,
954 4000 1047 4060 mnus
1059 4006 1160 4046 nomen
1172 3994 1267 4046 babuit
1280 3994 1314 4046 ab
1326 3996 1473 4047 occasione
1490 4007 1545 4060 qua

322 4089 385 4132 :nec
396 4078 468 4129 aliud
486 4077 551 4130 sinit
569 4084 598 4130 ut
614 4090 676 4144 quae
692 4079 722 4130 in
742 4079 806 4132 novi
827 4082 923 4134 Testa·
956 4077 1166 4140 immolabatur,
1183 4079 1313 4131 israelitis
1339 4078 1493 4131 transituris
1512 4093 1547 4131 ex

325 4163 417 4216 menti
431 4163 612 4216 sacramentis
629 4163 803 4217 instituendis
817 4166 921 4231 prolata
955 4164 1087 4229 AEgpptm
1105 4168 1132 4215 et
1149 4175 1199 4228 pro
1214 4176 1290 4216 more
1310 4163 1487 4216 liebraeorum
1506 4165 1543 4218 ita

328 4253 406 4311 sunt,
418 4249 453 4300 ad
467 4248 567 4316 figuras
579 4249 738 4302 referantur.
955 4246 1120 4309 vocabatur,
1146 4247 1217 4300 sicut
1240 4252 1379 4311 peccatum
1412 4249 1543 4305 llebraice

358 4491 384 4542 (ll
393 4489 445 4531 Gen.
455 4490 504 4532 xvii.
514 4491 578 4531 Esod.
588 4490 624 4532 xii.
632 4492 706 4531 ldattb.
716 4491 755 4532 ult.
956 4502 997 4531 one
1013 4490 1084 4542 single
1101 4489 1211 4541 occasion,
1227 4489 1298 4531 suisti
1315 4491 1355 4531 ires
1373 4492 1426 4532 been
1442 4495 1544 4534 recorded

358 4559 404 4614 (s)«
418 4560 458 4599 We
474 4559 549 4600 should
564 4561 619 4600 lorus
635 4560 688 4612 high
705 4560 842 4613 conceptione
851 4560 876 4600 ol
886 4561 922 4601 the
955 4560 1099 4602 lourdistiuct
1108 4559 1199 4601 limesia
1209 4558 1425 4612 preciselptbessrue
1435 4563 1519 4612 words.)
1532 4576 1543 4596 ·

318 4627 404 4671 divine
420 4628 526 4680 promises
540 4630 581 4670 and
599 4630 751 4682 expressions,
769 4631 831 4681 such,
844 4630 877 4671 lor
890 4630 922 4670 in·
955 4631 1001 4671 i'ol.
1014 4629 1121 4689 iv.[irsct·
1130 4631 1167 4670 b'c.
1177 4633 1210 4668 99.
1219 4640 1241 4680 p.
1252 4628 1284 4668 iii.

328 4702 421 4747 susce,
431 4707 455 4736 es
465 4711 475 4735 n
485 4697 529 4737 tbis
542 4698 562 4739 is
572 4709 606 4751 my
620 4699 684 4752 body,
697 4712 707 4736 s
717 4701 761 4750 (tlte
775 4700 826 4752 only
839 4710 922 4752 expres·
980 4700 1006 4752 (a)
1022 4700 1172 4740 llosenmitller
1181 4699 1203 4738 in
1213 4700 1271 4740 bisti.
1280 4698 1335 4738 xxxi.
1343 4703 1375 4739 to.

322 4766 407 4815 ¹siou,l
422 4765 511 4816 believe,
520 4766 541 4806 iu
551 4767 586 4808 the
597 4767 664 4809 nbole
673 4768 697 4810 ci
703 4767 824 4820 Scriptura,
831 4768 883 4810 used
893 4779 921 4810 on
979 4769 1006 4821 (tl
1021 4768 1110 4810 ibidem.
