3792 5550
361 566 411 618 290
720 550 834 602 tutet.
853 547 903 595 KV.
924 543 966 592 DE
985 530 1220 586 trtoULGttttiiis.

361 682 482 746 pugnat·
495 695 508 720 α
526 672 590 736 Quis
602 668 733 736 permittit
743 661 847 717 bomini
864 660 951 711 dona·
985 653 1101 718 ligamus
1111 657 1207 712 poenas
1218 639 1384 706 temporales
1393 629 1506 693 remitti,
1517 639 1580 692 quae

363 780 392 819 re
409 776 471 829 quae
483 764 537 813 lieo
548 755 711 810 reservanda
736 750 820 802 sunt?
832 745 953 798 Sufficiat
986 752 1035 804 per
1046 749 1077 789 ea
1090 731 1222 797 temporis
1234 725 1331 793 spatia,
1343 725 1422 788 juxta
1438 725 1559 768 canones
1570 749 1581 772 ,

363 847 474 915 martyri
497 844 606 909 propria
631 839 729 891 delicta
758 843 899 900 purgasse.
918 827 953 873 »¹
988 817 1211 876 essentluendae.
1259 865 1263 872 ,

364 933 475 987 Censuit
497 942 563 994 ergo
583 923 737 977 catholicos
767 919 879 971 credere
906 927 953 966 ve·
1020 911 1063 960 te.
1083 905 1142 970 obj.
1161 907 1186 954 5.
1214 897 1366 952 Concilium
1392 887 1581 942 ‘tridentinum

365 1021 453 1076 niam,
472 1021 622 1077 martyrum
640 1005 839 1060 intercessione
853 1002 954 1060 datam,
989 991 1137 1046 declaravit
1151 1001 1181 1040 se
1193 995 1293 1049 cupere
1302 975 1523 1032 moderationem
1532 983 1584 1022 ser·

366 1105 399 1158 ad
419 1100 581 1153 delictorum
600 1094 790 1160 purgationem
816 1086 907 1148 dirigi.
926 1087 954 1135 S.
989 1079 1045 1134 vari
1068 1078 1095 1128 in
1116 1067 1293 1137 indulgentiis
1321 1057 1530 1119 concedendis,
1550 1066 1584 1105 ne

365 1188 532 1255 cyprianus,
557 1184 618 1234 loco
637 1182 693 1245 jam
722 1177 856 1234 adducto,
876 1172 957 1222 docet
990 1163 1136 1228 disciplina
1156 1159 1310 1210 enervetur.
1325 1153 1386 1201 tarn
1399 1159 1467 1200 vero
1484 1143 1506 1195 si
1529 1146 1584 1192 tota

366 1273 460 1324 fideles
487 1266 664 1333 praerogativa
701 1266 848 1325 martyrum
883 1255 956 1320 apud
990 1260 1127 1302 canonum
1140 1240 1284 1305 disciplina
1297 1237 1332 1287 de
1343 1229 1514 1299 poenitentiae
1525 1239 1584 1290 ope·

366 1361 451 1410 Deum
462 1353 587 1420 adjuvari
600 1362 692 1416 posse.
992 1335 1067 1386 ribus
1080 1332 1209 1394 abrogata
1225 1324 1275 1383 sit,
1290 1319 1381 1371 inanis
1398 1321 1442 1368 est
1452 1321 1542 1364 metus
1552 1321 1586 1360 ne

400 1444 442 1493 tt.
464 1438 603 1493 Probatur
625 1439 650 1487 5.
673 1434 778 1485 ruttonc
801 1426 956 1493 tlteotopico.
992 1422 1146 1472 enervetur.

369 1525 547 1591 indulgentiae
567 1534 629 1584 quae
651 1531 746 1584 poenas
758 1513 905 1582 canonicas
917 1523 959 1561 re·
1024 1505 1066 1556 50.
1085 1502 1163 1564 llcsp.
1185 1494 1359 1559 disciplinam
1379 1485 1512 1541 Ecclesiae
1535 1494 1585 1534 suo

367 1614 524 1669 mitterent,
539 1619 619 1672 poena
638 1604 711 1669 apud
733 1605 816 1654 iteum
831 1597 905 1650 haud
918 1609 960 1647 re·
993 1599 1115 1656 ternpore
1126 1586 1263 1652 vigentem
1280 1579 1479 1632 intellexerunt
1498 1575 1586 1622 Patres

368 1698 472 1758 missa,
484 1694 570 1759 magis
589 1694 734 1752 obessent,
755 1701 837 1753 quarn
851 1682 961 1749 prodes·
993 1673 1158 1734 Tridentini,
1172 1681 1294 1722 canones
1308 1671 1400 1718 autem
1421 1655 1586 1725 poenitentiae

371 1788 450 1844 sent,
475 1780 576 1845 quippe
600 1789 661 1842 quae
685 1771 854 1839 poenitentiae
877 1767 960 1831 opera
995 1775 1010 1813 a
1040 1759 1160 1825 quinque
1188 1756 1286 1806 saltem
1312 1747 1424 1801 saeculis
1453 1744 1586 1797 desierant

370 1868 507 1927 tollerent,
520 1866 746 1929 poenamanente.
756 1860 888 1908 Praeterea
899 1864 962 1904 con·
995 1844 1106 1898 servari.
1136 1839 1221 1892 Nimia
1252 1836 1381 1889 facilitate
1402 1826 1586 1894 indulgentias

371 1952 506 2006 ceduntur
516 1947 707 2012 indulgentiae,
721 1945 852 2007 abrogata
870 1941 927 2004 jam
946 1949 961 1988 a
996 1926 1164 1985 concedendi
1177 1921 1347 1990 poenitentiae
1365 1916 1515 1976 exercitia,
1529 1923 1586 1976 quae

317 2041 320 2046 ’
372 2037 496 2104 pluribus
521 2033 630 2086 saeculis
652 2028 795 2091 disciplina
818 2023 960 2077 canonica.
997 2023 1093 2082 sponte
1106 2011 1302 2075 suscipiuntur,
1315 2005 1359 2058 vel
1374 2017 1389 2055 a
1402 1997 1587 2054 sacerdotibus

374 2127 443 2187 Ergo
461 2122 496 2172 ad
514 2130 624 2183 poenam
636 2116 724 2179 ipsam
738 2111 810 2176 apud
823 2112 906 2161 ileum
918 2120 963 2159 re·
997 2105 1025 2154 in
1037 2113 1115 2153 sacro
1135 2095 1263 2150 tribunali
1278 2093 1476 2157 injunguntur,
1490 2081 1588 2148 negligi

374 2205 535 2258 mittendam
550 2201 714 2264 diriguntur,
997 2192 1125 2254 possent,
1143 2183 1261 2246 ideoque
1281 2175 1498 2230 moderationem
1511 2169 1539 2220 in
1557 2167 1588 2218 iis
1675 2190 1680 2199 ·

504 2286 668 2350 objectiones
680 2283 834 2332 solvuntur.
997 2269 1180 2326 concedendis
1194 2263 1359 2318 servandam
1382 2257 1510 2324 cupiebat
1521 2256 1588 2305 Con·

406 2375 448 2425 lb.
469 2370 528 2435 ooj.
548 2372 572 2419 l.
587 2365 757 2431 indulgentia
775 2363 841 2415 olim
853 2365 911 2413 erat
924 2373 964 2412 re·
998 2359 1101 2410 cilium.

373 2458 470 2510 missio
501 2467 590 2520 poenae
619 2451 759 2505 canonicae
777 2464 783 2498 :
803 2460 869 2513 ergo
891 2446 963 2498 idem
1030 2445 1072 2493 ol.
1092 2439 1195 2504 ortt.
1218 2435 1328 2488 Feruori
1344 2428 1536 2498 penitentium
1548 2436 1587 2476 ca·

374 2556 448 2596 nunc
457 2540 646 2597 sentiendum
656 2549 707 2588 nec
720 2533 833 2600 proinde
843 2532 963 2604 aliquam
999 2539 1086 2578 nones
1093 2531 1199 2578 veteres
1210 2521 1312 2585 aliquid
1326 2514 1525 2581 indulgendum
1534 2522 1589 2562 cen·

374 2641 483 2696 poenam
497 2625 570 2690 apud
586 2622 707 2675 divinam
727 2618 860 2684 justitiam
882 2616 963 2667 tollit.
999 2617 1127 2672 suerunt,
1138 2621 1222 2674 quum
1239 2609 1365 2657 econtra
1379 2599 1511 2654 hodierna
1525 2603 1588 2646 tem·

408 2718 449 2766 to.
468 2715 547 2777 lietp.
568 2708 740 2775 indulgentia
759 2710 820 2770 post
832 2703 966 2768 poeniten·
999 2703 1104 2762 pestate
1124 2691 1304 2757 indulgentiae
1330 2687 1400 2738 ratio
1426 2683 1588 2750 prebeatur,

378 2803 421 2854 tiae
433 2798 605 2862 disciplinam
626 2795 763 2844 inductam
776 2790 913 2841 relaxabat
925 2801 967 2840 ca·
1000 2783 1073 2848 quod
1086 2778 1252 2833 deferbuerit
1266 2771 1438 2841 poenitentiae
1460 2766 1588 2826 studium,

377 2897 481 2942 nones,
505 2881 642 2943 simulque
670 2876 824 2928 remittebat
856 2886 966 2938 paenam
1000 2881 1123 2932 necspes
1136 2868 1173 2918 sit
1186 2860 1453 2929 poenitentiaeardua
1470 2850 1590 2907 exercitia

376 2980 467 3021 coram
487 2968 540 3016 lieo
553 2965 589 3015 ob
602 2975 683 3027 quarn
705 2960 832 3011 luendam
846 2970 966 3009 canones
1000 2953 1178 3018 suscipiendi.
1206 2954 1277 3016 llrgo
1308 2948 1490 3012 indulgentiae
1519 2939 1591 2993 notio

378 3049 544 3117 poenitentia
562 3059 644 3111 opera
662 3043 885 3110 praescribebant.
899 3046 966 3093 inte
1001 3045 1056 3091 tota
1070 3044 1173 3089 mutata
1192 3042 1251 3097 est;
1276 3034 1349 3099 apud
1374 3037 1483 3085 veteres
1496 3026 1592 3092 quippe

377 3138 447 3187 latos
465 3145 603 3192 canones,
617 3136 644 3182 et
664 3133 726 3193 post
744 3139 838 3178 eorum
851 3126 965 3187 abroga-
1001 3121 1169 3187 significabat¹
1190 3118 1389 3171 relaxationem
1413 3126 1502 3179 poenae
1514 3120 1592 3163 cano·

377 3221 490 3277 tionem,
505 3214 683 3281 indulgentiae
700 3212 783 3266 visin
801 3212 860 3263 sola
877 3223 966 3275 poenae
1000 3210 1068 3261 nicae
1081 3210 1108 3258 in
1122 3208 1180 3259 toro
1193 3213 1326 3258 externo:
1342 3203 1417 3268 apud
1431 3197 1593 3252 recentiores

378 3304 449 3371 apud
468 3305 551 3354 ileum
571 3299 733 3352 remissione
758 3298 884 3362 ponenda
902 3303 964 3348 est:
1000 3300 1042 3345 eat
1051 3292 1176 3345 remissio
1186 3302 1275 3355 poenae
1288 3289 1361 3354 apud
1376 3278 1594 3347 iteum,subsidii

378 3403 430 3442 nec
441 3388 513 3439 enim
535 3386 672 3436 relaxatur
693 3384 753 3442 lox,
781 3381 910 3445 quaejam
924 3388 967 3432 est
1000 3378 1086 3429 instar
1103 3374 1250 3427 infirmitati
1261 3374 1396 3439 praestita.

378 3476 517 3538 abrogata.
1033 3459 1298 3523 senespvervoris
1312 3455 1508 3524 poenitentium
1516 3460 1596 3503 causa

412 3557 453 3605 lt.
474 3553 532 3616 obj.
543 3553 568 3601 Ξ.
582 3551 715 3602 Formulae
728 3549 818 3599 adbuc
830 3554 967 3611 usurpatae
1002 3545 1099 3596 merito
1113 3546 1231 3596 relaxata
1240 3550 1281 3594 est
1291 3543 1428 3594 severitas
1436 3536 1597 3602 disciplinae,

378 3631 969 3692 ostenduntcanonumrelaxationemetiarn-
1002 3636 1106 3693 atquo
1132 3630 1227 3693 majori
1254 3628 1412 3692 flagrabant
1432 3624 1525 3676 studio
1546 3623 1597 3671 lieo

379 3733 446 3773 num
460 3717 516 3767 lieri
528 3715 760 3779 indulgentiarum
773 3714 966 3767 concessione:
1002 3713 1206 3776 satisfaciendi,
1237 3714 1371 3778 majorem
1411 3708 1601 3775 experirentur

379 3817 443 3857 narn
457 3800 588 3864 temporis
604 3800 753 3864 spatiorum
773 3798 968 3861 penitentibus
1002 3784 1131 3849 Ecclesiae
1139 3797 1331 3850 liberalitatem
1353 3799 1492 3847 Caeterum
1505 3798 1533 3843 et
1541 3788 1600 3841 aliis

380 3890 446 3943 olim
463 3886 668 3949 adsignaturum
686 3882 716 3934 stt
732 3882 842 3935 tuentio.
865 3884 911 3935 Sic
927 3884 971 3935 in·
1004 3882 1105 3945 saepius
1119 3882 1293 3933 indulserunt
1304 3880 1456 3945 Episcopi,
1476 3874 1603 3943 precibus

380 3970 520 4038 dulgentia
541 3969 645 4033 septem
659 3980 793 4018 annorum
811 3973 838 4017 et
855 3967 969 4019 totidem
1004 3972 1151 4031 martyrum
1167 3968 1252 4026 moti,
1267 3966 1343 4029 quod
1357 3970 1554 4029 argumentum
1562 3964 1604 4009 est

372 4052 666 4123 ·quadragenarurnad
690 4052 862 4116 disciplinam
885 4053 971 4117 poeni·
1005 4052 1040 4102 de
1061 4050 1150 4113 poenis
1172 4050 1243 4113 apud
1271 4052 1357 4101 Deum
1381 4046 1498 4099 remitti.
1516 4046 1605 4095 lionet
1646 4048 1649 4054 ·

386 4140 477 4195 tentiae
493 4139 571 4203 plane
583 4136 705 4188 retertur.
1008 4135 1218 4197 chrysostomus
1230 4134 1396 4197 Apostolum
1411 4128 1557 4183 Corinthio
1570 4126 1611 4177 in·

416 4228 459 4275 to.
479 4224 556 4285 Resp.
575 4221 722 4274 consuevit
735 4220 855 4271 Ecclesia
866 4228 973 4272 veteres
1007 4219 1166 4282 dulgentem
1194 4218 1364 4269 infirmitatis
1392 4219 1454 4279 eius
1479 4212 1609 4267 babuisse

383 4306 514 4360 formulas
526 4304 653 4366 retinere,
666 4303 877 4367 velutipristinae
886 4304 973 4355 aetatis
1007 4303 1140 4355 rationem
1157 4316 1163 4352 :
1183 4316 1267 4367 quam
1288 4301 1486 4367 maximopere
1503 4300 1561 4353 vult
1575 4301 1613 4347 at·

385 4396 572 4443 monumenta.
594 4389 659 4440 ideo
678 4394 769 4440 autem
794 4388 972 4440 conceditin-
1005 4387 1170 4439 tendendam
1193 4388 1221 4437 in
1248 4388 1448 4452 peccatoribus
1469 4382 1610 4439 sanandis.

383 4471 540 4537 dulgentias
553 4472 708 4536 hujusmodi
729 4471 834 4533 verbis,
848 4478 877 4523 ut
897 4472 972 4524 intel·
1005 4472 1045 4523 itit
1066 4470 1164 4521 mirum
1191 4471 1215 4522 si
1227 4471 1263 4523 ob
1282 4473 1410 4526 rationes
1422 4472 1483 4525 lere
1500 4471 1615 4523 interae

413 4711 442 4759 (ll
455 4706 502 4747 tio.
510 4706 538 4745 de
545 4707 646 4749 Pudicitia
657 4721 703 4759 cop.
713 4712 752 4750 ult.
