3792 5550
650 584 719 636 CAP.
738 584 779 635 Vi.
799 578 841 635 bii
858 584 1035 640 inundalum
1053 584 1221 638 steilstto.
1504 584 1536 634 l'l

324 700 488 754 cisvoeibus
502 701 682 767 obstrepunt3
696 704 833 753 ettamen
854 702 915 753 nul·
947 702 1047 765 tradit,
1068 715 1152 767 quum
1176 700 1281 766 absque
1303 712 1336 753 eo
1359 712 1414 753 non
1445 702 1537 765 pateat

323 786 368 838 lus
382 785 597 839 christianorum
615 786 715 839 dixerit
733 798 781 839 eos
797 786 915 839 inaniter
949 788 1039 841 aditus
1059 787 1093 839 ad
1112 787 1384 852 eoelommregnum;
1398 789 1425 839 et
1439 783 1537 836 Christi

322 869 466 936 baptizari,
488 871 564 923 Etsi
588 871 733 938 quisquam
759 871 788 923 in
811 873 862 925 bac
884 886 914 925 re
948 874 1094 941 benignam
1122 885 1185 940 erga
1209 873 1338 939 parvulos
1367 872 1536 924 uoluntatem

323 955 513 1010 auctoritatem
531 957 650 1011 diuinam
670 962 774 1024 quaerat
795 972 802 1008 ε
821 972 915 1024 quam·
947 964 1063 1013 testatur
1085 974 1092 1009 ε
1112 970 1173 1024 quae
1194 969 1250 1010 uon
1273 957 1342 1011 levia
1363 961 1428 1009 sunt
1455 968 1535 1021 argu·

323 1058 407 1111 quam
427 1046 502 1111 quod
525 1046 652 1100 uniuersa
673 1050 749 1098 tenet
771 1046 912 1110 Ecclesia,
947 1050 1041 1098 menta
1056 1056 1104 1097 eos
1121 1057 1183 1097 esse
1195 1044 1332 1109 baptismo
1344 1080 1351 1103 ,
1365 1046 1392 1095 et
1412 1040 1475 1093 ideo
1491 1052 1537 1092 sa-

323 1131 518 1185 neeconeiliis
535 1131 712 1196 institutum,
732 1132 781 1185 sed
805 1146 914 1198 semper
947 1131 1015 1195 luti,
1038 1130 1165 1184 idoneos.
1199 1132 1330 1181 Praeterea
1357 1138 1418 1192 quae
1451 1124 1538 1192 viguit

322 1222 459 1273 retentum
499 1223 567 1283 est,
601 1217 710 1271 nonnisi
753 1218 914 1271 auctoritate
947 1214 1211 1283 eonsuetudotertio
1226 1214 1339 1266 ineunte
1355 1212 1466 1276 saeculo,
1479 1217 1537 1263 tan·

324 1306 479 1373 Apostolica
504 1306 633 1359 traditum
650 1304 803 1359 rectissime
826 1304 914 1357 credi·
947 1308 976 1356 to
994 1314 1130 1355 consensu
1151 1301 1283 1367 probata,
1296 1300 1330 1352 ab
1344 1300 1537 1366 Apostolorum

324 1396 388 1454 tur,
399 1395 490 1443 tamen
508 1391 641 1444 veraciter
661 1391 798 1457 conjicere
818 1404 915 1456 possu-
949 1392 1029 1441 aetate
1043 1387 1163 1440 derivata
1174 1384 1348 1453 agnoscenda
1357 1384 1447 1438 est:si
1459 1382 1532 1436 enim

324 1491 388 1529 mus
400 1478 465 1543 quid
486 1479 575 1532 valeat
591 1478 620 1529 in
643 1478 763 1544 parvulis
784 1476 914 1543 baptismi
948 1479 1044 1541 postea
1066 1473 1178 1525 inducta
1191 1469 1426 1536 fuisset‚vestigia
1438 1470 1530 1534 aliqua

325 1565 531 1616 Sacramentum
544 1576 577 1615 ex
589 1562 798 1616 circumcisione
810 1562 914 1623 earnis,
949 1559 1064 1627 originis
1075 1561 1136 1623 ejus
1157 1556 1349 1624 reperirentur.
1370 1556 1408 1607 dd
1423 1554 1535 1606 manda·

324 1661 408 1719 quam
421 1648 497 1715 prior
508 1649 626 1714 populus
638 1648 752 1714 aceepit.
771 1668 785 1694 ι
805 1646 815 1680 ¹
949 1652 1008 1698 tum
1018 1645 1092 1711 quod
1104 1640 1392 1711 pertinetpraedieandi
1402 1640 1538 1693 etdocen·

358 1734 418 1786 224.
438 1734 576 1788 Probatur
591 1738 617 1787 5.
634 1734 740 1799 judicio
755 1739 780 1786 et
800 1734 918 1787 auotori-
950 1731 989 1794 di,
1000 1744 1049 1783 eos
1066 1728 1186 1796 respicit,
1201 1728 1247 1794 qui
1260 1740 1309 1793 per
1327 1732 1434 1779 aetatem
1446 1728 1535 1779 Eran-

325 1824 379 1873 tote
396 1820 587 1873 concitionem.
608 1820 842 1886 carthaginense,
866 1833 915 1872 seu
951 1815 1052 1882 gelium
1071 1815 1219 1877 audire,et
1232 1813 1313 1865 iidem
1327 1812 1451 1877 excipere
1472 1822 1538 1877 pos·

323 1905 510 1959 liilcvitanum
522 1905 565 1967 ΙΙ.,
581 1910 699 1971 utroque
718 1905 789 1957 enini
803 1905 915 1957 nomine
952 1904 1015 1953 sunt
1028 1938 1035 1965 ,
1050 1900 1096 1966 qui
1113 1899 1222 1953 nonnisi
1247 1899 1390 1951 eredentes
1410 1902 1437 1949 et
1455 1896 1538 1963 poeni·

324 1990 503 2057 designatur,
521 2002 594 2043 anno
606 1992 656 2042 tis
669 2028 677 2054 ,
691 1991 764 2042 bunc
789 1990 851 2043 tulit
871 2004 916 2043 ea·
951 1984 1063 2040 tentiam
1077 1992 1189 2053 agentes
1207 1985 1298 2037 idonei
1317 1989 1381 2036 sunt
1398 1983 1539 2048 baptismo

324 2088 449 2129 nonem:
464 2075 613 2139 «Placuit,
631 2080 661 2128 ut
673 2075 839 2142 quicumque
858 2090 918 2142 par·
951 2073 1136 2140 suscipiendo.
1160 2074 1294 2125 caeterum
1326 2068 1480 2136 baptizandi
1498 2068 1539 2120 ia·

323 2162 405 2215 vulos
422 2166 548 2215 recentes
569 2161 602 2213 ab
628 2162 713 2215 uteris
734 2166 852 2214 matrum
869 2162 916 2215 ba·
951 2161 1052 2224 cultas,
1069 2159 1196 2226 quamvis
1216 2165 1279 2225 post
1302 2156 1418 2211 docendi
1437 2168 1538 2207 munus

324 2247 468 2313 ptiaandos
490 2250 589 2313 negat,
608 2251 655 2300 aut
676 2247 759 2311 dicit,
773 2247 802 2299 in
817 2248 917 2302 remis·
949 2249 1101 2310 declarata,
1117 2259 1173 2301 non
1194 2245 1349 2299 necessario
1371 2245 1405 2297 ad
1424 2242 1537 2295 edoctos

325 2332 432 2387 sionem
445 2333 555 2399 quidem
568 2339 741 2399 peccatorum
758 2346 807 2387 eos
825 2334 916 2400 bapti·
949 2338 978 2387 et
1002 2334 1146 2387 eredentes
1166 2335 1295 2394 arctatur,
1313 2343 1397 2396 quum
1427 2329 1454 2383 vi
1487 2340 1537 2381 sua

325 2419 379 2472 rari
390 2434 397 2481 ;
409 2419 458 2471 sed
470 2419 538 2471 nibil
556 2432 589 2471 ex
603 2420 688 2472 Adam
709 2420 819 2473 trahere
835 2421 916 2487 origi·
949 2432 1047 2473 omnes
1065 2420 1262 2485 complectatur
1277 2416 1323 2482 qui
1338 2414 1477 2467 ablutione
1495 2412 1538 2464 in-

325 2506 396 2559 natis
416 2506 536 2572 peceati,
555 2506 629 2571 quod
649 2507 757 2559 lavaero
770 2519 915 2572 regenera=
948 2506 1052 2573 digent.

324 2591 409 2645 tioms
425 2591 549 2657 expietur
593 2628 602 2643 .
638 2631 645 2644 .
682 2631 689 2644 .
727 2631 734 2644 .
769 2594 914 2646 anathema
980 2592 1041 2644 227.
1065 2592 1124 2657 obj.
1143 2594 1168 2645 2.
1189 2594 1311 2647 cbristus
1324 2592 1454 2645 Dominus
1472 2602 1539 2644 non·

325 2676 371 2730 sit.
389 2696 404 2723 ν
422 2676 557 2731 ¹lteereta
576 2677 658 2744 huius
672 2676 786 2731 concilii
806 2682 834 2730 et
851 2679 916 2731 alte·
949 2678 1002 2731 nisi
1018 2679 1128 2731 adultus
1150 2677 1282 2744 baptizari
1302 2676 1406 2739 voluit,
1429 2688 1481 2728 nec
1496 2674 1538 2726 ul·

324 2760 385 2816 rius
412 2761 440 2814 in
457 2762 553 2817 eadem
580 2762 791 2830 Pelagiaoorum
813 2775 914 2828 causa,
948 2763 1116 2831 lumlegitur
1131 2764 1302 2831 exemplum,
1316 2760 1538 2828 interdpostolo·

325 2849 438 2901 Summo
456 2849 577 2902 Pontifici
598 2849 728 2916 probata,
751 2861 801 2916 per
828 2853 913 2902 totam
947 2865 1010 2903 rum
1035 2865 1079 2904 res
1103 2856 1212 2919 gestas,
1240 2850 1349 2904 iniantis
1380 2846 1507 2915 baptizati
1528 2861 1536 2898 e

324 2933 474 2987 Ecclesiam
490 2935 547 2988 rim
566 2933 756 2989 obtinuerunt.
948 2937 1022 3003 quod
1036 2937 1108 2991 enim
1126 2937 1161 2991 de
1172 2936 1281 2990 familiis
1292 2935 1404 3002 integris
1420 2933 1538 3000 baptiza·

442 3019 607 3086 dejectiones
625 3021 782 3074 diluuntur.
947 3022 984 3074 tis
1005 3021 1117 3086 dieitur,
1132 3019 1291 3087 intelligitur
1315 3019 1351 3073 de
1372 3018 1405 3071 iis
1422 3017 1469 3084 qui
1487 3029 1538 3084 per

357 3103 416 3157 225.
436 3104 497 3171 otj.
516 3107 541 3156 i.
555 3104 791 3172 Paedobaptismus
809 3106 914 3172 absque
948 3113 1057 3162 aetatem
1074 3107 1214 3174 suscipere
1232 3105 1400 3172 Baptismum
1412 3107 1535 3170 possent.

323 3188 380 3242 ulla
405 3190 606 3256 seripturarum
641 3190 802 3244 anctoritate
833 3191 914 3243 indu·
948 3194 1037 3247 Gratis
1055 3197 1186 3260 praeterea
1203 3189 1465 3244 asseritur-fuissem
1484 3188 1537 3240 illis

323 3279 451 3337 ctusest,
465 3274 546 3327 tertio
558 3287 574 3325 a
586 3274 694 3328 Christo
714 3276 825 3328 saeculo.
838 3275 914 3327 Chri·
947 3278 1070 3339 familiist
1083 3278 1222 3344 paruulos.
1241 3275 1284 3328 Sie
1313 3275 1348 3327 de
1366 3273 1531 3326 centurione

323 3365 384 3414 stus
403 3358 486 3428 jussit
508 3357 660 3424 discipulos
677 3346 818 3413 iaciendos
839 3365 916 3414 ante·
947 3362 1079 3425 refertur,
1101 3360 1176 3426 quod
1193 3359 1339 3413 crediderit
1363 3369 1426 3410 cum
1451 3357 1536 3410 domo

322 3459 408 3512 quam
424 3445 627 3511 baptizarentur
641 3453 822 3508 :pameneae
840 3447 916 3499 :dna
948 3448 1007 3511 ejus
1024 3449 1082 3500 tota
1092 3460 1099 3508 3
1109 3457 1160 3498 nec
1172 3431 1264 3497 tamen
1283 3443 1348 3495 inde
1364 3441 1464 3496 inierre
1475 3442 1539 3496 licet

321 3534 353 3582 rt
376 3531 448 3592 ten,
483 3531 626 3590 tantem
657 3533 748 3585 tetis.
768 3550 785 3581 κ
814 3534 915 3587 ltoeete
947 3533 1077 3601 parvulos
1095 3531 1153 3599 eius
1166 3529 1289 3593 fllios,si
1309 3541 1378 3596 quos
1388 3527 1537 3594 babuerit,

321 3628 422 3671 omues
445 3621 558 3682 gentes,
587 3617 758 3685 baptizantes
781 3631 840 3673 eos.
863 3639 877 3666 ι)
902 3618 914 3653 ⁸
948 3618 1108 3673 credidisse.

320 3701 416 3756 Fidem
436 3700 574 3768 baptismo
598 3704 696 3770 praeire
721 3709 849 3771 oportere
871 3705 913 3758 in·
980 3704 1038 3757 228.
1050 3705 1129 3770 Resp.
1144 3701 1242 3756 christi
1255 3700 1361 3756 bomini
1372 3701 1536 3766 exemplum,

321 3787 403 3841 nuit:
425 3807 438 3834 ι
455 3788 505 3852 Qui
525 3789 689 3855 crediderit,
712 3795 739 3842 et
761 3790 913 3857 baptisatus
947 3792 971 3845 si
982 3792 1071 3858 legem
1081 3802 1137 3843 non
1151 3788 1353 3853 statuerit,nos
1369 3799 1423 3838 non
1434 3785 1537 3852 obligat

321 3872 403 3926 ‘¹¹0¹'st
416 3875 535 3937 Mlius
553 3875 613 3929 erii-
633 3875 678 3922 »⁴
946 3877 983 3930 ad
1006 3889 1038 3930 ea
1063 3875 1188 3929 iacienda
1208 3873 1236 3926 in
1256 3873 1354 3926 iisdem
1374 3883 1466 3925 rerum
1489 3872 1536 3924 ad·

354 3959 415 4012 226.
433 3961 510 4027 ilem.
539 3961 666 4029 Episcopi
691 3975 753 4016 cum
778 3946 913 4030 Cypriane
944 3965 1063 4033 junctis,
1076 3977 1138 4031 quae
1155 3964 1240 4017 libem
1262 3962 1381 4028 reliquit.
1401 3961 1534 4028 Equidem

320 4056 378 4097 non
395 4057 497 4099 norum
510 4045 677 4100 induxerunt
693 4061 788 4111 usum,
808 4047 858 4101 sed
870 4061 915 4101 ve
947 4051 1101 4116 baptismus
1121 4048 1290 4116 poenitentiae
1316 4059 1397 4113 quem
1423 4044 1537 4098 admini-

320 4134 407 4183 terem
440 4129 616 4184 traditionem
647 4137 743 4186 eontra
771 4133 926 4203 cuiusdam¹
948 4135 1054 4187 strabat
1075 4136 1195 4187 loannes
1211 4133 1312 4185 adultis
1327 4129 1533 4192 conferebatur,
1624 4137 1627 4142 ’

319 4226 391 4268 nova
403 4215 518 4269 consilia
529 4221 914 4286 propugnavernnt.ratemur
946 4223 977 4272 ut
998 4219 1052 4272 ritu
1073 4219 1134 4284 ipso
1151 4217 1248 4271 moniti
1266 4217 1300 4269 ad
1318 4216 1461 4280 dolorem,
1479 4227 1534 4280 quo

320 4299 486 4367 scripturam
505 4307 546 4356 tot
562 4303 657 4356 verbis
674 4302 748 4356 baud
771 4314 912 4357 commen·
946 4303 1147 4356 mundarentur
1155 4300 1448 4366 eorda‚exeitsrentur.
1462 4299 1535 4352 chri·
1590 4311 1592 4316 ·

320 4385 388 4440 dare
412 4389 588 4454 parvulorum
616 4390 770 4457 baptisma3
793 4390 843 4444 sed
866 4392 913 4442 sa·
948 4395 1008 4443 stus
1022 4388 1157 4442 innocens
1175 4393 1341 4453 sanetusque
1359 4399 1422 4440 eum
1441 4397 1535 4440 susee-

320 4475 629 4531 eramentumomnibus
641 4476 827 4531 necessarium
845 4488 907 4529 esse
941 4476 998 4543 pit,
1012 4481 1043 4528 ut
1058 4474 1118 4528 aliis
1138 4478 1212 4528 esset
1229 4473 1368 4539 exemplo,
1386 4471 1483 4527 loanni
1499 4475 1534 4523 te·

347 4721 377 4777 (t)
390 4723 658 4778 bindebrpcmrttt.
973 4721 1000 4775 {⁸}
1015 4719 1169 4772 tlattlrarriii.
1180 4725 1211 4762 ts.

346 4794 375 4848 tt)
386 4794 441 4838 carr.
450 4795 477 4837 ii.
956 4815 958 4818 ·
973 4794 1000 4845 tt)
1011 4793 1075 4834 liare.
1084 4791 1126 4834 xvi.
1136 4797 1168 4834 td·
1184 4851 1191 4860 ι
