3792 5550
380 594 430 647 stt
728 583 1012 642 ustensilibus
1033 586 1246 641 lltTalllOltlt).

383 709 435 761 tsi
457 707 519 774 quis
541 707 657 769 dixerit,
683 704 833 759 Ecclesiam
861 716 972 766 errare,
1038 702 1269 769 liblegcsciviles
1283 705 1437 761 insentibus
1448 712 1601 766 Foedcrotts

380 807 442 848 cum
460 792 572 856 docuit,
593 798 620 845 ct
636 792 735 853 docet,
755 793 831 857 juxta
856 803 973 857 evange·
1005 786 1295 844 divortiumavioeulo
1310 795 1472 858 permittunt
1491 796 1550 850 fieri
1562 800 1598 851 ob

380 880 460 933 licam
480 885 507 933 et
527 877 706 944 apostolicam
721 876 887 939 doctrinam,
906 889 971 941 pro·
1004 873 1187 939 adulterium,
1205 890 1267 942 quae
1286 879 1344 931 sola
1363 880 1519 934 admittitur
1529 883 1597 937 ratio

380 971 441 1033 ptcr
451 965 615 1018 adulterium
626 963 739 1015 alterius
754 963 903 1029 conjugum
912 975 971 1014 ma·
1004 959 1032 1011 in
1043 960 1192 1026 provinciis
1210 965 1453 1030 lieo-Eboracena,
1466 973 1494 1020 et
1507 968 1597 1021 llliuo-

380 1050 501 1104 trimonii
514 1048 652 1103 vinculum
671 1061 729 1101 non
741 1058 823 1113 posse
838 1048 971 1111 dissolvi,
1004 1045 1082 1098 siana
1106 1062 1112 1097 :
1132 1048 1194 1101 allis
1213 1050 1351 1116 plerisque
1369 1051 1406 1104 ob
1423 1054 1526 1105 malam
1548 1060 1599 1106 tra·

380 1142 584 1199 etutrumque,
606 1134 649 1186 vel
670 1133 752 1186 etiam
774 1135 972 1197 innocentem,
1005 1130 1168 1195 clationem,
1195 1134 1396 1200 desertionem,
1420 1143 1467 1191 aut
1497 1139 1600 1192 diutur-

380 1222 426 1288 qui
447 1233 556 1273 oausam
576 1219 711 1274 adulterio
732 1232 787 1272 non
805 1218 895 1279 dedit,
914 1230 971 1272 non
1005 1227 1069 1267 nam
1102 1218 1276 1280 absentiam,
1318 1234 1381 1286 quae
1411 1224 1598 1289 quinquennio

379 1320 478 1373 posse,
501 1307 587 1359 altero
610 1307 726 1371 conjuge
750 1304 875 1367 vivente,
896 1302 971 1356 aliud
1005 1300 1197 1355 aestimatoria
1211 1307 1399 1369 statullaine,
1416 1308 1486 1361 illud
1499 1323 1597 1363 conce-

379 1390 584 1443 matrimonium
597 1391 773 1451 contrahere,
784 1389 972 1455 moecharique
1005 1384 1142 1439 dentibus.
1156 1388 1271 1443 instato
1289 1391 1400 1445 0bicnsi
1419 1393 1542 1447 ebrietas
1552 1409 1599 1461 per

379 1476 972 1544 numqui,dimissaadultera,aliamdnxe«
1006 1470 1154 1524 triennium
1177 1480 1219 1526 est
1242 1475 1352 1528 divortii
1375 1477 1481 1530 vinculi
1506 1493 1596 1533 causa.

379 1562 428 1623 rit,
441 1568 469 1615 et
488 1576 568 1626 eam,
589 1575 666 1628 quae,
680 1562 797 1615 dimisso
825 1561 969 1624 adultero,
1005 1558 1091 1609 Penes
1116 1558 1303 1625 legislatorum
1312 1565 1414 1613 coetum
1427 1568 1472 1614 est
1490 1563 1519 1615 in
1529 1577 1596 1617 non·

379 1646 424 1700 alii
447 1648 587 1713 nupserit;
614 1648 758 1700 anathema
781 1648 826 1700 sit.
845 1646 877 1695 ¹¹
898 1647 972 1699 Alias
1006 1642 1090 1694 nullis
1102 1643 1219 1695 statibus
1238 1644 1386 1697 1111101ῑί11ΰὶ
1408 1647 1598 1711 concedere,‘

379 1745 489 1799 quoquc
507 1734 631 1786 solvendi
643 1733 746 1786 vinculi
765 1746 862 1786 causas
880 1734 972 1786 exclu·
1005 1728 1080 1794 duod
1102 1730 1286 1782 tribunalibus
1316 1734 1455 1798 supremis
1488 1734 1599 1800 justitiae

379 1824 483 1871 serunt.
500 1838 512 1864 u
524 1818 551 1871 Si
568 1818 750 1884 quis-dixerit,
763 1823 876 1884 propter
885 1818 971 1871 tvaere-
1006 1814 1082 1879 leges
1094 1814 1159 1866 alibi
1174 1816 1338 1868 concedunt.
1353 1818 1383 1869 ln
1397 1819 1512 1872 duobus
1525 1819 1597 1872 stati⁴

379 1904 507 1967 sim,aut
517 1906 663 1957 molestam
674 1902 973 1965 cohabitationem,aut
1004 1899 1077 1962 bus,
1101 1902 1258 1953 'lennessec
1292 1902 1396 1954 scilicet
1416 1909 1444 1955 et
1474 1904 1598 1957 carolina

379 1988 531 2043 affectatam
555 1989 708 2042 absentiam
730 1990 895 2055 aconjuge,
915 1987 972 2041 dis·
1005 1986 1244 2051 septentrionali,
1280 1986 1455 2051 legislatores
1494 1996 1598 2041 tanturn

379 2074 448 2127 solvi
468 2087 549 2140 posse
561 2074 727 2127 matrimonii
739 2074 892 2135 vinculum;
906 2087 972 2127 ana·
1005 2070 1176 2123 committere
1186 2075 1302 2135 possunt
1314 2071 1426 2137 speciali
1445 2074 1506 2140 lege
1519 2080 1596 2140 pote-

380 2161 470 2214 tbema
483 2160 528 2213 sit.
541 2178 552 2208 ι
564 2160 576 2193 ¹
1004 2162 1101 2209 statem
1112 2156 1257 2218 tribunali;
1271 2170 1323 2223 qua
1335 2159 1427 2211 valeat
1449 2160 1595 2214 divortium

412 2249 454 2299 114.
475 2247 616 2313 snglicani
635 2247 784 2301 divortium
798 2246 899 2300 vinculi
911 2260 971 2300 ma·
1007 2242 1035 2294 in
1046 2255 1112 2295 casu
1126 2242 1258 2310 singulari
1270 2244 1433 2297 concedere.

379 2332 542 2384 trimonialis
555 2332 652 2386 iecisse
664 2333 794 2385 dicuntur
806 2346 820 2384 a
833 2335 970 2396 Bumeto,
1039 2330 1081 2381 td.
1099 2328 1230 2381 catholici
1249 2333 1342 2381 tenent
1355 2332 1526 2385 matrimonii
1537 2334 1594 2386 vin-

379 2416 479 2482 quibus
492 2422 583 2470 tamen
594 2431 629 2470 ne
641 2417 767 2470 adulterii
778 2416 889 2483 quidem
902 2429 972 2483 prae·
1004 2414 1096 2465 culum
1118 2415 1193 2466 nulla
1215 2415 1334 2467 bumana
1347 2417 1511 2470 auctoritate
1529 2417 1596 2471 solvi

378 2508 467 2556 textus
492 2500 700 2569 suffragabatur.
716 2501 727 2535 ⁸
757 2502 891 2569 Equidem
918 2501 971 2554 alia
1005 2511 1088 2565 posse
1102 2499 1194 2564 qrioad
1210 2499 1265 2553 vim
1277 2501 1352 2566 ejus,
1368 2514 1423 2566 qua
1436 2514 1531 2555 coram
1544 2505 1597 2556 beo

319 2616 322 2623 ,
378 2602 492 2656 prorsus
527 2588 633 2642 rationo
668 2587 809 2641 nitebatur
837 2586 971 2640 Eonncus
1005 2590 1033 2638 et
1050 2585 1171 2639 Ecclesia
1191 2587 1323 2653 coniuges
1344 2593 1482 2640 tenentur.
1495 2590 1599 2642 solutio

378 2676 456 2737 lilll,
477 2673 585 2727 irritum
603 2674 710 2727 scilicet
732 2674 818 2727 luisse
838 2672 873 2725 ab
892 2672 971 2727 initio
1005 2682 1068 2735 quae
1089 2671 1118 2721 dt
1139 2670 1209 2737 legis
1227 2672 1388 2725 auctoritate
1406 2686 1466 2726 non
1492 2674 1555 2728 lacit
1570 2681 1599 2727 ut

379 2758 591 2826 conjugiumob
599 2758 736 2812 affinitatis
747 2758 775 2811 in
784 2758 873 2824 primo
884 2758 972 2826 gradu
1004 2754 1093 2808 valeat
1112 2755 1272 2810 alterutere
1289 2756 1386 2811 solutis
1404 2770 1509 2812 novum
1533 2760 1598 2813 inire

379 2844 633 2910 impedimentum,
664 2844 738 2910 quod
766 2843 972 2909 dispensatione
1006 2840 1179 2908 conjugium,
1197 2841 1272 2907 quod
1285 2854 1378 2895 coram
1400 2844 1523 2897 Ecclesia
1536 2845 1598 2912 legi·

378 2928 517 2996 pontificia
532 2928 631 2981 anierri
645 2941 700 2980 non
713 2931 838 2994 potuisse
852 2929 971 2982 dicebat.
1004 2925 1102 2978 timum
1115 2927 1264 2980 habeatur:
1279 2929 1329 2982 sed
1343 2935 1485 2995 tamquam
1504 2931 1595 2984 violati

378 3017 416 3067 lie
430 3013 567 3079 principio
598 3017 689 3064 autem
720 3012 792 3078 apud
817 3015 894 3077 ipsos
915 3027 971 3066 non
1006 3012 1173 3064 sacramenti
1196 3026 1260 3066 reus
1283 3015 1408 3068 censuris
1446 3016 1598 3084 subjacebit

378 3101 503 3157 constat;
527 3110 588 3149 nam
608 3111 694 3163 qurum
710 3097 744 3150 de
762 3097 879 3151 divortio
892 3100 973 3153 caro·
1005 3095 1209 3150 ecclesiasticis.

378 3187 457 3248 linae,
476 3185 568 3238 uxoris
586 3185 693 3252 Georgii
706 3186 748 3236 tv.
772 3190 912 3252 ageretur,
924 3187 972 3237 lr-
1220 3183 1383 3248 Propositio.

378 3272 571 3339 cbiepiscopus
586 3271 789 3324 cantuariensis
802 3277 829 3324 ct
842 3270 912 3324 alius
922 3274 973 3322 sn·
1038 3265 1237 3319 llatrimonium
1247 3275 1470 3322 consummatum
1479 3270 1598 3324 fidelium

379 3359 472 3421 tistos,
485 3372 500 3411 e
514 3359 661 3412 contrariis
675 3363 809 3412 steterunt
819 3356 971 3424 partibus,‘
1005 3351 1080 3403 nulla
1096 3364 1217 3417 unquam
1245 3352 1280 3405 dc
1304 3365 1402 3416 causa,
1416 3368 1452 3407 nc
1470 3356 1596 3409 adulterii

379 3443 532 3498 doctrinam
546 3443 675 3496 Ecclesiae
695 3444 851 3510 Anglicanac
869 3441 971 3495 vinculi
1004 3437 1134 3503 quidem,
1157 3437 1271 3492 dissolvi
1281 3443 1372 3504 potest
1388 3442 1481 3505 quoad
1503 3442 1593 3496 vincu-

379 3529 545 3584 solutionem
576 3529 719 3580 admittere
747 3529 833 3580 altero
869 3541 972 3594 propu-
1004 3524 1071 3575 lum.

380 3619 499 3681 guante,
514 3618 632 3680 negante
652 3607 754 3667 altero.'
769 3612 969 3679 Presbyteriani
1036 3613 1078 3663 57.
1089 3609 1228 3662 Probatur
1243 3612 1265 3662 1.
1279 3623 1315 3664 en
1326 3610 1483 3677 sennim.
1501 3633 1514 3659 α
1537 3613 1598 3678 Qui·

380 3698 481 3752 docent
498 3698 586 3760 nihil,
604 3703 704 3762 praeter
721 3697 905 3759 adulterium,
923 3701 971 3749 aut
1003 3707 1121 3762 cumque
1145 3694 1280 3749 dimiserit
1304 3707 1416 3750 uxorem
1453 3712 1549 3761 suam,
1570 3705 1596 3752 et

380 3783 516 3851 ejusmodi
532 3782 971 3846 voluntariamdesertionem,cui
1003 3779 1083 3832 aliam
1105 3780 1229 3843 duxerit,
1258 3781 1423 3834 adulterium
1451 3784 1597 3837 committit

380 3867 502 3922 Ecclesia
525 3868 569 3922 vel
590 3867 768 3933 magistratus
787 3866 891 3920 mederi
913 3880 970 3921 non
1003 3878 1086 3930 super
1098 3878 1169 3917 eam.
1190 3867 1223 3917 Et
1247 3866 1270 3918 si
1281 3878 1351 3918 uxor
1361 3867 1498 3922 dimiserit
1509 3870 1594 3923 virum

379 3955 482 4017 valeat,
504 3967 566 4007 esse
584 3965 695 4007 causam
713 3951 892 4006 sufficientem
914 3955 969 4006 sol·
1002 3963 1082 4002 suum
1093 3988 1101 4011 ,
1114 3956 1142 4003 et
1157 3950 1202 4002 alii
1216 3953 1355 4016 nupserit,
1373 3955 1540 4008 moeclrator.
1555 3955 1593 4001 ι’

379 4039 460 4093 vendi
475 4039 642 4093 matrimonii
657 4038 826 4092 vinculum.⁸
842 4037 970 4108 sectariis
1008 4036 1122 4088 «Omnis
1142 4037 1190 4102 qui
1211 4037 1323 4090 dimittit
1334 4052 1449 4092 uxorem
1459 4055 1538 4094 suam
1551 4082 1557 4104 ,
1568 4045 1596 4093 et

380 4125 518 4192 plerisque
530 4125 836 4178 baecsuntcommunia.
1005 4122 1117 4175 alteram
1135 4121 1226 4186 ducit,
1244 4124 1417 4187 moechatum
1444 4131 1472 4179 et
1490 4127 1535 4193 qui
1556 4126 1594 4178 di·

406 4388 432 4438 (ll
443 4387 499 4427 Sess.
511 4399 565 4427 xxiv.
576 4399 624 4427 can.
630 4387 667 4428 vii.
1004 4390 1056 4439 ring
1069 4387 1106 4427 the
1115 4386 1173 4427 bond
1185 4386 1210 4426 oi
1216 4386 1331 4437 marriage.
1342 4387 1490 4429 nConlosslon
1508 4388 1533 4429 oi
1539 4388 1591 4429 iaitla

406 4455 434 4508 (t)
444 4454 525 4496 lbidem
534 4466 573 4494 can
589 4467 611 4495 v.
1000 4458 1035 4499 cb.
1048 4456 1103 4497 niv.

406 4524 433 4574 (t)
443 4525 537 4573 Burnet,
546 4522 644 4575 Analysis
653 4524 781 4564 Articlcuv.
790 4535 812 4576 p.
822 4529 867 4566 tot.
1029 4527 1055 4575 (d)
1067 4523 1214 4578 Now-Jeney,
1230 4525 1369 4577 Montana,
1387 4526 1505 4578 Virginius,
1525 4528 1594 4568 suaet

407 4593 432 4642 (tl
441 4591 493 4630 Vide
505 4591 532 4630 ill
546 4591 617 4630 Letler
631 4591 806 4645 olllrerophilos.
1003 4594 1113 4636 Caralitin
1127 4593 1168 4633 and
1179 4593 1309 4634 ῑοιιὲιίαιια.
1319 4595 1343 4634 ln
1353 4605 1413 4634 some
1422 4595 1448 4634 ol
1457 4595 1520 4636 those
1528 4602 1593 4636 stateo

407 4661 434 4713 (s)
446 4676 455 4697 ι
467 4659 561 4712 Nothing
570 4661 608 4700 but
618 4660 728 4714 aduitery,
737 4673 762 4702 or
779 4662 832 4702 such
850 4662 916 4704 villul
933 4663 969 4703 de·
1001 4663 1098 4703 divorsos
1105 4664 1131 4715 by
1139 4662 1218 4714 special
1228 4667 1274 4702 acts
1282 4662 1306 4702 oi
1311 4663 1348 4702 the
1355 4662 1491 4713 legislatore
1499 4677 1536 4706 are
1544 4676 1594 4718 very

382 4729 461 4770 sertion
475 4737 499 4768 as
516 4729 967 4784 cannovayberemedlcdbytbecburcb
1001 4732 1210 4773 commodationis
1233 4731 1417 4781 Commentarios,
1439 4734 1483 4775 vol.
1501 4734 1525 4775 li.
1533 4747 1556 4788 p.
1564 4734 1593 4776 iv.

381 4808 406 4837 or
420 4795 468 4837 ciril
479 4797 618 4849 magistrate,
627 4797 646 4837 is
659 4809 724 4839 cause
736 4799 843 4840 sufficient
855 4800 880 4841 oi
891 4800 968 4842 dissol-
1003 4803 1060 4843 Lect.
1069 4801 1160 4842 xxviia.
1171 4806 1214 4842 tos.
1224 4801 1252 4854 (1)
1267 4801 1359 4843 licerer.
1370 4806 1401 4842 11.

1689 5001 1708 5210 1
