3792 5550
381 551 431 628 ero
729 567 844 620 rator.
862 564 926 618 xiv.
945 564 987 616 nn
1005 555 1232 612 ronurrnurm.

381 695 454 746 tatur
470 687 645 755 Baptismatis
662 684 792 752 qratiam,
806 694 855 748 per
874 677 973 733 inellas
1006 673 1121 738 mauris
1137 668 1253 724 ωηο*
1274 665 1464 732 nortallajnm
1487 665 1542 720 lroc
1554 666 1609 724 Sa*

380 777 465 833 bilem
486 773 658 830 clementiam
678 768 841 829 saluatoris,
855 766 971 832 quinon
1006 763 1147 814 eramento
1158 754 1284 818 dimissa,
1295 754 1382 806 libera
1394 752 1511 805 materia
1521 751 1607 810 etiam

380 862 440 916 uult
457 861 547 926 perire
564 869 702 923 quemque
721 870 728 906 ε
747 867 800 908 nec
819 853 973 906 delectatur
1006 841 1170 898 Ιιοοοιιιιιο.ὅ
1182 839 1292 894 Materia
1303 850 1369 892 vero
1381 850 1417 892 ex
1428 850 1485 902 quo
1496 841 1603 898 constan

381 946 517 1000 mortibus
536 947 728 1009 peecatorum,
750 941 800 993 sed
812 943 843 991 ut
858 950 972 991 conuer-
1006 933 1234 990 Sacramentum,
1261 929 1391 978 censetur
1419 935 1435 976 a
1462 921 1604 988 plerisque

380 1035 473 1086 untur
485 1036 514 1082 et
524 1028 625 1082 vivant.
643 1044 654 1074 ο
668 1025 677 1059 ¹
692 1027 719 1076 S.
735 1024 904 1090 Augustinus
914 1021 970 1074 nit:
1006 1021 1084 1072 aolus
1095 1012 1274 1081 poenitentis,
1286 1009 1435 1072 contritio,
1448 1008 1607 1070 confessio,

384 1115 437 1168 tsi
455 1128 471 1167 a
489 1114 687 1168 cateclnumeno
705 1109 806 1163 lactum
825 1113 867 1162 est
883 1107 972 1161 homi·
1006 1110 1033 1160 et
1052 1099 1216 1162 mustaceis,
1236 1097 1337 1163 quibus
1352 1094 1510 1148 sacerdotis
1523 1093 1601 1149 aliso-

381 1192 973 1264 cidiurn,baptismateabluitumsialtapli·
1006 1186 1092 1250 lutio,
1116 1191 1257 1250 tamquam
1281 1182 1387 1248 imme,
1415 1179 1543 1241 accedit,
1562 1179 1605 1233 eis

380 1291 457 1349 zato,
470 1283 630 1351 poenitentia
647 1287 675 1335 et
690 1280 912 1334 reconciliatione
926 1292 974 1334 sa-
1005 1273 1130 1326 tribuens
1148 1271 1204 1325 rim
1231 1273 1259 1322 et
1282 1267 1396 1324 aflectus
1421 1264 1599 1325 summarii.

381 1377 471 1424 natur.
486 1370 520 1418 »¹
532 1367 740 1424 solicitudinem
753 1366 900 1418 maximam
915 1377 973 1418 mo-
1007 1357 1093 1426 Qttasi
1105 1355 1222 1414 oratorio
1233 1358 1366 1410 vocantur
1377 1351 1418 1402 illi
1429 1357 1527 1438 actm,
1540 1350 1604 1416 qnia

381 1456 511 1510 cientium
527 1453 710 1520 quorumdem
722 1457 753 1504 ut
770 1450 906 1516 accipiant
922 1452 973 1502 lla·
1005 1455 1063 1498 uon
1074 1448 1139 1496 sunt
1151 1441 1283 1502 materia,
1297 1440 1387 1492 instar
1395 1450 1494 1504 aquae,
1506 1436 1604 1503 panis,

382 1542 529 1607 ptlsmum,
549 1539 666 1592 aliorum
695 1535 904 1603 poenilentiam,
924 1534 973 1587 de·
1005 1529 1077 1593 vini,
1094 1529 1139 1582 vel
1162 1527 1274 1580 alterius
1297 1525 1337 1578 rei
1363 1523 1516 1580 sensibilis.
1532 1522 1605 1581 Sooti

382 1625 508 1678 scribens
526 1625 563 1676 ait
576 1637 583 1673 t
597 1643 610 1670 ι
623 1623 689 1675 Aliis
709 1621 877 1688 Baptismum
895 1620 973 1687 dagi-
1006 1614 1150 1681 discipulis
1172 1615 1262 1679 placet
1281 1611 1426 1666 materiam
1439 1616 1468 1663 el
1487 1610 1605 1666 forment

383 1710 521 1771 lantibus,
540 1708 601 1760 aliis
619 1705 889 1768 reconciliationem,
910 1704 973 1757 aliis
1006 1701 1034 1754 iu
1047 1700 1223 1756 absolutione
1235 1703 1321 1752 totam
1335 1704 1508 1764 agnoscere:
1522 1699 1602 1753 maie-

383 1796 469 1847 etiam
502 1792 671 1859 poenitentiae
701 1790 787 1856 ipsius
816 1789 974 1852 actionem,
1005 1793 1078 1845 mam
1101 1791 1175 1844 enim
1203 1803 1264 1843 eam
1291 1788 1447 1854 praedicam
1467 1791 1605 1853 quatenus

382 1878 511 1933 omuibus
522 1877 756 1939 consolationem,
772 1875 974 1928 etsacromen·
1005 1878 1089 1932 rerba
1101 1881 1218 1937 sonant.
1233 1875 1318 1928 veluti
1339 1887 1424 1928 voces
1442 1874 1545 1938 aliquae
1557 1885 1607 1926 ore

382 1969 474 2018 torum
498 1963 696 2022 conlectionem
727 1966 810 2026 atque
838 1959 975 2025 erogatio·
1006 1957 1604 2029 prolatae,sormomreroquatennsveniam

382 2063 447 2104 nem
460 2064 467 2100 :
479 2049 527 2102 ubi
539 2049 563 2102 si
580 2048 699 2100 ministri
713 2046 821 2109 desint,
840 2049 975 2111 quantum
1008 2055 1036 2102 et
1056 2047 1249 2102 remissionem
1262 2046 1433 2112 significant.
1447 2049 1485 2097 lle
1498 2044 1604 2098 theolo-

383 2134 495 2190 exitium
517 2133 722 2197 sequitureos,
740 2131 837 2196 quide
857 2131 911 2184 isto
923 2142 975 2182 sae·
1008 2147 1104 2202 gorum
1126 2133 1234 2199 placitis
1253 2132 1431 2184 detraherent
1449 2128 1606 2182 Tridentini

383 2221 445 2273 culo
466 2220 511 2272 vel
536 2231 593 2272 non
611 2219 765 2284 regenerati
787 2222 906 2280 exeunt,
930 2219 975 2271 vel
1007 2223 1119 2281 Patres,
1136 2219 1217 2284 quael
1229 2218 1375 2271 mennam
1392 2220 1529 2270 vocarunt
1548 2227 1604 2280 pte·

383 2303 481 2369 ligarit
500 2307 619 2368 quantus
631 2308 674 2355 est
692 2303 774 2355 etiam
795 2303 887 2356 luctus
906 2303 975 2357 ilde·
1008 2305 1121 2358 nitentis
1142 2310 1237 2369 news,
1256 2303 1324 2356 satis
1340 2303 1478 2356 habentes
1490 2301 1606 2354 delinire

383 2387 451 2441 lium
472 2400 603 2450 suornm,
622 2385 669 2452 qui
687 2399 735 2440 eos
757 2400 849 2440 secure
864 2387 894 2440 in
911 2387 975 2442 ritae
1008 2404 1057 2445 eos
1071 2397 1149 2445 actus
1161 2391 1195 2444 ad
1212 2390 1407 2444 remissionem
1427 2393 1603 2454 peccatorum

384 2476 494 2526 aeternae
511 2472 606 2537 requie
623 2484 680 2525 non
696 2472 856 2528 habehuntt
873 2473 910 2522 »⁸
1008 2475 1131 2542 requiri:
1145 2494 1162 2524 u
1178 2475 1206 2527 si
1228 2475 1292 2541 quis
1312 2474 1458 2542 negaverit
1479 2473 1515 2526 ad
1537 2473 1602 2525 inte·

417 2558 476 2612 Ἀθ.
495 2557 635 2612 liuteriam
652 2563 680 2611 et
701 2557 816 2611 lormnm
835 2557 863 2610 in
886 2557 976 2624 poeni·
1007 2575 1083 2628 pram
1101 2566 1129 2614 et
1146 2560 1294 2627 perlectam
1315 2565 1498 2626 peccatorum
1510 2558 1604 2612 remis·

288 2700 293 2708 ,
385 2651 471 2704 tentia
492 2663 547 2703 non
567 2649 691 2716 ejusdem
712 2648 822 2715 generis
842 2648 976 2700 aciulla-
1007 2646 1114 2699 sionem
1126 2644 1228 2711 requiri
1243 2651 1298 2698 tres
1311 2644 1426 2698 actusin
1439 2645 1598 2710 poenitenle,

384 2736 497 2801 ptlsmo,
505 2734 548 2790 vel
558 2733 736 2794 Eucharistia.
746 2732 890 2799 exquirere
901 2731 975 2797 licet,
1007 2730 1602 2799 quasimateriamSacramentiPoenitentlae,

385 2818 435 2871 scd
462 2831 512 2883 pro
536 2819 643 2872 ratione
668 2818 776 2883 judicii.
800 2817 975 2883 Distinguunt
1006 2818 1135 2871 uidelicet
1160 2817 1375 2881 contritionem,
1398 2818 1600 2871 contessionem

384 2902 505 2967 theologi
517 2902 658 2953 materiem
671 2903 976 2967 circaquomversatur
1007 2908 1035 2957 et
1046 2903 1356 2969 satisfactionem,quae
1369 2907 1427 2956 tres
1437 2903 1603 2969 poeniteutiae
1678 2946 1685 2957 .

385 2986 421 3041 ab
442 2998 473 3038 ea
487 2999 521 3038 ex
538 2999 592 3051 qna
616 2991 733 3039 consul.
755 2988 886 3039 Versatur
901 2987 975 3044 ciros
1007 2994 1099 3055 partes
1112 2990 1261 3043 dicuntur.
1283 3028 1289 3041 .
1311 3028 1317 3041 .
1340 3030 1346 3041 .
1366 2993 1517 3045 anatliema
1530 2988 1603 3043 silu‘

383 3075 496 3137 peccata
512 3070 597 3123 veluti
618 3084 663 3123 res
678 3071 860 3136 iudicandas,
875 3076 903 3124 el
914 3072 975 3137 qui·
1007 3077 1188 3127 Praecesserat
1210 3075 1352 3142 Eugenius
1370 3078 1413 3127 lv.
1439 3076 1469 3128 in
1493 3076 1602 3129 decreto

385 3156 449 3209 dem
466 3155 621 3210 necessario
634 3156 705 3209 circa
724 3162 834 3221 peccota
848 3159 976 3212 ritortott'a
1007 3171 1057 3225 pro
1083 3160 1226 3224 armenis,
1250 3160 1329 3225 quasi
1353 3162 1502 3214 materiam
1527 3167 1602 3218 actus

384 3245 449 3309 post
476 3240 644 3306 Baptismum
675 3241 813 3306 admissa,
837 3249 975 3309 qnatenus
1007 3244 1167 3311 poenitentls
1184 3244 1344 3311 designans.

385 3329 445 3380 naec
456 3326 612 3379 necessario
625 3327 794 3391 subiicienda
812 3333 976 3382 suntsacer·
1039 3329 1099 3381 til.
1118 3330 1277 3393 absolutio,
1292 3344 1356 3396 quae
1377 3331 1468 3385 torma
1487 3332 1602 3384 nehemr

384 3409 470 3462 dotali
488 3409 593 3475 judicio
615 3410 643 3460 in
662 3422 740 3462 sacro
752 3410 898 3474 tribunali,
912 3424 975 3476 qun
1007 3416 1188 3479 sacramenti,
1205 3416 1297 3468 verbis
1315 3416 1497 3483 deprecantis
1514 3430 1603 3477 secer·

385 3493 488 3545 ideirco
510 3493 639 3545 dicuntur
655 3494 772 3546 materia
796 3496 973 3550 remeantia:
1008 3498 1082 3552 dotis
1104 3500 1169 3552 olim
1191 3501 1406 3565 enuntiabatur,
1422 3502 1603 3555 sicutetiam·

384 3580 496 3641 peecata
506 3587 572 3627 vero
591 3576 710 3628 ueniuldo
728 3583 845 3640 possunt
857 3578 975 3632 clavium
1008 3597 1074 3635 unm
1084 3583 1114 3636 lit
1123 3584 1195 3649 apud
1205 3586 1324 3639 Graecos.
1335 3586 1347 3621 ⁷
1358 3587 1512 3642 indicativa
1521 3588 1603 3641 torma

386 3661 522 3724 potestate
538 3659 656 3721 remitti,
674 3661 836 3723 quamviset
847 3662 910 3715 aliis
929 3677 976 3717 ra·
1008 3669 1110 3721 saeculo
1128 3670 1293 3724 duodecimo
1315 3679 1437 3727 exeunte
1453 3674 1528 3740 apud
1539 3671 1604 3724 lati-

385 3744 508 3797 tionibus
517 3744 576 3797 tolli
588 3751 700 3813 queant,
711 3748 830 3813 ideoque
842 3756 976 3804 uocantur
1008 3764 1060 3811 nos
1084 3755 1167 3820 coepit
1192 3756 1335 3821 usurpari,
1363 3771 1419 3823 qua
1450 3758 1555 3812 scilicet
1574 3768 1605 3808 se

411 3986 439 4037 (l)
449 3985 533 4040 llislop.
548 3993 622 4033 eontra
632 3988 760 4041 Pelagianos
770 3990 784 4031 l.
794 3991 809 4032 i.
821 3991 858 4033 iol.
868 3997 913 4037 lta.
922 3996 975 4040 edit,
1008 3994 1035 4047 (il
1048 3994 1076 4034 lte
1089 3994 1179 4049 humblp
1188 3997 1231 4037 and
1245 3997 1339 4052 hennil]
1353 4001 1428 4042 desire
1445 4001 1469 4053 it)
1479 4029 1486 4052 ‚
1495 4001 1521 4054 by
1535 4001 1606 4041 virtue

387 4055 453 4097 Besil.
465 4066 500 4097 an.
514 4068 586 4100 ιοινι.
1007 4063 1033 4103 ol
1047 4064 1142 4105 Cannu
1150 4066 1261 4120 authority
1276 4069 1404 4113 committed
1414 4075 1438 4109 to
1452 4069 1608 4119 iniustorum

412 4124 640 4175 (le.ii.deadultcr.
656 4128 823 4180 conjunctu.
1007 4132 1053 4171 lrim
1073 4132 1098 4172 ol
1117 4133 1153 4173 the
1175 4136 1259 4186 perdor
1277 4135 1302 4176 ol'
1321 4138 1351 4177 all
1368 4138 1405 4178 hir
1424 4138 1481 4179 sins.
1500 4150 1511 4174 ι
1528 4134 1602 4176 Voli-

412 4192 440 4242 lt)
462 4191 502 4243 Ep.
527 4194 553 4234 ud
581 4196 715 4236 llonontum
741 4209 812 4238 cun.
839 4210 899 4240 novo
921 4202 974 4243 edit.
1007 4200 1118 4241 'srael-ll.

385 4270 494 4299 ccuxnrim
505 4262 635 4303 orontem
650 4264 790 4305 morientium
804 4268 973 4312 oonsulslitmern
1033 4266 1060 4318 (ὃ)
1072 4267 1124 4309 Vide
1133 4269 1199 4311 Colle·
1208 4271 1266 4312 Trid·
1277 4272 1337 4313 Sess-
1349 4285 1451 4327 xlmctp.
1461 4286 1482 4316 v·

385 4326 506 4378 npudsuos
514 4331 584 4373 verbis
597 4332 804 4385 speciosiqqutlcu·
814 4347 886 4379 rerunt
894 4339 974 4384 menen
1033 4335 1061 4387 lt)
1071 4338 1179 4381 denedict.
1188 4339 1217 4381 xi.
1225 4340 1250 4383 in
1260 4342 1367 4384 necmtnli
1380 4356 1387 4383 r
1401 4344 1467 4388 mer
1480 4349 1585 4389 emur,

385 4393 444 4469 male
456 4396 570 4447 respondet
579 4399 627 4447 ,rio
635 4399 760 4446 describunt
769 4414 796 4443 :a
806 4404 874 4448 When
883 4405 911 4447 lte
920 4407 973 4452 lieth
1033 4405 1128 4457 (tiseos.
1140 4408 1184 4453 xie.
1193 4409 1248 4451 cau.
1256 4410 1286 4453 iu.

386 4459 433 4499 srek
442 4470 507 4535 'upon
525 4463 559 4503 lu'e
569 4464 622 4515 bed,
634 4465 685 4507 does
695 4474 733 4509 not
745 4470 779 4510 lais
789 4471 900 4512 sinam«
910 4477 973 4518 mule
1037 4472 1066 4525 (l)
1080 4475 1138 4516 luter
1153 4489 1229 4530 preces
1246 4490 1303 4531 qnae
1319 4492 1345 4521 es
1362 4483 1482 4524 acutione
1501 4483 1600 4533 recitent,

385 4526 460 4566 allhrs
474 4527 546 4605 bediu
562 4531 596 4571 hle
607 4532 736 4587 nicheam
752 4537 814 4578 when
827 4538 862 4582 hie
875 4542 973 4585 tilulum
1006 4544 1115 4599 reperitur
1125 4545 1203 4587 oratio
1220 4548 1390 4591 concionatoria
1402 4561 1473 4604 anper
1491 4551 1610 4604 consem-

386 4604 460 4670 comes
473 4598 495 4633 to
511 4596 572 4673 him,
586 4602 609 4637 to
626 4602 708 4643 receive
717 4605 754 4645 the
769 4606 891 4657 confitetor
900 4610 927 4661 os
938 4613 973 4654 ltin
1001 4615 1030 4671 ln
1040 4614 1081 4654 hac
1091 4613 1182 4655 dicitnr:
1191 4629 1202 4654 ι
1211 4616 1261 4669 lpse
1271 4618 1372 4659 Salvator
1381 4627 1458 4662 noster
1465 4626 1489 4662 et
1497 4621 1606 4662 Dominus

385 4661 973 4741 mundtorelrerebisconscienceollbeeveiph·
1004 4685 1066 4725 lesus
1084 4682 1186 4723 Christus
1202 4684 1301 4727 remittet
1323 4688 1365 4729 tibi
1383 4690 1459 4732 omnia
1478 4702 1530 4743 qun
1548 4700 1608 4730 nunc

388 4734 431 4780 tp»
449 4728 523 4781 tlunqs
545 4733 615 4774 which
634 4746 695 4787 prese
711 4738 728 4779 it
745 4740 810 4783 mvn
825 4754 831 4781 ε
844 4744 888 4786 eud
903 4747 971 4800 then,
1004 4762 1077 4793 coram
1092 4751 1197 4795 lenuittte
1212 4756 1455 4801 mercamentum.»
