3792 5550
415 538 449 591 28
804 545 981 599 talanat.
1000 547 1041 599 ua
1060 544 1224 597 naerrsuo.

417 672 481 716 ease
503 658 709 717 ministrandum
727 658 854 713 latentur.
869 661 878 695 ¹
892 662 1003 715 Unitarii
1036 662 1162 713 falluntur
1173 656 1218 722 qui
1230 655 1378 709 discrimen
1392 668 1424 709 ex
1436 655 1488 709 tide
1504 657 1622 711 trinita·

419 747 447 801 in
465 749 574 803 nornine
591 748 655 797 iesu
675 744 826 811 aliquando
848 746 1002 813 baptizant,
1036 744 1069 797 tis
1089 740 1266 807 repetendum
1276 748 1407 794 censent:
1420 742 1431 775 ⁹
1442 756 1505 795 nam
1519 744 1623 797 mentis

418 832 467 886 sed
494 833 652 895 plerumque
678 828 760 883 ritum
792 833 866 885 lrunc
890 844 1002 898 prorsus
1034 840 1122 886 error,
1137 840 1313 892 seuprat'unt
1333 827 1433 894 dogma
1455 817 1514 881 non
1540 828 1623 882 allicit

417 917 553 973 omittunt.
568 915 730 981 baptizantis
749 922 826 971 actus
849 916 1001 972 necessario
1034 912 1193 978 baptizantis
1215 919 1323 974 actum,
1343 914 1395 966 nisi
1414 914 1509 967 iormae
1531 919 1624 967 muta-

415 998 609 1065 erprimeodus
624 1006 681 1068 est,
701 1002 819 1070 ideoque
835 1004 937 1069 integra
960 1005 1002 1053 cst
1034 998 1135 1052 tionem
1149 998 1270 1053 inducat.

415 1085 549 1137 termula:
565 1106 577 1132 ι
598 1089 653 1155 Ego
670 1094 697 1142 te
710 1089 819 1155 baptizo
841 1088 867 1139 in
890 1085 1001 1139 nomine

418 1168 524 1234 Patris,
542 1176 570 1224 et
587 1173 663 1238 Filii,
677 1180 704 1227 et
716 1175 830 1240 Spiritus
846 1171 940 1223 sancti.
961 1170 1001 1218 »¹
1241 1171 1345 1223 CAPUT
1364 1171 1409 1221 lll.

417 1255 510 1307 Utrum
529 1256 679 1323 aliquando
692 1259 750 1312 solo
764 1258 873 1311 nomine
885 1257 949 1307 Jesn
962 1255 1001 1307 in-

415 1347 513 1395 vocato
525 1344 681 1409 Baptismus
692 1345 807 1397 collatus
823 1339 910 1402 tuerit,
929 1340 1000 1394 inter
1159 1352 1189 1391 un
1206 1354 1320 1394 aarrrsar
1338 1354 1493 1393 macareus.

395 1425 541 1480 eruditos
568 1430 715 1495 scriptores
732 1428 912 1492 disceptatum
939 1432 999 1490 est,

417 1512 555 1579 plerisque
588 1514 709 1568 censenti
728 1527 758 1564 us
795 1511 1000 1576 Baptismuma
1067 1509 1123 1561 ΗΞ.
1149 1510 1257 1564 ablutio
1284 1513 1464 1579 aquatecta,
1488 1513 1622 1567 invocatis

415 1598 479 1649 Iesu
495 1597 649 1652 institutum
667 1598 700 1650 iis
718 1597 827 1651 vocibus
840 1596 867 1647 in
884 1599 1001 1662 Aposto-
1032 1593 1120 1647 trihus
1141 1596 1267 1661 personis
1284 1598 1383 1651 divinis
1394 1638 1402 1662 ‚
1415 1600 1468 1653 vim
1488 1600 1569 1653 habet
1588 1614 1623 1654 ex

420 1683 508 1735 lorum
520 1684 592 1736 dctis
603 1681 737 1749 designari
748 1696 755 1731 :
767 1681 840 1745 quod
853 1682 933 1735 nobis
945 1696 1002 1737 om·
1033 1680 1131 1733 Christi
1144 1684 1264 1735 auctoris
1282 1684 1324 1735 sni
1337 1685 1441 1739 meritis
1460 1687 1621 1750 derivatam,

417 1767 481 1820 nino
498 1768 615 1821 videtur.
634 1767 645 1801 ⁸
665 1769 693 1818 S.
710 1766 845 1819 Bernardo
863 1768 939 1821 risus
958 1775 1001 1823 est
1033 1780 1086 1831 qua
1110 1773 1251 1833 peccatum
1269 1770 1390 1835 tollitur,
1404 1777 1431 1824 et
1453 1773 1537 1839 gratia
1555 1785 1623 1826 con·

417 1855 506 1909 valere
518 1854 670 1920 Baptismus
679 1852 706 1903 in
717 1850 828 1903 nomine
840 1853 886 1904 Bei
899 1858 925 1906 et
937 1868 1001 1907 san·
1033 1850 1117 1905 iertur
1129 1853 1162 1906 iis
1174 1854 1220 1919 qui
1233 1854 1338 1908 obicem
1352 1894 1358 1917 ,
1371 1870 1453 1921 prava
1464 1871 1512 1909 sna
1524 1860 1622 1911 volun-

418 1947 467 1993 ctae
481 1945 508 1993 et
518 1952 588 1993 acrae
605 1936 695 1990 crucis
707 1936 835 1999 collatus,
847 1935 859 1970 ⁴
871 1937 919 1991 sed
933 1952 1000 2005 paco
1033 1942 1104 2001 tate,
1116 1952 1171 1993 non
1184 1940 1323 2007 objiciunt.
1340 1940 1362 1974 ¹⁰
1377 1942 1414 1993 lta
1433 1942 1513 1995 docet
1523 1943 1624 1997 Conci-

420 2030 477 2095 ejus
495 2028 571 2079 aliter
590 2024 690 2077 sentire
711 2023 809 2087 placet.
1033 2025 1100 2075 lium
1118 2025 1306 2077 tridentinum
1321 2040 1327 2075 ε
1341 2044 1357 2073 a
1375 2026 1401 2075 Si
1415 2026 1477 2090 quis
1491 2041 1540 2092 per
1555 2030 1622 2081 lesu

448 2114 505 2163 tat.
534 2114 691 2175 perpetuum
722 2107 851 2161 Ecclesiae
893 2123 999 2166 morem
1032 2108 1129 2160 christi
1148 2108 1353 2161 Bomininostri
1372 2110 1623 2177 gratiam‚qnaein

417 2201 505 2250 Patres
526 2198 668 2247 testantur.
692 2194 718 2245 S.
742 2194 865 2247 lustinus
888 2198 922 2247 ll.
941 2198 997 2250 ait:
1032 2193 1196 2259 Baptismate
1209 2194 1362 2258 confertur,
1377 2202 1481 2250 reatum
1500 2198 1622 2265 origina-

415 2302 431 2331 «
447 2282 476 2333 ln
493 2280 602 2334 nomine
616 2293 706 2332 rerum
727 2282 886 2333 cunctarum
901 2286 1000 2335 Paren-
1031 2280 1066 2331 lis
1091 2281 1194 2345 peccati
1218 2282 1318 2334 remitti
1341 2289 1440 2350 negat3
1464 2289 1511 2336 aut
1535 2284 1619 2337 etiam

415 2368 466 2431 tis,
482 2370 508 2418 et
528 2363 631 2418 Domini
645 2364 691 2417 Bei
704 2370 731 2418 et
745 2366 892 2420 salvatoris
911 2369 998 2421 nostri
1031 2364 1128 2417 asserit
1140 2378 1195 2419 non
1207 2367 1263 2419 tolli
1278 2373 1364 2420 toturn
1379 2369 1423 2429 id,
1442 2370 1515 2435 quod
1528 2383 1622 2423 veram

415 2454 480 2505 Jesu
490 2450 598 2514 Christi,
617 2456 644 2504 ct
656 2451 772 2516 Spiritus
786 2453 871 2506 sancti
886 2454 913 2505 in
927 2468 998 2520 aqua
1032 2456 1059 2503 et
1076 2450 1212 2516 propriam
1233 2453 1337 2517 peccati
1363 2454 1496 2507 rationem
1517 2455 1621 2515 lrahet3

416 2546 478 2592 tunc
491 2538 622 2589 lavantur.
638 2556 651 2582 ι»
666 2535 870 2591 ⁸Tertullianus
892 2554 900 2590 ι
919 2542 999 2593 alex
1032 2535 1080 2587 scd
1103 2535 1168 2587 illud
1188 2536 1253 2589 dicit
1275 2542 1378 2591 tantum
1397 2539 1474 2601 radi,
1498 2544 1545 2592 aut
1564 2551 1622 2593 non

416 2620 552 2690 tinguendi
572 2620 699 2685 imposita
718 2623 1001 2690 est,etiormaprae·
1031 2619 1177 2685 intimarit
1206 2623 1349 2675 anathema
1376 2624 1420 2676 sil·
1452 2624 1482 2676 lu
1516 2623 1623 2677 renatis

417 2705 855 2771 scripta:«lto‚»1nquit‚adocete
864 2709 1000 2776 nationes,
1031 2704 1104 2756 euim
1126 2705 1192 2757 nihil
1212 2706 1269 2760 odit
1289 2710 1359 2761 Beus
1374 2724 1381 2760 ε
1396 2709 1460 2774 quia
1485 2709 1552 2761 nillil
1580 2714 1624 2762 est

417 2792 600 2857 »tinguentes
618 2803 666 2844 eas
682 2791 710 2843 in
727 2789 828 2846 nomon
846 2795 951 2860 Patris,
972 2802 999 2850 et
1032 2790 1216 2845 damnationis
1245 2793 1278 2845 iis
1301 2795 1347 2858 qui
1382 2807 1444 2846 vere
1466 2797 1623 2863 consepulti

417 2898 429 2924 ι
448 2875 514 2939 Filii,
524 2881 551 2928 et
560 2875 675 2941 Spiritus
686 2878 801 2930 sancti.»
811 2878 856 2932 ts.
867 2881 997 2934 Basilius:
1032 2881 1095 2928 sunt
1104 2889 1166 2928 cum
1179 2877 1285 2930 Christo
1303 2891 1352 2942 por
1364 2877 1499 2942 Baptismn
1512 2883 1539 2931 in
1552 2895 1626 2936 mor-

417 2985 428 3009 «
447 2961 610 3014 sicutenim
628 2962 765 3016 credimus
783 2963 812 3015 in
831 2967 953 3029 Patrem,
972 2971 1000 3019 et
1032 2966 1086 3014 tem
1099 2982 1104 3010 ι
1119 2961 1165 3027 qui
1188 2975 1244 3015 non
1262 2961 1413 3014 secundum
1432 2975 1543 3015 carnem
1565 2978 1626 3018 am-

358 3096 361 3102 .
414 3047 529 3111 rutum,
552 3051 579 3100 et
601 3048 729 3112 Spiritum
752 3054 890 3112 anetum,
908 3050 947 3103 sie
972 3055 1000 3103 et
1033 3045 1144 3107 nutant,
1158 3046 1222 3108 sen,
1237 3051 1356 3099 veterem
1370 3046 1510 3100 nominem
1526 3062 1627 3104 exuen-

415 3132 582 3198 ltaptizamur
597 3131 624 3183 in
644 3133 755 3187 nomine
765 3134 866 3196 Patris,
881 3140 907 3187 et
920 3134 997 3200 Filii,
1032 3137 1088 3193 tes,
1112 3135 1139 3184 et
1156 3144 1274 3196 novum,
1297 3132 1344 3197 qui
1367 3133 1518 3185 secundum
1538 3137 1624 3188 Deum

335 3243 337 3247 ·
415 3224 440 3271 et
451 3215 565 3281 spiritus
577 3218 672 3270 sancti.
693 3238 706 3265 »
726 3217 737 3252 ⁷
760 3221 814 3272 Bac
833 3221 926 3286 regula
943 3221 999 3274 dis·
1032 3220 1139 3274 creatus
1160 3221 1219 3280 est,
1242 3217 1387 3270 induentes
1412 3233 1419 3268 ε
1443 3217 1624 3285 innocentes,

414 3309 555 3356 creverunt
592 3304 711 3358 concilia
734 3305 805 3358 inter
832 3307 997 3372 Baptismnm
1032 3303 1305 3370 immaculati‚puri‚
1319 3303 1436 3366 innoxii,
1456 3317 1488 3357 ac
1508 3307 1564 3358 Boo
1581 3305 1624 3358 tli-

413 3386 499 3441 ralide
512 3390 546 3444 alr
568 3391 704 3444 haereticis
720 3392 958 3457 administratum,
973 3401 999 3446 et
1032 3390 1092 3442 lecti
1105 3388 1192 3443 effecti
1206 3394 1283 3452 sunt,
1297 3389 1420 3442 haercdes
1433 3389 1545 3455 quidem
1560 3391 1618 3453 Boi,

413 3486 473 3525 eum
486 3474 532 3538 qui
552 3474 645 3528 irritus
666 3476 748 3537 iuret,
760 3477 855 3528 tormae
867 3477 999 3539 deiectu,
1033 3474 1190 3526 cohaeredes
1213 3480 1303 3526 antem
1321 3473 1438 3538 Christi,
1456 3473 1492 3528 ita
1511 3479 1540 3528 ut
1552 3475 1619 3528 nihil

413 3558 514 3612 scilicet
534 3560 637 3613 omissa
658 3561 738 3614 trium
765 3572 942 3627 personarum
960 3560 1000 3612 di·
1032 3571 1146 3634 prorsus
1168 3570 1216 3611 eos
1232 3558 1266 3610 ab
1286 3557 1411 3626 ingressu
1428 3559 1489 3613 coeli
1502 3573 1624 3613 remore-

413 3640 1001 3704 stinctainvoc'atione.⁸vehementertamen
1034 3649 1087 3698 tur.
1107 3647 1213 3698 Manere
1231 3647 1321 3698 autem
1345 3645 1372 3697 in
1391 3645 1533 3712 baptizatis
1555 3655 1621 3698 cou-

441 3914 487 3967 (tla
503 3917 549 3958 The
561 3915 658 3958 outcard
675 3916 767 3957 clement
781 3920 803 3956 to
818 3915 845 3956 be
854 3915 907 3955 need
922 3915 945 3955 in
959 3914 1002 3956 thia
1060 3911 1087 3967 (a)
1098 3913 1163 3954 Cone.
1173 3912 1228 3952 drel.
1242 3922 1290 3952 can.
1304 3911 1349 3952 viii.

415 3984 530 4027 ordinance
545 3987 564 4026 is
579 3991 651 4037 water,
666 3985 759 4028 aherein
777 3986 813 4026 the
831 3991 893 4038 party
909 3985 928 4025 ia
943 3990 965 4025 to
977 3985 1004 4025 be
1063 3982 1092 4035 [tt)
1108 3983 1199 4032 Burnet,
1209 3979 1314 4032 Arralpsia,
1325 3991 1347 4032 p.
1356 3981 1400 4019 aaa.

416 4053 522 4108 Baptized,
534 4057 557 4097 in
575 4057 611 4096 the
620 4067 683 4096 numa
699 4056 725 4096 oi
737 4056 774 4095 the
784 4055 869 4106 Father,
878 4054 920 4094 and
937 4054 961 4094 oi
968 4054 1004 4094 tire
1063 4051 1100 4107 (to)
1115 4052 1164 4092 llaec
1174 4049 1305 4092 sacramenti
1318 4045 1376 4090 notio
1389 4047 1548 4090 Oxoniantihut
1560 4047 1624 4102 plana

417 4124 468 4177 Soa,
477 4127 519 4167 and
534 4126 558 4166 oi
570 4127 606 4166 tlre
615 4125 669 4178 iioly
680 4124 754 4178 Spirit.
764 4139 774 4161 ι
787 4123 869 4177 Baptiat
878 4122 1003 4165 Conieaaion
1037 4122 1131 4163 arridet·
1141 4122 1167 4161 de
1179 4121 1272 4162 Ecclesia
1281 4118 1339 4160 enim
1349 4121 1459 4170 loquentes
1468 4147 1475 4171 ,
1484 4125 1532 4170 quaa
1542 4117 1625 4170 diapen-

416 4194 622 4246 olFaith‚ch.1xx.
1038 4197 1078 4244 ant,
1088 4192 1223 4234 Sacramenta
1234 4189 1356 4239 intelligunt
1371 4203 1376 4239 ς
1392 4201 1402 4226 a
1417 4177 1463 4228 Tha
1476 4187 1550 4228 uotion
1560 4187 1580 4226 ot
1590 4186 1624 4226 the

442 4263 466 4315 (2)
481 4264 534 4304 vide
543 4265 606 4316 Prop.
615 4267 639 4303 ti
657 4263 780 4303 damnatam
788 4261 816 4302 ab
824 4262 942 4303 Alexandro
948 4262 1004 4303 vili.
1038 4261 1120 4302 church
1130 4272 1154 4301 aa
1171 4261 1207 4299 the
1216 4258 1341 4300 atorehouac
1354 4258 1396 4306 and
1412 4257 1480 4297 direct
1497 4257 1586 4297 channel
1604 4253 1626 4294 oi

418 4336 541 4372 annotato.
1039 4343 1109 4383 grace,
1119 4341 1164 4370 aaa
1180 4327 1250 4369 divine
1265 4325 1399 4376 Ordinance,
1424 4352 1430 4365 .
1458 4352 1464 4366 .
1491 4351 1497 4364 .
1525 4352 1531 4365 .
1556 4323 1624 4364 nbiclr

383 4449 387 4457 ,
442 4401 467 4454 (a)
480 4401 532 4442 Vide
545 4400 652 4442 Brouenii·
661 4402 747 4443 dissert.
756 4407 830 4443 eontra
838 4401 918 4444 Oraiin
927 4412 1006 4454 appan·
1039 4409 1129 4451 convers
1139 4401 1207 4437 secret
1216 4394 1312 4444 atrength
1323 4393 1365 4433 and
1374 4391 1409 4433 lile
1419 4397 1440 4432 to
1450 4402 1513 4446 every
1528 4402 1569 4432 one
1579 4391 1625 4432 abo

417 4470 464 4512 dice
477 4471 514 4512 lib.
523 4471 619 4523 deBapt.
1039 4468 1114 4508 ahares
1132 4465 1154 4505 ln
1172 4464 1197 4515 it,
1212 4463 1284 4504 unless
1294 4462 1354 4502 tinere
1370 4461 1396 4502 he
1405 4471 1465 4502 aomo
1474 4459 1546 4506 ,actual
1557 4458 1622 4501 moral

442 4543 471 4593 [tl
480 4543 520 4595 Ep.
529 4542 593 4582 cccxl.
603 4541 630 4582 ad
638 4541 724 4582 ilenric.
733 4541 849 4583 archidiac.
1039 4534 1177 4588 impediment
1187 4533 1209 4573 in
1219 4532 1253 4572 hia
1263 4543 1310 4572 own
1321 4531 1389 4581 mind,
1398 4551 1421 4559 -
1437 4528 1507 4570 thiais
1525 4539 1536 4568 a
1550 4527 1624 4568 doctri·

443 4609 469 4662 (ὅ)
478 4610 540 4662 Apol.
550 4608 564 4648 i.
576 4619 616 4660 pro
623 4608 762 4659 Christiania,
769 4620 791 4649 n.
801 4614 833 4650 ct.
1040 4616 1067 4644 ne
1076 4602 1145 4644 which
1155 4613 1179 4643 aa
1188 4606 1223 4654 yet
1232 4600 1250 4640 ia
1262 4599 1300 4639 but
1310 4598 1384 4649 iaintly
1401 4597 1530 4637 understood
1546 4607 1623 4646 among

444 4679 471 4732 (dt
485 4681 508 4719 t.
518 4677 756 4730 deBaptiarno,c.1iii.
1041 4685 1092 4714 ua«
1106 4671 1183 4714 ortord
1193 4671 1267 4712 Tracta
1276 4670 1330 4720 ‚vol
1348 4667 1371 4707 ii.
1382 4666 1568 4709 advertissement.

453 4749 471 4800 tl
481 4749 504 4790 L.
514 4749 540 4790 de
549 4747 630 4802 Spiritu
643 4754 726 4801 sancto,
734 4759 753 4789 c.
763 4747 800 4788 aii.
