3792 5550
357 508 372 533 ⁰
383 556 431 606 lile
696 556 811 606 TRACT.
830 556 898 606 xlll.
918 560 945 609 P.
967 559 987 610 1.
1007 559 1049 609 llll
1067 556 1290 609 hucnlhlsrtn.

379 696 415 707 ·-
426 670 479 721 alil
490 670 513 721 fl
525 672 596 733 ripn·
606 680 674 730 capa
687 679 721 720 ric
736 672 809 739 alpii,
820 672 859 720 sal
874 681 923 732 stu,
937 673 977 722 asi
1011 671 1122 738 sanguis
1137 672 1295 737 pretiosus,
1313 682 1397 723 verus
1414 668 1482 721 iesu
1503 665 1620 719 Christi*

382 776 474 827 cnlpae
487 766 607 819 sparnac
620 756 976 825 xpacre-huncverocati-
1009 756 1068 807 Filii
1087 757 1143 809 liei.
1169 761 1264 810 Amen.
1300 758 1407 821 Corpus
1435 759 1463 806 et
1488 751 1605 817 sanguis

382 856 441 896 cem
465 844 616 910 pretiosum
640 842 802 909 sanguinem
823 842 929 895 Domini
948 850 976 895 ot
1008 842 1194 895 Emmanuelis
1208 843 1254 895 hei
1264 840 1368 903 nostri,
1379 840 1432 892 hoc
1445 843 1489 890 est
1500 849 1575 890 vere.
1588 855 1601 880 u

383 930 429 982 liei
438 935 466 982 et
477 928 624 983 salvatoris
643 927 804 981 nostrilesu
814 928 913 980 Christi
926 966 931 979 .
946 967 972 980 ..
1010 927 1151 991 Populus:
1165 947 1178 972 ι
1191 930 1286 980 Amen.
1298 925 1396 988 Credo,
1410 923 1506 986 oredo,
1518 921 1605 974 oredo

381 1013 427 1079 qui
439 1025 489 1079 pro
505 1012 600 1067 mundi
622 1012 678 1065 vita
693 1010 797 1065 effusus
819 1018 886 1065 est.
910 1051 916 1064 .
938 1053 944 1065 .
967 1054 974 1066 .
1009 1016 1036 1064 et
1054 1010 1189 1064 confiteor
1210 1024 1299 1077 usque
1321 1010 1355 1062 ad
1378 1008 1506 1060 ultimum
1524 1004 1604 1071 spiri·

381 1096 867 1162 immutans-pnaeain-Spiritu
878 1104 974 1150 saneto
1008 1101 1085 1159 tum,
1103 1097 1177 1161 quod
1196 1097 1255 1149 haec
1267 1098 1326 1161 ipsa
1343 1100 1386 1147 est
1398 1105 1463 1147 caro
1476 1090 1600 1150 vivifica,

379 1189 437 1236 tuo.
452 1184 506 1235 »ln
521 1183 629 1249 Coptica
644 1183 755 1237 invocat
773 1180 902 1247 Spiritum
915 1195 975 1235 snu-
1008 1196 1091 1250 quam
1108 1183 1237 1249 accepisti
1248 1219 1256 1246 ,
1268 1181 1392 1235 Christus
1405 1183 1477 1233 heus
1495 1185 1601 1241 noster,

380 1273 454 1323 otum
468 1276 518 1321 ut:
539 1290 551 1315 α
575 1283 674 1336 panem
699 1268 809 1334 quidem
831 1268 904 1319 huno
926 1268 976 1333 (ter
1008 1283 1041 1322 ex
1065 1276 1158 1322 sancta
1186 1268 1300 1321 llomioa
1330 1272 1443 1327 noslra,
1464 1264 1601 1331 helpone,

378 1366 473 1417 panem
495 1366 573 1407 cruce
603 1353 732 1422 sipaatrit)
760 1353 841 1405 iaciat
870 1366 975 1419 corpus
1008 1368 1117 1421 semper
1137 1354 1246 1420 Virgine
1265 1353 1347 1405 llaria
1384 1390 1391 1403 .
1427 1390 1435 1403 .
1473 1390 1479 1403 .
1515 1348 1602 1436 tradi·

380 1440 715 1505 sanctumipsiusllomini
729 1438 813 1491 lleiet
826 1439 974 1491 salvatoris
1007 1442 1103 1507 diique
1124 1453 1174 1506 pro
1186 1440 1268 1492 nohis
1285 1438 1413 1491 omnihus
1430 1437 1520 1502 ipsam
1541 1447 1601 1488 car·

380 1524 466 1575 nostri
486 1526 551 1576 iesu
565 1525 680 1587 Christi,
698 1523 772 1589 quod
792 1524 913 1575 daturin
930 1536 975 1575 re·
1010 1541 1073 1579 nem
1086 1540 1170 1592 super
1183 1525 1286 1592 lignum
1300 1524 1390 1578 crucis
1402 1528 1517 1577 sanctae.
1536 1538 1548 1567 ι

379 1608 539 1661 missionem
560 1615 736 1675 peccatorum
757 1614 783 1661 et
798 1608 881 1661 vitam
894 1613 973 1661 aeter·
1040 1614 1099 1664 elli.
1119 1612 1238 1677 liturgia
1263 1612 1288 1661 s.
1304 1607 1493 1676 Chrysostomi
1515 1605 1614 1659 Graeci-

379 1704 442 1744 nam
460 1692 485 1745 ei
504 1698 550 1758 qut
572 1694 638 1746 illud
650 1693 790 1760 percipiet.
806 1712 818 1738 »
834 1694 973 1758 Populus:
1007 1704 1123 1751 utuntur
1145 1698 1326 1762 plerumque,
1350 1698 1446 1760 utpote
1470 1691 1600 1745 breviori.

379 1781 474 1828 nmen.
498 1776 626 1830 Sacerdos
645 1782 686 1831 ter
704 1790 784 1830 cruce
804 1778 916 1831 calicem
935 1778 974 1831 si·
1007 1782 1098 1835 Basilii
1122 1782 1268 1848 liturgiam
1295 1778 1444 1833 hominiois
1468 1789 1519 1842 per
1544 1786 1601 1827 rna·

379 1860 473 1927 auehit
482 1867 508 1915 et
517 1864 586 1916 dicet
597 1879 606 1915 :
618 1882 634 1911 κ
646 1866 678 1916 Et
690 1865 763 1916 hunc
781 1863 893 1916 calicem
909 1876 974 1915 san·
1007 1882 1088 1935 gnam
1109 1865 1364 1933 Quadragesimam,
1383 1862 1508 1915 pascuali
1529 1865 1600 1912 tern-

381 1946 492 2012 guinem
504 1947 654 2013 pretiosum
664 1948 731 2001 Novi
743 1946 911 2001 Testamenti
921 1948 972 2011 tui,
1006 1965 1088 2018 pore,
1108 1957 1135 2003 et
1156 1949 1296 2004 nonnullis
1314 1949 1375 2001 aliis
1398 1947 1498 2001 diebus
1520 1944 1599 1997 adhi-

381 2033 458 2093 (tunc
477 2044 574 2097 carptas
594 2038 620 2085 et
640 2033 803 2098 sanquinem
822 2032 973 2097 pretiosam
1006 2038 1120 2100 hentes,
1145 2041 1227 2101 prout
1248 2038 1365 2087 testatus
1384 2038 1428 2084 est
1449 2026 1600 2083 Hieremias

380 2116 537 2182 desiccabit)
556 2116 642 2182 ipsius
659 2116 766 2169 homini
784 2116 828 2167 uei
842 2120 869 2168 et
880 2116 973 2168 Salva·
1005 2121 1158 2174 patriarcha
1180 2116 1502 2183 constantinopolitanus
1526 2126 1603 2167 auno

381 2200 448 2252 toris
463 2201 549 2253 nostri
562 2201 626 2253 iesu
645 2200 760 2263 Christi,
783 2200 829 2265 qui
844 2200 924 2252 datur
943 2199 972 2252 in
1007 2209 1072 2259 tolo
1080 2205 1241 2258 acatholicis
1250 2203 1402 2256 Germaniae
1413 2198 1596 2265 respondens.

380 2284 571 2337 remissionom
597 2290 774 2351 peccatorum
793 2323 801 2349 ,
835 2292 861 2337 et
888 2285 971 2337 vitam
1006 2293 1035 2341 ln
1049 2303 1080 2343 ea
1092 2290 1222 2343 sacerdos
1233 2301 1315 2341 cruce
1328 2294 1370 2339 ter
1380 2286 1471 2351 signat
1487 2288 1599 2345 sancta,

381 2375 510 2421 mihinam
533 2368 586 2421 illis
613 2369 660 2434 qui
679 2370 755 2422 illum
782 2369 967 2435 percipient.»
1005 2382 1036 2427 et
1053 2374 1119 2427 dicit
1136 2380 1262 2427 secreto:
1278 2392 1290 2418 a
1308 2374 1361 2424 Fac
1372 2369 1485 2435 quidem
1498 2380 1598 2433 panem

379 2455 572 2507 Alexandrina
588 2454 709 2508 continet
729 2453 971 2508 eliamillvocaiio·
1005 2460 1097 2521 hunc,
1122 2460 1272 2524 pretiosum
1287 2468 1388 2521 corpus
1401 2452 1502 2506 Christi
1516 2453 1566 2506 tui,
1583 2471 1597 2497 a

381 2553 444 2592 nem
458 2540 592 2605 similem,
605 2541 701 2593 iisdem
713 2540 770 2593 lere
780 2539 887 2602 vernis,
900 2539 971 2592 adeo
1003 2546 1151 2597 Diaconos.
1169 2546 1263 2596 nmen.
1279 2542 1313 2595 lit
1331 2542 1433 2594 iterem
1446 2539 1597 2591 diaconas:

381 2632 411 2677 ut
423 2638 454 2677 en
467 2631 590 2691 repetere
608 2638 851 2691 supervacaneum.
1008 2648 1019 2677 ι
1038 2628 1171 2691 Benedic,
1185 2627 1314 2689 Domine,
1329 2629 1454 2677 sanetum
1473 2623 1596 2676 calicem.

413 2712 472 2763 309.
498 2714 626 2765 Precalur
645 2712 776 2779 deinceps
798 2726 804 2762 :
831 2732 843 2756 a
865 2712 915 2765 Fae
940 2717 972 2764 ut
1003 2710 1460 2774 socerdosautemhenedicens,ait
1474 2726 1506 2761 :o
1520 2708 1601 2772 Quod

381 2809 462 2849 nemo
486 2804 610 2850 nostrum
636 2799 669 2851 ad
691 2797 824 2864 iudicium
846 2798 888 2850 vel
908 2810 972 2850 oon·
1004 2804 1148 2852 autemest
1161 2799 1188 2850 in
1200 2797 1357 2855 hoccalice,
1368 2796 1522 2862 pretiosum
1534 2808 1599 2847 san·

381 2880 585 2934 defunctionem
604 2881 640 2934 sit
654 2882 788 2947 particeps
810 2880 897 2934 sancti
909 2893 969 2933 cor·
1003 2883 1113 2951 guinem
1130 2883 1228 2935 Christi
1245 2882 1294 2934 tui.
1308 2899 1324 2929 »
1335 2881 1486 2933 munitas.
1499 2883 1594 2931 Amen.

383 2963 456 3026 poris
469 2971 497 3018 ei
518 2966 661 3032 sanguinis
677 2965 775 3017 Christi
789 2963 837 3016 tui.
857 2982 873 3011 >t
885 2964 923 3016 lte
941 2965 970 3017 in
1002 2969 1038 3022 lit
1066 2981 1163 3020 rursus
1186 2967 1327 3019 Diaconos
1358 2969 1476 3029 atraque
1501 2968 1597 3016 sancta

381 3048 474 3099 usuali
485 3049 610 3102 habetur.
621 3048 666 3101 Ad
678 3049 896 3102 communionem
909 3056 970 3102 orat
1002 3055 1070 3106 stota
1081 3052 1283 3110 demonstraus,
1296 3051 1334 3102 ait
1347 3065 1353 3100 :
1369 3067 1384 3097 κ
1397 3049 1532 3112 Benedic,
1545 3049 1600 3101 llo·

381 3133 519 3185 Christum
544 3149 550 3184 :
573 3151 589 3181 «
615 3133 662 3198 qui
691 3146 772 3198 supra
794 3147 855 3186 cum
890 3136 969 3187 Patre
1002 3138 1085 3190 mine.
1112 3141 1182 3188 »At
1209 3136 1334 3188 sacerdos
1359 3137 1477 3197 atraque
1501 3137 1596 3184 sancta

380 3218 479 3282 sedes,
503 3223 533 3272 et
552 3219 595 3272 hio
626 3218 767 3273 nobiscum
797 3217 969 3272 invisibiliter
1003 3223 1370 3277 manuhenedicensaitta
1390 3224 1595 3273 immutans-
1697 3256 1698 3259 η

378 3303 516 3368 versaris,
541 3303 655 3370 dignare
680 3304 784 3370 potenti
813 3311 859 3358 tua
885 3318 968 3358 manu
1001 3316 1143 3364 thssaw
1157 3337 1187 3348 -
1204 3310 1305 3375 spiritu
1320 3315 1367 3361 tuo
1381 3314 1488 3360 sancto.
1502 3324 1514 3354 a
1529 3306 1597 3358 Dia·

380 3389 511 3453 impertiri
522 3391 605 3444 nohis
617 3391 751 3444 illibatum
766 3404 866 3456 corpus
877 3397 965 3453 tuum,
1000 3409 1084 3449 conas
1106 3399 1207 3458 limen,
1219 3399 1319 3456 nmen,
1333 3397 1428 3445 nmen.
1440 3410 1456 3440 s
1464 3394 1509 3446 Aa
1521 3392 1597 3447 Com·

379 3481 406 3522 ot
427 3475 578 3536 pretiosum
601 3476 777 3541 sanguinem,
794 3482 821 3528 ot
841 3490 890 3540 per
915 3489 967 3528 nos
1001 3479 1179 3541 munionem,
1207 3479 1331 3531 sacerdos
1353 3483 1445 3529 terrem
1468 3483 1594 3530 sanctum

378 3554 427 3605 toti
442 3558 555 3621 populo.
575 3577 587 3601 ι»
603 3559 633 3607 ln
648 3558 756 3620 Coptica
778 3564 841 3620 post
860 3559 968 3612 tractio·
999 3575 1098 3626 panem
1116 3563 1232 3629 pompat
1243 3562 1381 3624 diacono:
1395 3567 1421 3613 et
1432 3564 1595 3614 exosculans

380 3649 441 3687 nem
457 3639 571 3700 hostiae,
584 3645 640 3690 tres
657 3639 730 3690 illius
742 3644 834 3704 partes
849 3640 968 3694 dexterae
1000 3647 1128 3700 diaconas
1140 3649 1321 3716 pompenlem
1332 3647 1386 3700 sihi
1403 3661 1531 3711 manum,
1549 3661 1598 3700 ac=

378 3721 471 3770 manui
485 3721 599 3786 imponit
617 3726 645 3772 et
661 3721 746 3773 dicit:
760 3741 772 3768 a
786 3722 889 3787 Corpus
901 3738 967 3778 san·
1000 3729 1065 3793 cipit
1076 3736 1201 3784 sanctum
1218 3745 1327 3797 panem,
1337 3733 1449 3785 dicem:
1466 3754 1479 3778 ιι
1494 3735 1601 3798 imper*

378 3809 452 3854 ctam
483 3810 509 3857 ct
535 3805 648 3870 sanquis
674 3807 827 3870 pretiosas,
854 3822 961 3873 paras,
1000 3813 1051 3864 tire
1070 3815 1462 3882 mihi,l)omine‚pretiosum
1482 3826 1511 3870 et
1534 3803 1594 3869 san·

380 3900 476 3952 verns,
497 3889 562 3942 Iesu
594 3889 696 3943 Christi
714 3892 780 3944 Filii
801 3892 853 3946 Dei
869 3897 964 3948 nostri.
999 3902 1073 3949 otum
1092 3911 1192 3964 corpus
1217 3899 1322 3952 homini
1340 3906 1368 3953 et
1391 3902 1438 3954 liei
1456 3910 1485 3955 et
1503 3904 1595 3955 Salva·

377 3977 471 4024 Amen.
488 3973 590 4039 Corpus
605 3979 631 4026 ei
647 3977 760 4041 senonis
775 3979 965 4034 Etnmcnactis
999 3980 1066 4033 toris
1089 3987 1176 4035 nostri
1206 3985 1270 4035 tesu
1291 3985 1400 4038 Christi.
1426 4005 1442 4034 s
1465 3987 1599 4040 sacerdos

377 4054 430 4106 Dei
454 4061 558 4119 nostri,
589 4055 638 4109 hoc
657 4063 696 4110 cst
725 4060 754 4112 in
780 4063 819 4115 rei
845 4065 964 4118 veritate.
999 4066 1166 4118 autemdicit
1180 4069 1370 4133 :simpertior
1381 4071 1430 4123 tihi
1441 4073 1594 4137 pretiosum

378 4145 472 4190 nmen.
494 4138 596 4203 Credo,
615 4141 697 4194 credo
711 4179 718 4203 ,
733 4145 816 4198 credo
833 4153 861 4198 et
881 4148 967 4199 conii-
1001 4153 1163 4200 etsanctum
1176 4156 1203 4202 et
1216 4151 1351 4204 illibatum
1371 4167 1474 4221 corpus
1488 4156 1599 4210 homini.

379 4230 439 4274 teor
450 4237 537 4288 usque
551 4224 585 4276 ad
604 4229 753 4278 extremum
765 4229 827 4282 vitae
840 4230 966 4295 spiritum
1001 4238 1028 4284 et
1045 4233 1093 4284 liei
1105 4239 1132 4284 et
1149 4234 1296 4288 salvatoris
1309 4238 1395 4290 nostri
1410 4242 1477 4293 lesu
1487 4241 1600 4302 Christi,

381 4307 433 4356 hoc
446 4319 509 4359 esse
525 4321 625 4372 corpus
643 4309 777 4364 vivificum
790 4314 847 4365 Filii
862 4315 909 4368 tui.
931 4354 937 4368 .
960 4357 966 4369 .
1001 4316 1028 4367 in
1051 4317 1241 4370 remissionem
1260 4328 1456 4386 peccatorum,
1471 4326 1499 4377 in
1513 4326 1600 4380 vitam

380 4390 444 4438 lesu
464 4390 570 4442 Christi.
592 4410 604 4436 a
627 4393 657 4442 lu
671 4395 859 4451 Atecandrtna
871 4401 967 4453 Sacer·
1001 4408 1140 4453 aeteruam.
1160 4420 1172 4449 ι
1205 4403 1240 4455 dt
1259 4405 1358 4458 secedit
1380 4417 1453 4461 retro
1473 4415 1600 4464 sanctam

380 4472 432 4523 dos
458 4473 567 4526 elevans
591 4480 710 4529 zmirna
736 4482 799 4534 nit:
823 4502 834 4528 a
868 4486 966 4538 Sancta
1000 4487 1379 4554 mencomimttnanscaput,
1392 4497 1491 4547 etcrat
1504 4498 1598 4549 eodem

380 4553 488 4607 sanctis
531 4593 538 4608 .
576 4557 590 4608 .’
620 4599 626 4612 .
663 4598 670 4613 .
715 4568 818 4633 Corpus
842 4573 966 4620 sanctum
999 4570 1078 4622 modo
1099 4583 1152 4634 quo
1181 4572 1314 4624 sacerdos.
1335 4574 1475 4631 Similiter
1503 4585 1598 4633 auem

378 4644 410 4689 et
427 4641 538 4706 sanguis
556 4645 709 4713 pretiosus,
721 4664 803 4704 verus
813 4653 878 4704 lesu
890 4653 968 4705 Chri·
998 4656 1121 4708 sacerdos
1132 4657 1230 4722 accipit
1243 4664 1371 4713 eoactum
1386 4666 1597 4729 panormiae&-

383 4721 418 4772 sti
431 4722 488 4778 Filii
502 4726 547 4780 liei
570 4729 661 4782 lmen.
676 4735 781 4800 Corpus
796 4741 919 4789 sunctum
939 4743 967 4790 et
999 4753 1068 4793 nans
1083 4746 1166 4806 capot
1187 4747 1250 4796 cate
1273 4749 1399 4800 conamen
1418 4761 1548 4805 mensam
1569 4753 1598 4802 ct
