3792 5550
329 513 333 525 '
351 538 403 590 atr
660 534 775 587 amer.
793 533 869 586 xvu.
888 534 932 588 ns
953 531 1068 585 sconis
1086 531 1266 585 ouoiurous.

352 654 393 708 rei
420 654 521 707 indicia
552 652 733 707 ordinationis
759 654 828 705 ritus
855 650 946 705 adbuc
979 647 1135 715 cipiantur,
1160 648 1254 701 relicta
1272 648 1398 701 libertate
1409 649 1572 703 coelibatum

351 740 466 807 praebet.
480 742 552 806 Ergo
564 738 638 791 omni
655 750 770 803 prorsus
786 740 848 804 jure
866 737 945 805 spiri·
978 736 1124 800 seruandi,
1138 742 1166 789 et
1181 750 1266 790 onera
1277 737 1370 789 omnia
1381 737 1494 789 ordinis
1511 739 1574 790 sub

352 826 419 879 tuali
437 830 548 889 carent,
561 824 662 890 quippe
673 824 719 889 qui
733 824 945 891 baudaspiritu
979 822 1086 886 eundi,
1103 819 1157 875 olsi
1177 827 1241 887 post
1262 822 1514 875 sextumdecimum
1535 837 1572 877 ae-

353 916 449 964 sancto
472 910 506 963 ad
527 908 675 975 regendam
700 910 848 962 Ecclesiam
862 910 945 976 positi
979 908 1043 961 tatis
1063 921 1166 960 annum
1187 906 1389 959 ordinationem
1413 920 1495 960 suam
1521 908 1572 975 ipsi

352 1001 435 1059 sunt,
457 996 505 1047 sed
526 1008 540 1046 a
562 999 698 1060 potestate
719 995 791 1049 civili
815 994 843 1047 in
864 996 944 1049 sedes
978 998 1066 1045 ratam
1082 992 1238 1045 habuerint.

355 1081 526 1148 episcopales
536 1081 642 1134 intrusi.
656 1084 713 1135 lloc
729 1082 796 1135 uitio
808 1083 943 1147 laborant,
1012 1080 1070 1131 ¹63.
1091 1078 1273 1145 Temporibus
1290 1092 1306 1131 a
1321 1080 1384 1146 juro
1396 1080 1509 1133 statutis
1526 1082 1572 1133 or·

352 1168 422 1221 adeo
440 1173 470 1219 ut
478 1168 663 1231 oxonienses,
675 1169 860 1222 successionis
877 1177 946 1244 Apo·
978 1163 1058 1217 dines
1087 1164 1159 1217 sacri
1185 1163 1344 1218 conferendi
1362 1171 1449 1229 sunt,
1472 1179 1573 1233 nempe

352 1252 457 1306 stolium
478 1256 539 1321 jura
569 1254 766 1320 praedicantes,
792 1257 865 1309 baud
887 1270 944 1310 sum
978 1255 1099 1315 oomuor
1113 1250 1297 1316 temporibus,
1319 1251 1441 1305 sabbato
1460 1262 1570 1315 sancto,

352 1345 452 1403 sectae,
478 1342 527 1393 sed
552 1342 680 1395 Ecclesiae
699 1343 845 1397 catholicae
863 1349 945 1410 agant
977 1342 1006 1391 et
1024 1336 1143 1390 sabbato
1159 1337 1195 1390 de
1215 1337 1356 1390 Passione.
1368 1337 1379 1371 ⁸
1390 1340 1515 1392 Minores
1528 1352 1571 1394 or-

351 1426 502 1479 eausam,¹
977 1422 1057 1475 dines
1075 1422 1157 1475 etiam
1176 1422 1326 1476 Dominicis
1341 1427 1370 1476 et
1381 1424 1462 1477 iestis
1474 1426 1570 1480 diebus

978 1508 1166 1562 conteruntur.
1175 1508 1345 1569 interstitio,
1358 1509 1506 1563 intervalia
1523 1512 1571 1565 soi·

574 1600 679 1652 CAPUT
696 1600 727 1650 li.
981 1593 1046 1647 lieet
1056 1592 1570 1659 temporis,iuterordinesintercedere

977 1678 1095 1743 debent,
1106 1680 1183 1741 juxta
1200 1678 1391 1731 'tridentinum
1406 1680 1568 1735 decretum:

546 1786 580 1823 mg
596 1786 751 1825 mmmmm,
977 1782 994 1812 t<
1011 1763 1130 1817 ΜῘΙΙΟΓΘΒ
1147 1764 1264 1818 Ordines
1281 1779 1317 1817 its
1334 1766 1382 1831 qui
1401 1768 1503 1821 sallem
1522 1771 1571 1821 ῙιἏ·

976 1849 1062 1901 tinam
1083 1849 1205 1916 linguam
1222 1850 1389 1917 intelligant,
1404 1867 1456 1917 per
1466 1860 1569 1921 tempo

387 1944 445 1995 iol.
463 1942 502 1995 ad
522 1943 673 2009 legitimam
696 1942 829 1995 ordinum
851 1956 944 1996 susee-
976 1950 1039 1989 rum
1069 1936 1228 2002 interstitia,
1256 1939 1309 1991 nisi
1336 1940 1571 2010 aliud·Episcopo

352 2027 475 2093 plionem
487 2033 574 2081 status
587 2028 681 2095 gratiae
692 2028 847 2093 requiritur,
859 2042 943 2093 quum
977 2020 1105 2086 expedire
1118 2022 1205 2089 mogis
1216 2022 1370 2087 rideretur,
1384 2027 1569 2083 conterantur.

355 2112 471 2178 spiritus
495 2118 606 2173 sumtus
629 2113 656 2164 in
684 2114 802 2165 animam
823 2114 944 2179 peccatis
978 2145 986 2158 ·
1023 2146 1030 2159 ·
1067 2147 1074 2160 ·
1109 2108 1140 2160 Hi
1153 2122 1219 2162 vero
1232 2110 1344 2163 nonnisi
1356 2120 1422 2177 post
1436 2126 1571 2168 anuuma

353 2197 512 2249 adstrictam
544 2210 600 2249 nou
640 2199 733 2250 intret.
769 2199 943 2253 confirmatio
977 2193 1153 2259 susceptione
1168 2196 1299 2260 postremi
1311 2196 1414 2262 gradus
1429 2200 1571 2252 minorum

357 2283 439 2335 etiarn
457 2288 484 2334 et
504 2282 591 2347 prima
611 2288 725 2334 tonsura
746 2289 808 2335 anto
828 2283 943 2337 ordines
982 2280 1113 2333 ordinum
1121 2281 1156 2333 ad
1167 2282 1571 2349 sacrosordinespromovean·

352 2367 536 2433 suscipiendae
552 2367 651 2421 sunt.¹
667 2370 704 2421 Ne
725 2382 787 2421 cum
810 2369 943 2423 clericalis
977 2373 1040 2430 tur,
1052 2366 1107 2419 nisi
1125 2367 1277 2421 necessitas
1289 2373 1337 2421 aut
1353 2371 1488 2425 Ecclesiae
1499 2373 1569 2426 utili·

353 2458 441 2507 status
455 2452 590 2507 dedecore
602 2453 693 2507 clerici
702 2453 794 2519 inopia
806 2454 942 2521 laborent,
977 2459 1018 2507 tas
1029 2453 1150 2519 ,judicio
1170 2454 1316 2521 Episcopi,
1338 2450 1415 2508 albrd
1428 2465 1566 2524 exposcat.

351 2553 479 2607 conprooe
490 2542 696 2594 sustentationis
709 2542 806 2595 titulus
819 2554 945 2595 necessa·
977 2576 986 2592 .
1022 2575 1029 2590 ·
1066 2577 1073 2590 ·
1109 2538 1231 2591 Promoti
1249 2539 1405 2593 adsacrum
1422 2544 1569 2599 subdiaco-

353 2628 412 2680 rius
424 2633 482 2690 est,
500 2628 662 2681 beneficium
686 2628 791 2681 seilicet
813 2629 943 2681 ecelesia·
977 2630 1059 2677 natus
1071 2624 1216 2690 ordinem,
1235 2626 1259 2679 si
1278 2640 1453 2693 perannum
1475 2634 1568 2685 saltem

353 2713 559 2777 stieun1,eujus
573 2714 727 2767 redditibus
748 2714 943 2778 fruantur,vel
977 2711 1006 2763 in
1026 2724 1060 2764 eo
1087 2724 1143 2765 non
1165 2712 1221 2765 siut
1245 2713 1364 2779 versati,
1384 2715 1421 2767 ad
1446 2717 1568 2770 altiorem

352 2800 565 2866 patrimonium,
587 2801 630 2852 vel
654 2802 751 2866 pensio
773 2800 891 2853 annual
912 2803 943 2853 in
977 2797 1175 2864 gradum,oisi
1193 2799 1268 2851 aliud
1281 2800 1418 2866 Episcopo
1430 2803 1567 2866 videatur,

316 2913 318 2918 ·
352 2883 395 2936 his
417 2889 507 2936 lamen
523 2885 672 2950 provinciis
690 2886 784 2938 titulus
803 2887 943 2939 Muttonis
977 2883 1128 2936 ascendere
1148 2886 1410 2950 nonpermittantur
1429 2927 1437 2940 .
1459 2927 1467 2940 .
1487 2927 1495 2940 .
1514 2927 1522 2941 .
1539 2889 1568 2940 lu

353 2961 519 3034 admittitur,
532 2971 667 3036 probante
688 2974 758 3026 seue
769 2973 940 3040 apostoliea,
976 2966 1122 3020 diaconatu
1134 2969 1169 3021 ad
1186 2969 1279 3022 minus
1292 2984 1395 3023 annum
1412 2973 1566 3042 integrum,

352 3069 414 3123 quae
430 3061 520 3109 tamen
534 3055 616 3124 exigit
634 3063 664 3110 ut
681 3071 715 3110 eo
733 3059 811 3112 titulo
824 3059 943 3112 ordinati
976 3051 1029 3106 nisi
1056 3053 1093 3106 ob
1113 3054 1241 3108 Ecclesiae
1261 3055 1407 3109 utilitatem
1426 3072 1461 3112 ac
1477 3074 1567 3114 neces

350 3143 506 3210 juramento
536 3157 567 3196 se
598 3144 771 3210 adstringant
798 3145 832 3198 ad
857 3145 942 3200 saeris
977 3139 1086 3192 sitalem
1103 3140 1177 3193 aliud
1196 3141 1331 3209 Episcopo
1347 3144 1567 3212 videretur,mi·

351 3229 530 3282 missionibus
549 3237 682 3296 perpetuo
700 3232 903 3286 inserviendum
914 3233 943 3286 in
976 3225 1169 3290 moraverint,
1182 3226 1221 3273 ⁹⁶
1243 3228 1278 3280 od
1304 3230 1494 3285 sooerdoiium
1513 3247 1566 3288 nou

352 3315 465 3368 utoeeest
488 3317 516 3368 in
538 3330 591 3382 qua
612 3318 731 3370 ordinati
754 3324 828 3372 sunt.
853 3321 944 3385 negu—
975 3316 1181 3378 promoventur.
1219 3313 1269 3377 oui
1310 3315 1408 3368 ordine
1446 3318 1566 3372 inferiori

350 3401 422 3454 lares
434 3401 513 3454 titulo
524 3404 692 3467 paupertatis
710 3404 880 3458 ordinantur.
975 3398 1081 3451 omisso
1091 3397 1258 3452 adolii⁰l01¹1
1267 3400 1567 3466 olehilubt’eroollom

384 3489 697 3555 tot.AEtaslegitimaad
713 3489 941 3544 subdiaconatum
978 3484 1122 3537 ordinatus
1139 3483 1256 3545 dicitur,
1280 3490 1308 3538 et
1331 3488 1512 3552 suspenditur
1534 3489 1565 3542 ab

350 3571 558 3636 suscipiendum
572 3577 614 3624 est
629 3587 717 3625 annus
733 3574 882 3640 vigesimus
894 3589 942 3628 se·
982 3570 1110 3623 ordinum
1129 3569 1274 3635 exercitio,
1298 3571 1389 3626 dobeo
1412 3576 1565 3642 Episcopus

350 3655 459 3710 cundus
487 3655 631 3708 inchoatus
655 3653 842 3711 :diaconatus
869 3669 941 3714 anno
977 3654 1151 3721 dispenset-⁷

351 3739 484 3807 vigesimo
495 3740 575 3792 tertio
586 3741 716 3794 inchoato
725 3743 826 3809 suscipi
835 3751 940 3810 polest:
1008 3743 1068 3794 iol.
1081 3741 1266 3810 irrepuurres,
1281 3757 1331 3797 seu
1344 3743 1427 3798 alieni
1446 3759 1461 3798 a
1474 3749 1563 3814 regula

351 3826 556 3894 presbyteratus
579 3827 800 3894 annovigesimo
824 3829 939 3895 quinto:
976 3827 1015 3880 ilii
1046 3827 1182 3882 habentor
1208 3841 1279 3894 quos
1307 3829 1352 3882 lex
1381 3832 1564 3886 ecclesiastica

349 3915 525 3979 episcopatus
542 3926 614 3966 anno
626 3914 766 3981 trigesimo
776 3916 941 3982 completo*
977 3918 1052 3968 vetat
1061 3913 1096 3966 ad
1105 3912 1221 3967 ordines
1230 3917 1442 3980 promoveri,ch
1454 3919 1564 3972 ordines

349 3998 428 4064 apud
455 4000 575 4065 cophtos
603 3999 835 4068 Nestorianosque
859 4003 942 4069 syros
975 4001 1032 4067 jam
1056 4007 1200 4066 susceptos
1217 4014 1355 4055 exercere.
1378 4003 1502 4058 Crimine
1523 4003 1564 4059 vei

351 4085 468 4142 inientes
481 4087 658 4148 ordinantem
672 4098 742 4152 quos
761 4087 784 4140 si
803 4089 837 4140 ad
850 4089 942 4142 Eccie-
976 4085 1081 4151 detecto
1104 4085 1269 4152 irregulares
1287 4088 1365 4140 fiunt.
1390 4090 1510 4144 infames
1529 4091 1563 4145 ob

348 4169 420 4223 siam
434 4171 601 4224 catholicam
611 4171 757 4238 eontigerit
768 4173 872 4240 venire,
880 4187 943 4229 sus·
978 4166 1094 4225 crimina
1112 4171 1289 4238 ,declarantur
1308 4173 1355 4240 qui
1378 4174 1499 4230 scienter
1517 4178 1563 4229 Ba·

375 4411 404 4465 (l')
414 4412 466 4454 Vide
481 4425 537 4466 opus
550 4415 624 4455 fratris
641 4415 684 4455 mei
692 4414 788 4468 archiep.
798 4415 820 4458 S.
829 4415 941 4470 Ludorioi,
971 4417 999 4458 do
1008 4416 1069 4458 elect.
1077 4421 1099 4457 et
1107 4416 1223 4458 constitut
1230 4416 1330 4470 Gregorii
1338 4417 1462 4460 plumeas
1476 4420 1565 4472 Aposto-

351 4482 502 4534 Philadelphi·
512 4495 548 4524 an.
562 4487 638 4524 lotor
650 4485 696 4526 Tho
704 4485 784 4539 valitdy
793 4485 895 4538 inplicari
904 4499 938 4528 or·
970 4486 1029 4530 lt'ooe·

351 4551 463 4592 dirutione
471 4552 589 4593 erumined.
599 4565 609 4591 a
996 4554 1024 4606 (ol
1033 4553 1129 4606 capili.
1141 4553 1169 4594 de
1180 4558 1247 4608 κιρ.
1257 4555 1352 4597 ordinat.

372 4621 400 4672 (ἱ)
414 4619 472 4661 Trid.
486 4621 551 4662 Cone.
565 4621 624 4663 Sese.
632 4622 703 4664 xxxiii.
713 4635 761 4677 esp.
770 4624 798 4665 iv.
807 4624 834 4666 do
842 4625 888 4668 lter.
996 4621 1326 4672 (olSm-uiruo·¹i·1ii·xiii·
1338 4625 1381 4668 riv·
1393 4626 1421 4667 dc
1429 4627 1477 4668 uei.

372 4688 401 4740 (o)
414 4687 495 4729 lbldem
511 4690 567 4730 Sese.
582 4691 623 4732 ui.
632 4703 680 4744 cap.
689 4691 712 4732 ii.
721 4693 748 4732 de
756 4693 803 4734 llos.
995 4691 1024 4741 (tl
1040 4692 1096 4744 usp.
1110 4691 1161 4732 Tam
1174 4691 1273 4746 littero,
1285 4694 1312 4734 dc
1326 4693 1405 4735 elerico
1422 4706 1463 4748 per
1474 4695 1556 4736 saltum

375 4757 403 4811 (t)
413 4756 493 4798 ibidem
502 4758 559 4800 Sese.
568 4759 626 4801 xxiii.
636 4771 683 4813 cap.
693 4759 728 4802 xii.
739 4761 766 4802 de
774 4761 822 4804 liei.
832 4762 884 4815 Cap.
896 4760 934 4805 vll.
966 4760 1073 4804 ordinato.
