<?xml version="1.0" encoding="UTF-8"?>
<!DOCTYPE html PUBLIC "-//W3C//DTD XHTML 1.0 Transitional//EN"
    "http://www.w3.org/TR/xhtml1/DTD/xhtml1-transitional.dtd">
<html xmlns="http://www.w3.org/1999/xhtml" xml:lang="en" lang="en">
 <head>
  <title>
</title>
<meta http-equiv="Content-Type" content="text/html;charset=utf-8" />
  <meta name='ocr-system' content='tesseract 3.04.00' />
  <meta name='ocr-capabilities' content='ocr_page ocr_carea ocr_par ocr_line ocrx_word'/>
</head>
<body>
  <div class='ocr_page' id='page_1' title='image "./theologiadogmat02kenrgoog_0032.png"; bbox 0 0 3792 5550; ppageno 0'>
   <div class='ocr_carea' id='block_1_1' title="bbox 359 568 1169 631">
    <p class='ocr_par' dir='ltr' id='par_1_1' title="bbox 359 568 1169 631">
     <span class='ocr_line' id='line_1_1' title="bbox 359 568 1169 631; baseline -0.007 -7"><span class='ocrx_word' id='word_1_1' title='bbox 359 574 389 625; x_wconf 83' lang='lat' dir='ltr'>to</span> <span class='ocrx_word' id='word_1_2' title='bbox 703 626 706 631; x_wconf 53' lang='grc'><strong>,</strong></span> <span class='ocrx_word' id='word_1_3' title='bbox 746 568 860 620; x_wconf 77' lang='lat' dir='ltr'>tutet.</span> <span class='ocrx_word' id='word_1_4' title='bbox 880 569 922 619; x_wconf 85' lang='lat' dir='ltr'>xl.</span> <span class='ocrx_word' id='word_1_5' title='bbox 941 568 982 619; x_wconf 74' lang='lat' dir='ltr'>ult</span> <span class='ocrx_word' id='word_1_6' title='bbox 1000 568 1169 621; x_wconf 79' lang='lat' dir='ltr'>eueulsllo.</span> 
     </span>
    </p>
   </div>
   <div class='ocr_carea' id='block_1_2' title="bbox 290 682 1610 2370">
    <p class='ocr_par' dir='ltr' id='par_1_2' title="bbox 356 682 1610 1007">
     <span class='ocr_line' id='line_1_2' title="bbox 357 682 1610 751; baseline -0.002 -14"><span class='ocrx_word' id='word_1_7' title='bbox 357 685 457 751; x_wconf 66' lang='lat' dir='ltr'>liquem</span> <span class='ocrx_word' id='word_1_8' title='bbox 475 697 559 750; x_wconf 86' lang='lat' dir='ltr'>quum</span> <span class='ocrx_word' id='word_1_9' title='bbox 577 684 767 750; x_wconf 77' lang='lat' dir='ltr'><strong>argumentum</strong></span> <span class='ocrx_word' id='word_1_10' title='bbox 785 695 818 735; x_wconf 85' lang='lat' dir='ltr'>ex</span> <span class='ocrx_word' id='word_1_11' title='bbox 831 684 944 737; x_wconf 89' lang='lat' dir='ltr'>nomine</span> <span class='ocrx_word' id='word_1_12' title='bbox 977 684 1065 737; x_wconf 87' lang='lat' dir='ltr'>lacere</span> <span class='ocrx_word' id='word_1_13' title='bbox 1077 682 1240 738; x_wconf 89' lang='lat' dir='ltr'>servientem</span> <span class='ocrx_word' id='word_1_14' title='bbox 1250 719 1257 745; x_wconf 86' lang='lat'>‚</span> <span class='ocrx_word' id='word_1_15' title='bbox 1269 682 1443 737; x_wconf 84' lang='lat' dir='ltr'>solummodo</span> <span class='ocrx_word' id='word_1_16' title='bbox 1455 682 1482 736; x_wconf 93' lang='lat' dir='ltr'>in</span> <span class='ocrx_word' id='word_1_17' title='bbox 1495 682 1563 736; x_wconf 82' lang='lat' dir='ltr'><strong>cibis</strong></span> <span class='ocrx_word' id='word_1_18' title='bbox 1604 710 1610 729; x_wconf 71' lang='grc' dir='ltr'>ι</span> 
     </span>
     <span class='ocr_line' id='line_1_3' title="bbox 357 768 1560 835; baseline 0 -14"><span class='ocrx_word' id='word_1_19' title='bbox 357 770 431 822; x_wconf 86' lang='lat' dir='ltr'>illius</span> <span class='ocrx_word' id='word_1_20' title='bbox 447 769 475 821; x_wconf 95' lang='lat' dir='ltr'>in</span> <span class='ocrx_word' id='word_1_21' title='bbox 493 783 547 835; x_wconf 84' lang='lat' dir='ltr'>quo</span> <span class='ocrx_word' id='word_1_22' title='bbox 564 768 692 835; x_wconf 86' lang='lat' dir='ltr'>baptizati</span> <span class='ocrx_word' id='word_1_23' title='bbox 709 774 791 832; x_wconf 89' lang='lat' dir='ltr'>suut,</span> <span class='ocrx_word' id='word_1_24' title='bbox 805 768 873 821; x_wconf 87' lang='lat' dir='ltr'>alias</span> <span class='ocrx_word' id='word_1_25' title='bbox 886 780 943 822; x_wconf 89' lang='lat' dir='ltr'>non</span> <span class='ocrx_word' id='word_1_26' title='bbox 977 774 1004 821; x_wconf 92' lang='lat' dir='ltr'>et</span> <span class='ocrx_word' id='word_1_27' title='bbox 1017 770 1044 821; x_wconf 90' lang='lat' dir='ltr'>iu</span> <span class='ocrx_word' id='word_1_28' title='bbox 1058 770 1185 835; x_wconf 85' lang='lat' dir='ltr'>potibus,</span> <span class='ocrx_word' id='word_1_29' title='bbox 1198 774 1225 823; x_wconf 88' lang='lat' dir='ltr'>et</span> <span class='ocrx_word' id='word_1_30' title='bbox 1236 769 1318 824; x_wconf 87' lang='lat' dir='ltr'>variis</span> <span class='ocrx_word' id='word_1_31' title='bbox 1334 769 1560 835; x_wconf 84' lang='lat' dir='ltr'>baptismatibus,</span> 
     </span>
     <span class='ocr_line' id='line_1_4' title="bbox 357 854 1562 921; baseline -0.001 -14"><span class='ocrx_word' id='word_1_32' title='bbox 357 856 471 908; x_wconf 88' lang='lat' dir='ltr'>traheret</span> <span class='ocrx_word' id='word_1_33' title='bbox 479 856 543 908; x_wconf 88' lang='lat' dir='ltr'>vim.</span> <span class='ocrx_word' id='word_1_34' title='bbox 558 857 749 921; x_wconf 89' lang='lat' dir='ltr'>ipsumautem</span> <span class='ocrx_word' id='word_1_35' title='bbox 759 859 786 907; x_wconf 90' lang='lat' dir='ltr'>et</span> <span class='ocrx_word' id='word_1_36' title='bbox 797 854 944 919; x_wconf 78' lang='lat' dir='ltr'>altcsnpc-</span> <span class='ocrx_word' id='word_1_37' title='bbox 976 854 1224 918; x_wconf 87' lang='lat' dir='ltr'>etjustitiiscarnis</span> <span class='ocrx_word' id='word_1_38' title='bbox 1237 856 1371 920; x_wconf 88' lang='lat' dir='ltr'>usquead</span> <span class='ocrx_word' id='word_1_39' title='bbox 1382 860 1491 921; x_wconf 90' lang='lat' dir='ltr'>tempus</span> <span class='ocrx_word' id='word_1_40' title='bbox 1502 867 1562 908; x_wconf 91' lang='lat' dir='ltr'>cer·</span> 
     </span>
     <span class='ocr_line' id='line_1_5' title="bbox 356 939 1316 1007; baseline -0.006 -14"><span class='ocrx_word' id='word_1_41' title='bbox 356 943 443 995; x_wconf 91' lang='lat' dir='ltr'>stelos</span> <span class='ocrx_word' id='word_1_42' title='bbox 465 941 618 994; x_wconf 90' lang='lat' dir='ltr'>oecenomia</span> <span class='ocrx_word' id='word_1_43' title='bbox 639 946 667 994; x_wconf 89' lang='lat' dir='ltr'>et</span> <span class='ocrx_word' id='word_1_44' title='bbox 687 940 856 1007; x_wconf 77' lang='lat' dir='ltr'>indulgentia</span> <span class='ocrx_word' id='word_1_45' title='bbox 878 953 942 1006; x_wconf 84' lang='lat' dir='ltr'>erga</span> <span class='ocrx_word' id='word_1_46' title='bbox 976 939 1107 993; x_wconf 80' lang='lat' dir='ltr'>rectionis</span> <span class='ocrx_word' id='word_1_47' title='bbox 1121 939 1267 1006; x_wconf 75' lang='lat' dir='ltr'>impositis,</span> <span class='ocrx_word' id='word_1_48' title='bbox 1279 940 1316 987; x_wconf 76' lang='grc'>»1</span> 
     </span>
    </p>

    <p class='ocr_par' dir='ltr' id='par_1_3' title="bbox 290 1022 1563 2370">
     <span class='ocr_line' id='line_1_6' title="bbox 290 1022 1563 1091; baseline -0.002 -14"><span class='ocrx_word' id='word_1_49' title='bbox 290 1036 298 1051; x_wconf 88' lang='grc'><em>·</em></span> <span class='ocrx_word' id='word_1_50' title='bbox 355 1026 527 1079; x_wconf 85' lang='lat' dir='ltr'>ludaeoslrac</span> <span class='ocrx_word' id='word_1_51' title='bbox 536 1025 563 1077; x_wconf 93' lang='lat' dir='ltr'>in</span> <span class='ocrx_word' id='word_1_52' title='bbox 573 1038 603 1079; x_wconf 91' lang='lat' dir='ltr'>re</span> <span class='ocrx_word' id='word_1_53' title='bbox 613 1037 679 1078; x_wconf 85' lang='lat' dir='ltr'>uses</span> <span class='ocrx_word' id='word_1_54' title='bbox 688 1026 763 1079; x_wconf 90' lang='lat' dir='ltr'>nullo</span> <span class='ocrx_word' id='word_1_55' title='bbox 773 1025 939 1079; x_wconf 91' lang='lat' dir='ltr'>documento</span> <span class='ocrx_word' id='word_1_56' title='bbox 1008 1025 1049 1075; x_wconf 85' lang='lat'>70.</span> <span class='ocrx_word' id='word_1_57' title='bbox 1064 1026 1140 1089; x_wconf 82' lang='lat' dir='ltr'>Resp.</span> <span class='ocrx_word' id='word_1_58' title='bbox 1154 1025 1214 1091; x_wconf 75' lang='lat' dir='ltr'>Agit</span> <span class='ocrx_word' id='word_1_59' title='bbox 1226 1022 1507 1091; x_wconf 76' lang='lat' dir='ltr'>Apostolusdevariis</span> <span class='ocrx_word' id='word_1_60' title='bbox 1518 1022 1563 1075; x_wconf 85' lang='lat' dir='ltr'>ba-</span> 
     </span>
     <span class='ocr_line' id='line_1_7' title="bbox 356 1107 1562 1182; baseline -0.002 -21"><span class='ocrx_word' id='word_1_61' title='bbox 356 1109 518 1174; x_wconf 90' lang='lat' dir='ltr'>estenditur,</span> <span class='ocrx_word' id='word_1_62' title='bbox 532 1123 615 1175; x_wconf 84' lang='lat' dir='ltr'>quum</span> <span class='ocrx_word' id='word_1_63' title='bbox 628 1110 695 1182; x_wconf 84' lang='lat' dir='ltr'>ritus</span> <span class='ocrx_word' id='word_1_64' title='bbox 705 1122 761 1163; x_wconf 92' lang='lat' dir='ltr'>non</span> <span class='ocrx_word' id='word_1_65' title='bbox 774 1110 843 1163; x_wconf 86' lang='lat' dir='ltr'>ieret</span> <span class='ocrx_word' id='word_1_66' title='bbox 852 1110 941 1177; x_wconf 82' lang='lat' dir='ltr'>judai·</span> <span class='ocrx_word' id='word_1_67' title='bbox 975 1107 1150 1173; x_wconf 86' lang='lat' dir='ltr'>ptlsrnaunus</span> <span class='ocrx_word' id='word_1_68' title='bbox 1160 1146 1168 1173; x_wconf 93' lang='lat'>,</span> <span class='ocrx_word' id='word_1_69' title='bbox 1180 1110 1283 1163; x_wconf 89' lang='lat' dir='ltr'>scilicet</span> <span class='ocrx_word' id='word_1_70' title='bbox 1294 1110 1328 1162; x_wconf 87' lang='lat' dir='ltr'>de</span> <span class='ocrx_word' id='word_1_71' title='bbox 1343 1107 1466 1174; x_wconf 91' lang='lat' dir='ltr'>corporis</span> <span class='ocrx_word' id='word_1_72' title='bbox 1476 1108 1562 1161; x_wconf 86' lang='lat' dir='ltr'>totius</span> 
     </span>
     <span class='ocr_line' id='line_1_8' title="bbox 355 1191 1560 1260; baseline -0.002 -13"><span class='ocrx_word' id='word_1_73' title='bbox 355 1206 404 1247; x_wconf 91' lang='lat' dir='ltr'>cus</span> <span class='ocrx_word' id='word_1_74' title='bbox 422 1195 549 1248; x_wconf 89' lang='lat' dir='ltr'>homines</span> <span class='ocrx_word' id='word_1_75' title='bbox 566 1194 679 1247; x_wconf 83' lang='lat' dir='ltr'>abluere</span> <span class='ocrx_word' id='word_1_76' title='bbox 691 1206 781 1260; x_wconf 83' lang='lat' dir='ltr'>aqua,</span> <span class='ocrx_word' id='word_1_77' title='bbox 799 1194 887 1246; x_wconf 88' lang='lat' dir='ltr'>tribus</span> <span class='ocrx_word' id='word_1_78' title='bbox 899 1193 941 1245; x_wconf 92' lang='lat' dir='ltr'>di·</span> <span class='ocrx_word' id='word_1_79' title='bbox 975 1194 1181 1258; x_wconf 85' lang='lat' dir='ltr'>ahlutienibus,</span> <span class='ocrx_word' id='word_1_80' title='bbox 1194 1196 1229 1247; x_wconf 91' lang='lat' dir='ltr'>dc</span> <span class='ocrx_word' id='word_1_81' title='bbox 1242 1194 1470 1251; x_wconf 77' lang='lat' dir='ltr'>lustrationibus,</span> <span class='ocrx_word' id='word_1_82' title='bbox 1484 1191 1560 1245; x_wconf 89' lang='lat' dir='ltr'>etde</span> 
     </span>
     <span class='ocr_line' id='line_1_9' title="bbox 354 1278 1560 1347; baseline -0.002 -16"><span class='ocrx_word' id='word_1_83' title='bbox 354 1278 425 1331; x_wconf 85' lang='lat' dir='ltr'>uinis</span> <span class='ocrx_word' id='word_1_84' title='bbox 448 1278 574 1344; x_wconf 90' lang='lat' dir='ltr'>personis</span> <span class='ocrx_word' id='word_1_85' title='bbox 596 1278 747 1341; x_wconf 83' lang='lat' dir='ltr'>invocatis,</span> <span class='ocrx_word' id='word_1_86' title='bbox 773 1283 800 1331; x_wconf 90' lang='lat' dir='ltr'>et</span> <span class='ocrx_word' id='word_1_87' title='bbox 819 1278 940 1343; x_wconf 76' lang='lat' dir='ltr'>apostoli</span> <span class='ocrx_word' id='word_1_88' title='bbox 975 1279 1035 1331; x_wconf 89' lang='lat' dir='ltr'>allis</span> <span class='ocrx_word' id='word_1_89' title='bbox 1047 1280 1196 1335; x_wconf 82' lang='lat' dir='ltr'>lotionibus</span> <span class='ocrx_word' id='word_1_90' title='bbox 1209 1282 1308 1347; x_wconf 79' lang='lat' dir='ltr'>quein</span> <span class='ocrx_word' id='word_1_91' title='bbox 1321 1282 1381 1347; x_wconf 82' lang='lat' dir='ltr'>lege</span> <span class='ocrx_word' id='word_1_92' title='bbox 1393 1278 1560 1345; x_wconf 82' lang='lat' dir='ltr'>praeseriptae</span> 
     </span>
     <span class='ocr_line' id='line_1_10' title="bbox 353 1362 1561 1431; baseline -0.003 -14"><span class='ocrx_word' id='word_1_93' title='bbox 353 1368 511 1417; x_wconf 79' lang='lat' dir='ltr'>constanter</span> <span class='ocrx_word' id='word_1_94' title='bbox 533 1377 597 1418; x_wconf 91' lang='lat' dir='ltr'>eum</span> <span class='ocrx_word' id='word_1_95' title='bbox 621 1363 839 1417; x_wconf 84' lang='lat' dir='ltr'>commendarint</span> <span class='ocrx_word' id='word_1_96' title='bbox 857 1362 940 1416; x_wconf 82' lang='lat' dir='ltr'>veluti</span> <span class='ocrx_word' id='word_1_97' title='bbox 974 1370 1048 1428; x_wconf 90' lang='lat' dir='ltr'>sunt,</span> <span class='ocrx_word' id='word_1_98' title='bbox 1061 1378 1177 1431; x_wconf 80' lang='lat' dir='ltr'>quaeque</span> <span class='ocrx_word' id='word_1_99' title='bbox 1181 1366 1298 1431; x_wconf 76' lang='lat' dir='ltr'>justitie</span> <span class='ocrx_word' id='word_1_100' title='bbox 1307 1366 1397 1419; x_wconf 79' lang='lat' dir='ltr'>cornis</span> <span class='ocrx_word' id='word_1_101' title='bbox 1407 1364 1506 1417; x_wconf 88' lang='lat' dir='ltr'>merito</span> <span class='ocrx_word' id='word_1_102' title='bbox 1518 1362 1561 1416; x_wconf 92' lang='lat' dir='ltr'>dl-</span> 
     </span>
     <span class='ocr_line' id='line_1_11' title="bbox 354 1446 1561 1517; baseline -0.002 -16"><span class='ocrx_word' id='word_1_103' title='bbox 354 1449 500 1515; x_wconf 83' lang='lat' dir='ltr'>unieuique</span> <span class='ocrx_word' id='word_1_104' title='bbox 510 1462 623 1514; x_wconf 88' lang='lat' dir='ltr'>prorsus</span> <span class='ocrx_word' id='word_1_105' title='bbox 634 1450 820 1503; x_wconf 89' lang='lat' dir='ltr'>necessarium</span> <span class='ocrx_word' id='word_1_106' title='bbox 835 1464 841 1499; x_wconf 93' lang='lat'>:</span> <span class='ocrx_word' id='word_1_107' title='bbox 857 1468 870 1495; x_wconf 74' lang='grc' dir='ltr'><strong>α</strong></span> <span class='ocrx_word' id='word_1_108' title='bbox 881 1451 940 1501; x_wconf 81' lang='lat' dir='ltr'>Poe·</span> <span class='ocrx_word' id='word_1_109' title='bbox 973 1455 1081 1514; x_wconf 91' lang='lat' dir='ltr'>cuntur,</span> <span class='ocrx_word' id='word_1_110' title='bbox 1093 1452 1156 1517; x_wconf 85' lang='lat' dir='ltr'>quia</span> <span class='ocrx_word' id='word_1_111' title='bbox 1167 1451 1201 1505; x_wconf 92' lang='lat' dir='ltr'>ad</span> <span class='ocrx_word' id='word_1_112' title='bbox 1215 1450 1305 1505; x_wconf 87' lang='lat' dir='ltr'>earnis</span> <span class='ocrx_word' id='word_1_113' title='bbox 1316 1448 1478 1502; x_wconf 86' lang='lat' dir='ltr'>munditiem</span> <span class='ocrx_word' id='word_1_114' title='bbox 1494 1446 1561 1501; x_wconf 85' lang='lat' dir='ltr'>reie-</span> 
     </span>
     <span class='ocr_line' id='line_1_12' title="bbox 351 1532 1560 1602; baseline -0.002 -16"><span class='ocrx_word' id='word_1_115' title='bbox 351 1535 494 1588; x_wconf 90' lang='lat' dir='ltr'>nitentiam</span> <span class='ocrx_word' id='word_1_116' title='bbox 503 1535 584 1602; x_wconf 82' lang='lat' dir='ltr'>agite,</span> <span class='ocrx_word' id='word_1_117' title='bbox 597 1541 624 1588; x_wconf 90' lang='lat' dir='ltr'>et</span> <span class='ocrx_word' id='word_1_118' title='bbox 633 1536 786 1601; x_wconf 85' lang='lat' dir='ltr'>baptizetur</span> <span class='ocrx_word' id='word_1_119' title='bbox 799 1535 941 1602; x_wconf 86' lang='lat' dir='ltr'>unusquis-</span> <span class='ocrx_word' id='word_1_120' title='bbox 974 1535 1113 1589; x_wconf 82' lang='lat' dir='ltr'>rebantur.</span> <span class='ocrx_word' id='word_1_121' title='bbox 1131 1539 1264 1589; x_wconf 75' lang='lat' dir='ltr'>caeterum</span> <span class='ocrx_word' id='word_1_122' title='bbox 1279 1536 1362 1590; x_wconf 86' lang='lat' dir='ltr'>tetius</span> <span class='ocrx_word' id='word_1_123' title='bbox 1376 1532 1500 1600; x_wconf 89' lang='lat' dir='ltr'>corporis</span> <span class='ocrx_word' id='word_1_124' title='bbox 1517 1534 1560 1585; x_wconf 90' lang='lat' dir='ltr'>le·</span> 
     </span>
     <span class='ocr_line' id='line_1_13' title="bbox 353 1620 1559 1687; baseline -0.002 -14"><span class='ocrx_word' id='word_1_125' title='bbox 353 1634 407 1686; x_wconf 84' lang='lat' dir='ltr'>que</span> <span class='ocrx_word' id='word_1_126' title='bbox 418 1625 540 1674; x_wconf 87' lang='lat' dir='ltr'>vestrum</span> <span class='ocrx_word' id='word_1_127' title='bbox 553 1621 581 1674; x_wconf 91' lang='lat' dir='ltr'>in</span> <span class='ocrx_word' id='word_1_128' title='bbox 594 1622 705 1676; x_wconf 90' lang='lat' dir='ltr'>nomine</span> <span class='ocrx_word' id='word_1_129' title='bbox 717 1624 780 1676; x_wconf 85' lang='lat' dir='ltr'>lesu</span> <span class='ocrx_word' id='word_1_130' title='bbox 794 1622 893 1675; x_wconf 81' lang='lat' dir='ltr'>christi</span> <span class='ocrx_word' id='word_1_131' title='bbox 911 1620 939 1672; x_wconf 92' lang='lat' dir='ltr'>in</span> <span class='ocrx_word' id='word_1_132' title='bbox 973 1621 1062 1675; x_wconf 87' lang='lat' dir='ltr'>tiones</span> <span class='ocrx_word' id='word_1_133' title='bbox 1081 1622 1218 1687; x_wconf 82' lang='lat' dir='ltr'>plerunque</span> <span class='ocrx_word' id='word_1_134' title='bbox 1235 1621 1336 1675; x_wconf 83' lang='lat' dir='ltr'>fiebant</span> <span class='ocrx_word' id='word_1_135' title='bbox 1351 1622 1454 1687; x_wconf 79' lang='lat' dir='ltr'>absque</span> <span class='ocrx_word' id='word_1_136' title='bbox 1471 1620 1559 1673; x_wconf 87' lang='lat' dir='ltr'>aliena</span> 
     </span>
     <span class='ocr_line' id='line_1_14' title="bbox 350 1705 1560 1773; baseline 0 -17"><span class='ocrx_word' id='word_1_137' title='bbox 350 1705 542 1759; x_wconf 87' lang='lat' dir='ltr'>remissionem</span> <span class='ocrx_word' id='word_1_138' title='bbox 571 1713 746 1772; x_wconf 89' lang='lat' dir='ltr'>peccatorum</span> <span class='ocrx_word' id='word_1_139' title='bbox 768 1713 938 1766; x_wconf 79' lang='lat' dir='ltr'>rastrorum3</span> <span class='ocrx_word' id='word_1_140' title='bbox 973 1706 1107 1772; x_wconf 77' lang='lat' dir='ltr'>opera,⁴</span> <span class='ocrx_word' id='word_1_141' title='bbox 1139 1720 1223 1773; x_wconf 87' lang='lat' dir='ltr'>quum</span> <span class='ocrx_word' id='word_1_142' title='bbox 1248 1707 1316 1759; x_wconf 91' lang='lat' dir='ltr'>ritus</span> <span class='ocrx_word' id='word_1_143' title='bbox 1346 1705 1445 1759; x_wconf 82' lang='lat' dir='ltr'>Christi</span> <span class='ocrx_word' id='word_1_144' title='bbox 1472 1706 1560 1758; x_wconf 88' lang='lat' dir='ltr'>aliena</span> 
     </span>
     <span class='ocr_line' id='line_1_15' title="bbox 353 1790 1560 1859; baseline 0 -16"><span class='ocrx_word' id='word_1_145' title='bbox 353 1796 380 1844; x_wconf 90' lang='lat' dir='ltr'>et</span> <span class='ocrx_word' id='word_1_146' title='bbox 391 1792 531 1857; x_wconf 89' lang='lat' dir='ltr'>accipietis</span> <span class='ocrx_word' id='word_1_147' title='bbox 547 1792 650 1846; x_wconf 89' lang='lat' dir='ltr'>donum</span> <span class='ocrx_word' id='word_1_148' title='bbox 662 1792 779 1859; x_wconf 75' lang='lat' dir='ltr'>Spiritus</span> <span class='ocrx_word' id='word_1_149' title='bbox 792 1791 889 1845; x_wconf 87' lang='lat' dir='ltr'>saneti.</span> <span class='ocrx_word' id='word_1_150' title='bbox 901 1790 938 1838; x_wconf 74' lang='lat'>&gt;1¹</span> <span class='ocrx_word' id='word_1_151' title='bbox 972 1806 1056 1845; x_wconf 88' lang='lat' dir='ltr'>manu</span> <span class='ocrx_word' id='word_1_152' title='bbox 1073 1792 1215 1859; x_wconf 75' lang='lat' dir='ltr'>indigeat:</span> <span class='ocrx_word' id='word_1_153' title='bbox 1233 1805 1315 1846; x_wconf 90' lang='lat' dir='ltr'>nemo</span> <span class='ocrx_word' id='word_1_154' title='bbox 1334 1792 1406 1845; x_wconf 91' lang='lat' dir='ltr'>enim</span> <span class='ocrx_word' id='word_1_155' title='bbox 1429 1804 1458 1844; x_wconf 91' lang='lat' dir='ltr'>se</span> <span class='ocrx_word' id='word_1_156' title='bbox 1475 1790 1560 1856; x_wconf 88' lang='lat' dir='ltr'>bapti·</span> 
     </span>
     <span class='ocr_line' id='line_1_16' title="bbox 351 1876 1559 1944; baseline 0 -17"><span class='ocrx_word' id='word_1_157' title='bbox 351 1877 392 1928; x_wconf 88' lang='lat' dir='ltr'>lta</span> <span class='ocrx_word' id='word_1_158' title='bbox 410 1876 552 1942; x_wconf 89' lang='lat' dir='ltr'>respondit</span> <span class='ocrx_word' id='word_1_159' title='bbox 572 1880 666 1931; x_wconf 77' lang='lat' dir='ltr'>Petrus</span> <span class='ocrx_word' id='word_1_160' title='bbox 678 1878 780 1931; x_wconf 75' lang='lat' dir='ltr'>ludaeis</span> <span class='ocrx_word' id='word_1_161' title='bbox 791 1876 940 1943; x_wconf 84' lang='lat' dir='ltr'>quaerenti·</span> <span class='ocrx_word' id='word_1_162' title='bbox 972 1891 1034 1931; x_wconf 86' lang='lat' dir='ltr'>zare</span> <span class='ocrx_word' id='word_1_163' title='bbox 1043 1880 1123 1933; x_wconf 84' lang='lat' dir='ltr'>valet.</span> <span class='ocrx_word' id='word_1_164' title='bbox 1136 1898 1148 1925; x_wconf 73' lang='grc' dir='ltr'><em>α</em></span> <span class='ocrx_word' id='word_1_165' title='bbox 1159 1881 1246 1931; x_wconf 90' lang='lat' dir='ltr'>Unum</span> <span class='ocrx_word' id='word_1_166' title='bbox 1257 1877 1393 1944; x_wconf 88' lang='lat' dir='ltr'>Baptisma</span> <span class='ocrx_word' id='word_1_167' title='bbox 1405 1896 1416 1923; x_wconf 77' lang='lat' dir='ltr'>r</span> <span class='ocrx_word' id='word_1_168' title='bbox 1429 1876 1559 1929; x_wconf 85' lang='lat' dir='ltr'>Christia-</span> 
     </span>
     <span class='ocr_line' id='line_1_17' title="bbox 351 1960 1559 2030; baseline 0 -18"><span class='ocrx_word' id='word_1_169' title='bbox 351 1960 479 2026; x_wconf 82' lang='lat' dir='ltr'>nusquid</span> <span class='ocrx_word' id='word_1_170' title='bbox 490 1962 541 2014; x_wconf 85' lang='lat' dir='ltr'>sibi</span> <span class='ocrx_word' id='word_1_171' title='bbox 552 1962 940 2029; x_wconf 81' lang='lat' dir='ltr'>iaciendumesset.0bjectlo-</span> <span class='ocrx_word' id='word_1_172' title='bbox 972 1977 1070 2018; x_wconf 89' lang='lat' dir='ltr'>norum</span> <span class='ocrx_word' id='word_1_173' title='bbox 1085 1965 1232 2030; x_wconf 81' lang='lat' dir='ltr'>praedicat,</span> <span class='ocrx_word' id='word_1_174' title='bbox 1251 1977 1306 2029; x_wconf 85' lang='lat' dir='ltr'>que</span> <span class='ocrx_word' id='word_1_175' title='bbox 1319 1964 1422 2017; x_wconf 89' lang='lat' dir='ltr'>scilicet</span> <span class='ocrx_word' id='word_1_176' title='bbox 1439 1961 1559 2015; x_wconf 83' lang='lat' dir='ltr'>universi</span> 
     </span>
     <span class='ocr_line' id='line_1_18' title="bbox 351 2048 1558 2115; baseline 0.001 -18"><span class='ocrx_word' id='word_1_177' title='bbox 351 2060 414 2098; x_wconf 89' lang='lat' dir='ltr'>nem</span> <span class='ocrx_word' id='word_1_178' title='bbox 438 2048 521 2111; x_wconf 84' lang='lat' dir='ltr'>hane,</span> <span class='ocrx_word' id='word_1_179' title='bbox 541 2050 679 2115; x_wconf 82' lang='lat' dir='ltr'>acajanis</span> <span class='ocrx_word' id='word_1_180' title='bbox 698 2050 763 2102; x_wconf 88' lang='lat' dir='ltr'>elim</span> <span class='ocrx_word' id='word_1_181' title='bbox 782 2051 936 2114; x_wconf 86' lang='lat' dir='ltr'>prolatam,</span> <span class='ocrx_word' id='word_1_182' title='bbox 972 2050 1137 2108; x_wconf 88' lang='lat' dir='ltr'>abluuntur,</span> <span class='ocrx_word' id='word_1_183' title='bbox 1157 2055 1184 2101; x_wconf 90' lang='lat' dir='ltr'>el</span> <span class='ocrx_word' id='word_1_184' title='bbox 1198 2050 1270 2113; x_wconf 89' lang='lat' dir='ltr'>qued</span> <span class='ocrx_word' id='word_1_185' title='bbox 1291 2050 1377 2099; x_wconf 87' lang='lat' dir='ltr'>semel</span> <span class='ocrx_word' id='word_1_186' title='bbox 1392 2048 1558 2111; x_wconf 87' lang='lat' dir='ltr'>suscipitur,</span> 
     </span>
     <span class='ocr_line' id='line_1_19' title="bbox 350 2130 1559 2196; baseline -0.002 -13"><span class='ocrx_word' id='word_1_187' title='bbox 350 2132 480 2196; x_wconf 80' lang='lat' dir='ltr'>praeclare</span> <span class='ocrx_word' id='word_1_188' title='bbox 496 2133 577 2185; x_wconf 85' lang='lat' dir='ltr'>soluit</span> <span class='ocrx_word' id='word_1_189' title='bbox 587 2132 789 2185; x_wconf 82' lang='lat' dir='ltr'>Tertullianus:</span> <span class='ocrx_word' id='word_1_190' title='bbox 811 2151 824 2177; x_wconf 74' lang='grc' dir='ltr'><strong>α</strong></span> <span class='ocrx_word' id='word_1_191' title='bbox 837 2131 889 2184; x_wconf 89' lang='lat' dir='ltr'>scd</span> <span class='ocrx_word' id='word_1_192' title='bbox 902 2132 938 2183; x_wconf 93' lang='lat' dir='ltr'>de</span> <span class='ocrx_word' id='word_1_193' title='bbox 972 2133 1097 2186; x_wconf 90' lang='lat' dir='ltr'>eteordis</span> <span class='ocrx_word' id='word_1_194' title='bbox 1107 2132 1183 2185; x_wconf 80' lang='lat' dir='ltr'>affert</span> <span class='ocrx_word' id='word_1_195' title='bbox 1192 2131 1364 2193; x_wconf 87' lang='lat' dir='ltr'>munditiem,</span> <span class='ocrx_word' id='word_1_196' title='bbox 1375 2130 1559 2196; x_wconf 86' lang='lat' dir='ltr'>Spiritussan-</span> 
     </span>
     <span class='ocr_line' id='line_1_20' title="bbox 350 2215 1556 2285; baseline -0.002 -17"><span class='ocrx_word' id='word_1_197' title='bbox 350 2218 409 2283; x_wconf 92' lang='lat' dir='ltr'>ipsc</span> <span class='ocrx_word' id='word_1_198' title='bbox 423 2218 552 2281; x_wconf 78' lang='lat' dir='ltr'>Apcstelo</span> <span class='ocrx_word' id='word_1_199' title='bbox 564 2219 722 2280; x_wconf 86' lang='lat' dir='ltr'>revolvunt,</span> <span class='ocrx_word' id='word_1_200' title='bbox 735 2216 808 2283; x_wconf 86' lang='lat' dir='ltr'>qued</span> <span class='ocrx_word' id='word_1_201' title='bbox 822 2216 936 2278; x_wconf 88' lang='lat' dir='ltr'>dixerit,</span> <span class='ocrx_word' id='word_1_202' title='bbox 971 2218 1007 2271; x_wconf 92' lang='lat' dir='ltr'>cti</span> <span class='ocrx_word' id='word_1_203' title='bbox 1032 2218 1126 2285; x_wconf 80' lang='lat' dir='ltr'>gratia.</span> <span class='ocrx_word' id='word_1_204' title='bbox 1153 2218 1217 2270; x_wconf 91' lang='lat' dir='ltr'>ideo</span> <span class='ocrx_word' id='word_1_205' title='bbox 1242 2216 1308 2268; x_wconf 87' lang='lat' dir='ltr'>dicit</span> <span class='ocrx_word' id='word_1_206' title='bbox 1327 2231 1334 2266; x_wconf 93' lang='lat'>:</span> <span class='ocrx_word' id='word_1_207' title='bbox 1358 2215 1556 2268; x_wconf 72' lang='lat' dir='ltr'>«Accedamus</span> 
     </span>
     <span class='ocr_line' id='line_1_21' title="bbox 353 2300 1556 2370; baseline -0.002 -16"><span class='ocrx_word' id='word_1_208' title='bbox 353 2306 434 2356; x_wconf 79' lang='lat' dir='ltr'>«Non</span> <span class='ocrx_word' id='word_1_209' title='bbox 443 2302 516 2354; x_wconf 90' lang='lat' dir='ltr'>enirn</span> <span class='ocrx_word' id='word_1_210' title='bbox 523 2316 570 2355; x_wconf 91' lang='lat' dir='ltr'>me</span> <span class='ocrx_word' id='word_1_211' title='bbox 577 2303 611 2355; x_wconf 91' lang='lat' dir='ltr'>ad</span> <span class='ocrx_word' id='word_1_212' title='bbox 622 2302 800 2370; x_wconf 84' lang='lat' dir='ltr'>tinguendum</span> <span class='ocrx_word' id='word_1_213' title='bbox 814 2302 936 2355; x_wconf 84' lang='lat' dir='ltr'>Christus</span> <span class='ocrx_word' id='word_1_214' title='bbox 970 2317 1033 2357; x_wconf 89' lang='lat' dir='ltr'>cum</span> <span class='ocrx_word' id='word_1_215' title='bbox 1048 2316 1113 2357; x_wconf 89' lang='lat' dir='ltr'>vero</span> <span class='ocrx_word' id='word_1_216' title='bbox 1131 2303 1213 2355; x_wconf 91' lang='lat' dir='ltr'>corde</span> <span class='ocrx_word' id='word_1_217' title='bbox 1237 2301 1264 2353; x_wconf 92' lang='lat' dir='ltr'>iu</span> <span class='ocrx_word' id='word_1_218' title='bbox 1282 2301 1453 2367; x_wconf 90' lang='lat' dir='ltr'>plenitudine</span> <span class='ocrx_word' id='word_1_219' title='bbox 1471 2300 1556 2361; x_wconf 84' lang='lat' dir='ltr'>fidei,</span> 
     </span>
    </p>
   </div>
   <div class='ocr_carea' id='block_1_3' title="bbox 271 2386 1588 2800">
    <p class='ocr_par' dir='ltr' id='par_1_4' title="bbox 271 2386 1557 2540">
     <span class='ocr_line' id='line_1_22' title="bbox 349 2386 1557 2455; baseline -0.001 -17"><span class='ocrx_word' id='word_1_220' title='bbox 349 2388 936 2455; x_wconf 80' lang='lat' dir='ltr'>»misit,»quasilrecargumentoBaptismus</span> <span class='ocrx_word' id='word_1_221' title='bbox 970 2388 1074 2454; x_wconf 88' lang='lat' dir='ltr'>aspersi</span> <span class='ocrx_word' id='word_1_222' title='bbox 1092 2388 1175 2441; x_wconf 88' lang='lat' dir='ltr'>corda</span> <span class='ocrx_word' id='word_1_223' title='bbox 1197 2400 1211 2440; x_wconf 88' lang='lat' dir='ltr'>a</span> <span class='ocrx_word' id='word_1_224' title='bbox 1233 2386 1399 2441; x_wconf 87' lang='lat' dir='ltr'>conscientia</span> <span class='ocrx_word' id='word_1_225' title='bbox 1415 2387 1509 2449; x_wconf 87' lang='lat' dir='ltr'>mata,</span> <span class='ocrx_word' id='word_1_226' title='bbox 1530 2392 1557 2438; x_wconf 91' lang='lat' dir='ltr'>et</span> 
     </span>
     <span class='ocr_line' id='line_1_23' title="bbox 271 2472 1418 2540; baseline 0 -15"><span class='ocrx_word' id='word_1_227' title='bbox 271 2507 273 2510; x_wconf 92' lang='lat'>-</span> <span class='ocrx_word' id='word_1_228' title='bbox 348 2472 492 2525; x_wconf 80' lang='lat' dir='ltr'>adimatur.</span> <span class='ocrx_word' id='word_1_229' title='bbox 516 2476 570 2526; x_wconf 82' lang='lat' dir='ltr'>Gur</span> <span class='ocrx_word' id='word_1_230' title='bbox 592 2475 666 2527; x_wconf 91' lang='lat' dir='ltr'>enim</span> <span class='ocrx_word' id='word_1_231' title='bbox 692 2474 770 2527; x_wconf 82' lang='lat' dir='ltr'>tinxit</span> <span class='ocrx_word' id='word_1_232' title='bbox 794 2474 889 2527; x_wconf 84' lang='lat' dir='ltr'>Gaium</span> <span class='ocrx_word' id='word_1_233' title='bbox 909 2478 937 2526; x_wconf 91' lang='lat' dir='ltr'>et</span> <span class='ocrx_word' id='word_1_234' title='bbox 970 2473 1368 2540; x_wconf 83' lang='lat' dir='ltr'>abluticorpusaquamundu.</span> <span class='ocrx_word' id='word_1_235' title='bbox 1383 2472 1418 2518; x_wconf 64' lang='grc' dir='ltr'>υΒ</span> 
     </span>
    </p>

    <p class='ocr_par' dir='ltr' id='par_1_5' title="bbox 309 2556 1588 2800">
     <span class='ocr_line' id='line_1_24' title="bbox 348 2556 1556 2626; baseline -0.001 -17"><span class='ocrx_word' id='word_1_236' title='bbox 348 2558 472 2623; x_wconf 86' lang='lat' dir='ltr'>Crispum</span> <span class='ocrx_word' id='word_1_237' title='bbox 483 2597 491 2622; x_wconf 90' lang='lat'>,</span> <span class='ocrx_word' id='word_1_238' title='bbox 502 2565 529 2612; x_wconf 91' lang='lat' dir='ltr'>et</span> <span class='ocrx_word' id='word_1_239' title='bbox 541 2562 685 2626; x_wconf 73' lang='lat' dir='ltr'>Stephanae</span> <span class='ocrx_word' id='word_1_240' title='bbox 695 2560 829 2613; x_wconf 79' lang='lat' dir='ltr'>demum?</span> <span class='ocrx_word' id='word_1_241' title='bbox 841 2572 936 2625; x_wconf 84' lang='lat' dir='ltr'>quarn-</span> <span class='ocrx_word' id='word_1_242' title='bbox 1003 2562 1044 2611; x_wconf 85' lang='lat' dir='ltr'>ll.</span> <span class='ocrx_word' id='word_1_243' title='bbox 1061 2560 1120 2626; x_wconf 76' lang='lat' dir='ltr'>obj.</span> <span class='ocrx_word' id='word_1_244' title='bbox 1139 2560 1181 2611; x_wconf 67' lang='grc' dir='ltr'>ΞΟ.</span> <span class='ocrx_word' id='word_1_245' title='bbox 1198 2559 1345 2625; x_wconf 76' lang='lat' dir='ltr'>apestolus</span> <span class='ocrx_word' id='word_1_246' title='bbox 1359 2558 1424 2611; x_wconf 91' lang='lat' dir='ltr'>dicit</span> <span class='ocrx_word' id='word_1_247' title='bbox 1438 2573 1444 2608; x_wconf 75' lang='grc' dir='ltr'><strong><em>ε</em></strong></span> <span class='ocrx_word' id='word_1_248' title='bbox 1460 2576 1477 2606; x_wconf 80' lang='lat' dir='ltr'>u</span> <span class='ocrx_word' id='word_1_249' title='bbox 1495 2556 1556 2621; x_wconf 82' lang='lat' dir='ltr'>Qui·</span> 
     </span>
     <span class='ocr_line' id='line_1_25' title="bbox 309 2633 1556 2710; baseline 0 -15"><span class='ocrx_word' id='word_1_250' title='bbox 309 2633 311 2636; x_wconf 67' lang='grc'><strong>’</strong></span> <span class='ocrx_word' id='word_1_251' title='bbox 348 2656 430 2709; x_wconf 86' lang='lat' dir='ltr'>quam</span> <span class='ocrx_word' id='word_1_252' title='bbox 442 2646 493 2698; x_wconf 86' lang='lat' dir='ltr'>etsi</span> <span class='ocrx_word' id='word_1_253' title='bbox 507 2658 563 2699; x_wconf 91' lang='lat' dir='ltr'>non</span> <span class='ocrx_word' id='word_1_254' title='bbox 574 2659 636 2699; x_wconf 88' lang='lat' dir='ltr'>eum</span> <span class='ocrx_word' id='word_1_255' title='bbox 646 2645 889 2699; x_wconf 84' lang='lat' dir='ltr'>miseratcnristus</span> <span class='ocrx_word' id='word_1_256' title='bbox 900 2644 935 2697; x_wconf 90' lang='lat' dir='ltr'>ad</span> <span class='ocrx_word' id='word_1_257' title='bbox 970 2658 1086 2709; x_wconf 84' lang='lat' dir='ltr'>eumque</span> <span class='ocrx_word' id='word_1_258' title='bbox 1116 2646 1144 2695; x_wconf 90' lang='lat' dir='ltr'>in</span> <span class='ocrx_word' id='word_1_259' title='bbox 1175 2646 1281 2697; x_wconf 85' lang='lat' dir='ltr'>christe</span> <span class='ocrx_word' id='word_1_260' title='bbox 1310 2639 1437 2710; x_wconf 80' lang='lat' dir='ltr'>baptizati</span> <span class='ocrx_word' id='word_1_261' title='bbox 1466 2645 1556 2703; x_wconf 89' lang='lat' dir='ltr'>estis,</span> 
     </span>
     <span class='ocr_line' id='line_1_26' title="bbox 349 2726 1588 2800; baseline 0 -18"><span class='ocrx_word' id='word_1_262' title='bbox 349 2730 538 2797; x_wconf 81' lang='lat' dir='ltr'>tinguendum,</span> <span class='ocrx_word' id='word_1_263' title='bbox 550 2733 712 2786; x_wconf 85' lang='lat' dir='ltr'>tamenaliis</span> <span class='ocrx_word' id='word_1_264' title='bbox 724 2733 859 2800; x_wconf 73' lang='lat' dir='ltr'>apostolis</span> <span class='ocrx_word' id='word_1_265' title='bbox 870 2744 936 2799; x_wconf 66' lang='lat' dir='ltr'>prm</span> <span class='ocrx_word' id='word_1_266' title='bbox 969 2730 1105 2786; x_wconf 84' lang='lat' dir='ltr'>Christum</span> <span class='ocrx_word' id='word_1_267' title='bbox 1124 2731 1260 2786; x_wconf 89' lang='lat' dir='ltr'>induistis.</span> <span class='ocrx_word' id='word_1_268' title='bbox 1275 2731 1310 2780; x_wconf 76' lang='lat'>»⁶</span> <span class='ocrx_word' id='word_1_269' title='bbox 1328 2732 1357 2784; x_wconf 93' lang='lat' dir='ltr'>ld</span> <span class='ocrx_word' id='word_1_270' title='bbox 1376 2732 1410 2785; x_wconf 90' lang='lat' dir='ltr'>da</span> <span class='ocrx_word' id='word_1_271' title='bbox 1425 2730 1555 2786; x_wconf 89' lang='lat' dir='ltr'>omnibus</span> <span class='ocrx_word' id='word_1_272' title='bbox 1581 2726 1588 2737; x_wconf 80' lang='grc'><em>’</em></span> 
     </span>
    </p>
   </div>
   <div class='ocr_carea' id='block_1_4' title="bbox 341 2816 1556 4333">
    <p class='ocr_par' dir='ltr' id='par_1_6' title="bbox 341 2816 1556 4333">
     <span class='ocr_line' id='line_1_27' title="bbox 349 2816 1556 2884; baseline 0.001 -17"><span class='ocrx_word' id='word_1_273' title='bbox 349 2821 458 2880; x_wconf 89' lang='lat' dir='ltr'>ceperat</span> <span class='ocrx_word' id='word_1_274' title='bbox 470 2816 603 2881; x_wconf 84' lang='lat' dir='ltr'>tinguere.</span> <span class='ocrx_word' id='word_1_275' title='bbox 617 2820 715 2870; x_wconf 84' lang='lat' dir='ltr'>verum</span> <span class='ocrx_word' id='word_1_276' title='bbox 730 2819 789 2871; x_wconf 74' lang='lat' dir='ltr'>trec</span> <span class='ocrx_word' id='word_1_277' title='bbox 804 2831 854 2883; x_wconf 89' lang='lat' dir='ltr'>pro</span> <span class='ocrx_word' id='word_1_278' title='bbox 867 2829 936 2870; x_wconf 90' lang='lat' dir='ltr'>cen·</span> <span class='ocrx_word' id='word_1_279' title='bbox 969 2831 1039 2884; x_wconf 86' lang='lat' dir='ltr'>aqua</span> <span class='ocrx_word' id='word_1_280' title='bbox 1060 2819 1160 2873; x_wconf 80' lang='lat' dir='ltr'>ablutis</span> <span class='ocrx_word' id='word_1_281' title='bbox 1183 2820 1235 2873; x_wconf 92' lang='lat' dir='ltr'>dici</span> <span class='ocrx_word' id='word_1_282' title='bbox 1251 2820 1365 2884; x_wconf 78' lang='lat' dir='ltr'>nequit,</span> <span class='ocrx_word' id='word_1_283' title='bbox 1387 2819 1435 2870; x_wconf 91' lang='lat' dir='ltr'>sed</span> <span class='ocrx_word' id='word_1_284' title='bbox 1461 2819 1496 2870; x_wconf 87' lang='lat' dir='ltr'>de</span> <span class='ocrx_word' id='word_1_285' title='bbox 1521 2817 1556 2868; x_wconf 89' lang='lat' dir='ltr'>iis</span> 
     </span>
     <span class='ocr_line' id='line_1_28' title="bbox 348 2899 1548 2972; baseline -0.001 -20"><span class='ocrx_word' id='word_1_286' title='bbox 348 2899 451 2952; x_wconf 89' lang='lat' dir='ltr'>ditione</span> <span class='ocrx_word' id='word_1_287' title='bbox 476 2905 544 2952; x_wconf 89' lang='lat' dir='ltr'>tunc</span> <span class='ocrx_word' id='word_1_288' title='bbox 565 2903 695 2968; x_wconf 88' lang='lat' dir='ltr'>temporis</span> <span class='ocrx_word' id='word_1_289' title='bbox 719 2902 755 2954; x_wconf 89' lang='lat' dir='ltr'>ad</span> <span class='ocrx_word' id='word_1_290' title='bbox 777 2901 933 2956; x_wconf 83' lang='lat' dir='ltr'>corinthios</span> <span class='ocrx_word' id='word_1_291' title='bbox 968 2905 1014 2971; x_wconf 88' lang='lat' dir='ltr'>qui</span> <span class='ocrx_word' id='word_1_292' title='bbox 1032 2907 1134 2972; x_wconf 88' lang='lat' dir='ltr'>Spiritu</span> <span class='ocrx_word' id='word_1_293' title='bbox 1155 2910 1250 2958; x_wconf 89' lang='lat' dir='ltr'>sancto</span> <span class='ocrx_word' id='word_1_294' title='bbox 1270 2903 1398 2968; x_wconf 86' lang='lat' dir='ltr'>baptizati</span> <span class='ocrx_word' id='word_1_295' title='bbox 1416 2907 1489 2954; x_wconf 89' lang='lat' dir='ltr'>sunt.</span> <span class='ocrx_word' id='word_1_296' title='bbox 1509 2901 1548 2952; x_wconf 87' lang='lat' dir='ltr'>ti-</span> 
     </span>
     <span class='ocr_line' id='line_1_29' title="bbox 348 2985 1553 3059; baseline -0.002 -21"><span class='ocrx_word' id='word_1_297' title='bbox 348 2985 448 3050; x_wconf 88' lang='lat' dir='ltr'>scripta</span> <span class='ocrx_word' id='word_1_298' title='bbox 460 2991 542 3050; x_wconf 89' lang='lat' dir='ltr'>sunt,</span> <span class='ocrx_word' id='word_1_299' title='bbox 557 2999 620 3039; x_wconf 88' lang='lat' dir='ltr'>curn</span> <span class='ocrx_word' id='word_1_300' title='bbox 633 2986 780 3039; x_wconf 84' lang='lat' dir='ltr'>schismata</span> <span class='ocrx_word' id='word_1_301' title='bbox 790 2992 817 3040; x_wconf 91' lang='lat' dir='ltr'>et</span> <span class='ocrx_word' id='word_1_302' title='bbox 829 2987 935 3040; x_wconf 89' lang='lat' dir='ltr'>dissen-</span> <span class='ocrx_word' id='word_1_303' title='bbox 967 2999 1032 3059; x_wconf 84' lang='lat' dir='ltr'>quet</span> <span class='ocrx_word' id='word_1_304' title='bbox 1045 2995 1126 3046; x_wconf 89' lang='lat' dir='ltr'>etiarn</span> <span class='ocrx_word' id='word_1_305' title='bbox 1150 2993 1213 3044; x_wconf 91' lang='lat' dir='ltr'>inde</span> <span class='ocrx_word' id='word_1_306' title='bbox 1232 3003 1287 3043; x_wconf 92' lang='lat' dir='ltr'>non</span> <span class='ocrx_word' id='word_1_307' title='bbox 1306 3001 1402 3042; x_wconf 91' lang='lat' dir='ltr'>omnes</span> <span class='ocrx_word' id='word_1_308' title='bbox 1421 2987 1505 3039; x_wconf 87' lang='lat' dir='ltr'>luisse</span> <span class='ocrx_word' id='word_1_309' title='bbox 1525 2986 1553 3036; x_wconf 90' lang='lat' dir='ltr'>in</span> 
     </span>
     <span class='ocr_line' id='line_1_30' title="bbox 347 3069 1549 3145; baseline 0 -23"><span class='ocrx_word' id='word_1_310' title='bbox 347 3070 440 3124; x_wconf 83' lang='lat' dir='ltr'>aiones</span> <span class='ocrx_word' id='word_1_311' title='bbox 462 3069 537 3123; x_wconf 90' lang='lat' dir='ltr'>inter</span> <span class='ocrx_word' id='word_1_312' title='bbox 559 3070 621 3124; x_wconf 90' lang='lat' dir='ltr'>illos</span> <span class='ocrx_word' id='word_1_313' title='bbox 642 3070 837 3134; x_wconf 85' lang='lat' dir='ltr'>merebantur,</span> <span class='ocrx_word' id='word_1_314' title='bbox 867 3071 933 3125; x_wconf 90' lang='lat' dir='ltr'>dum</span> <span class='ocrx_word' id='word_1_315' title='bbox 968 3081 1074 3133; x_wconf 74' lang='lat' dir='ltr'>cerisio</span> <span class='ocrx_word' id='word_1_316' title='bbox 1091 3080 1251 3145; x_wconf 81' lang='lat' dir='ltr'>baptizatos.</span> <span class='ocrx_word' id='word_1_317' title='bbox 1271 3076 1343 3128; x_wconf 79' lang='lat' dir='ltr'>Alias</span> <span class='ocrx_word' id='word_1_318' title='bbox 1361 3073 1428 3127; x_wconf 91' lang='lat' dir='ltr'>dicit</span> <span class='ocrx_word' id='word_1_319' title='bbox 1447 3087 1454 3123; x_wconf 71' lang='grc' dir='ltr'><em>ι</em></span> <span class='ocrx_word' id='word_1_320' title='bbox 1472 3091 1488 3120; x_wconf 89' lang='lat'>«</span> <span class='ocrx_word' id='word_1_321' title='bbox 1508 3073 1549 3122; x_wconf 73' lang='lat' dir='ltr'>Au</span> 
     </span>
     <span class='ocr_line' id='line_1_31' title="bbox 347 3155 1553 3230; baseline 0.001 -24"><span class='ocrx_word' id='word_1_322' title='bbox 347 3155 933 3223; x_wconf 79' lang='lat' dir='ltr'>aliuseaelodeputat,altusnpcllc.ero·</span> <span class='ocrx_word' id='word_1_323' title='bbox 967 3165 1098 3230; x_wconf 68' lang='lat' dir='ltr'>ignoratis</span> <span class='ocrx_word' id='word_1_324' title='bbox 1134 3164 1197 3228; x_wconf 85' lang='lat' dir='ltr'>quia</span> <span class='ocrx_word' id='word_1_325' title='bbox 1229 3161 1394 3228; x_wconf 83' lang='lat' dir='ltr'>quicumque</span> <span class='ocrx_word' id='word_1_326' title='bbox 1425 3156 1553 3223; x_wconf 80' lang='lat' dir='ltr'>baptizati</span> 
     </span>
     <span class='ocr_line' id='line_1_32' title="bbox 346 3241 1553 3309; baseline 0.002 -16"><span class='ocrx_word' id='word_1_327' title='bbox 346 3245 407 3306; x_wconf 89' lang='lat' dir='ltr'>pter</span> <span class='ocrx_word' id='word_1_328' title='bbox 424 3242 498 3307; x_wconf 88' lang='lat' dir='ltr'>qued</span> <span class='ocrx_word' id='word_1_329' title='bbox 510 3241 639 3307; x_wconf 82' lang='lat' dir='ltr'>pacificus</span> <span class='ocrx_word' id='word_1_330' title='bbox 649 3244 811 3309; x_wconf 79' lang='lat' dir='ltr'>Apostolus,</span> <span class='ocrx_word' id='word_1_331' title='bbox 824 3257 859 3297; x_wconf 92' lang='lat' dir='ltr'>ne</span> <span class='ocrx_word' id='word_1_332' title='bbox 878 3244 930 3297; x_wconf 88' lang='lat' dir='ltr'>sibi</span> <span class='ocrx_word' id='word_1_333' title='bbox 967 3264 1062 3304; x_wconf 88' lang='lat' dir='ltr'>sumus</span> <span class='ocrx_word' id='word_1_334' title='bbox 1081 3250 1108 3300; x_wconf 92' lang='lat' dir='ltr'>in</span> <span class='ocrx_word' id='word_1_335' title='bbox 1124 3248 1230 3300; x_wconf 87' lang='lat' dir='ltr'>christo</span> <span class='ocrx_word' id='word_1_336' title='bbox 1251 3248 1332 3308; x_wconf 84' lang='lat' dir='ltr'>lesu,</span> <span class='ocrx_word' id='word_1_337' title='bbox 1353 3245 1380 3296; x_wconf 91' lang='lat' dir='ltr'>in</span> <span class='ocrx_word' id='word_1_338' title='bbox 1402 3248 1490 3297; x_wconf 91' lang='lat' dir='ltr'>morte</span> <span class='ocrx_word' id='word_1_339' title='bbox 1510 3244 1553 3307; x_wconf 92' lang='lat' dir='ltr'>ip-</span> 
     </span>
     <span class='ocr_line' id='line_1_33' title="bbox 347 3326 1552 3398; baseline 0 -19"><span class='ocrx_word' id='word_1_340' title='bbox 347 3326 439 3380; x_wconf 90' lang='lat' dir='ltr'>omnia</span> <span class='ocrx_word' id='word_1_341' title='bbox 448 3327 751 3393; x_wconf 80' lang='lat' dir='ltr'>detendereulderctur,</span> <span class='ocrx_word' id='word_1_342' title='bbox 763 3341 820 3382; x_wconf 91' lang='lat' dir='ltr'>nen</span> <span class='ocrx_word' id='word_1_343' title='bbox 830 3330 865 3383; x_wconf 91' lang='lat' dir='ltr'>ad</span> <span class='ocrx_word' id='word_1_344' title='bbox 880 3331 933 3383; x_wconf 86' lang='lat' dir='ltr'>tin·</span> <span class='ocrx_word' id='word_1_345' title='bbox 966 3336 1024 3388; x_wconf 89' lang='lat' dir='ltr'>sius</span> <span class='ocrx_word' id='word_1_346' title='bbox 1057 3331 1184 3398; x_wconf 83' lang='lat' dir='ltr'>baptizati</span> <span class='ocrx_word' id='word_1_347' title='bbox 1227 3332 1354 3384; x_wconf 75' lang='lat' dir='ltr'>sumus?</span> <span class='ocrx_word' id='word_1_348' title='bbox 1394 3328 1552 3394; x_wconf 82' lang='lat' dir='ltr'>consepulti</span> 
     </span>
     <span class='ocr_line' id='line_1_34' title="bbox 345 3413 1550 3482; baseline -0.002 -17"><span class='ocrx_word' id='word_1_349' title='bbox 345 3413 484 3478; x_wconf 71' lang='lat' dir='ltr'>gerendum</span> <span class='ocrx_word' id='word_1_350' title='bbox 501 3413 539 3466; x_wconf 90' lang='lat' dir='ltr'>ait</span> <span class='ocrx_word' id='word_1_351' title='bbox 550 3425 581 3466; x_wconf 88' lang='lat' dir='ltr'>se</span> <span class='ocrx_word' id='word_1_352' title='bbox 594 3415 725 3478; x_wconf 87' lang='lat' dir='ltr'>missurn,</span> <span class='ocrx_word' id='word_1_353' title='bbox 745 3415 793 3469; x_wconf 89' lang='lat' dir='ltr'>sed</span> <span class='ocrx_word' id='word_1_354' title='bbox 812 3415 847 3468; x_wconf 89' lang='lat' dir='ltr'>ad</span> <span class='ocrx_word' id='word_1_355' title='bbox 861 3429 931 3482; x_wconf 84' lang='lat' dir='ltr'>prae·</span> <span class='ocrx_word' id='word_1_356' title='bbox 966 3421 1038 3474; x_wconf 91' lang='lat' dir='ltr'>enim</span> <span class='ocrx_word' id='word_1_357' title='bbox 1057 3431 1152 3470; x_wconf 90' lang='lat' dir='ltr'>snmus</span> <span class='ocrx_word' id='word_1_358' title='bbox 1170 3430 1232 3471; x_wconf 90' lang='lat' dir='ltr'>cum</span> <span class='ocrx_word' id='word_1_359' title='bbox 1253 3417 1300 3469; x_wconf 90' lang='lat' dir='ltr'>ille</span> <span class='ocrx_word' id='word_1_360' title='bbox 1317 3429 1365 3482; x_wconf 92' lang='lat' dir='ltr'>per</span> <span class='ocrx_word' id='word_1_361' title='bbox 1382 3413 1550 3480; x_wconf 81' lang='lat' dir='ltr'>Baptismnm</span> 
     </span>
     <span class='ocr_line' id='line_1_35' title="bbox 345 3497 1552 3566; baseline 0.001 -18"><span class='ocrx_word' id='word_1_362' title='bbox 345 3497 930 3564; x_wconf 86' lang='lat' dir='ltr'>dicandum.Nametpriusestpraedicare‚</span> <span class='ocrx_word' id='word_1_363' title='bbox 965 3504 993 3555; x_wconf 94' lang='lat' dir='ltr'>in</span> <span class='ocrx_word' id='word_1_364' title='bbox 1022 3508 1138 3556; x_wconf 89' lang='lat' dir='ltr'>mortem</span> <span class='ocrx_word' id='word_1_365' title='bbox 1164 3517 1171 3553; x_wconf 76' lang='grc' dir='ltr'><strong>ε</strong></span> <span class='ocrx_word' id='word_1_366' title='bbox 1199 3507 1229 3554; x_wconf 90' lang='lat' dir='ltr'>ut</span> <span class='ocrx_word' id='word_1_367' title='bbox 1259 3500 1400 3566; x_wconf 79' lang='lat' dir='ltr'>quomodo</span> <span class='ocrx_word' id='word_1_368' title='bbox 1428 3498 1552 3552; x_wconf 81' lang='lat' dir='ltr'>Christus</span> 
     </span>
     <span class='ocr_line' id='line_1_36' title="bbox 344 3582 1551 3653; baseline 0.005 -18"><span class='ocrx_word' id='word_1_369' title='bbox 344 3582 482 3646; x_wconf 89' lang='lat' dir='ltr'>posterius</span> <span class='ocrx_word' id='word_1_370' title='bbox 493 3582 626 3648; x_wconf 82' lang='lat' dir='ltr'>tinguere.</span> <span class='ocrx_word' id='word_1_371' title='bbox 639 3584 693 3636; x_wconf 88' lang='lat' dir='ltr'>Sed</span> <span class='ocrx_word' id='word_1_372' title='bbox 702 3584 738 3637; x_wconf 86' lang='lat' dir='ltr'>sit</span> <span class='ocrx_word' id='word_1_373' title='bbox 750 3584 826 3650; x_wconf 92' lang='lat' dir='ltr'>prius</span> <span class='ocrx_word' id='word_1_374' title='bbox 836 3587 932 3650; x_wconf 85' lang='lat' dir='ltr'>praedi-</span> <span class='ocrx_word' id='word_1_375' title='bbox 965 3589 1081 3642; x_wconf 90' lang='lat' dir='ltr'>surrexit</span> <span class='ocrx_word' id='word_1_376' title='bbox 1107 3602 1122 3642; x_wconf 89' lang='lat' dir='ltr'>a</span> <span class='ocrx_word' id='word_1_377' title='bbox 1150 3588 1265 3642; x_wconf 90' lang='lat' dir='ltr'>mortuis</span> <span class='ocrx_word' id='word_1_378' title='bbox 1291 3600 1340 3653; x_wconf 91' lang='lat' dir='ltr'>per</span> <span class='ocrx_word' id='word_1_379' title='bbox 1361 3587 1474 3653; x_wconf 83' lang='lat' dir='ltr'>gloriam</span> <span class='ocrx_word' id='word_1_380' title='bbox 1503 3589 1551 3641; x_wconf 84' lang='lat' dir='ltr'>Pa-</span> 
     </span>
     <span class='ocr_line' id='line_1_37' title="bbox 345 3668 1551 3736; baseline 0.005 -18"><span class='ocrx_word' id='word_1_381' title='bbox 345 3672 453 3718; x_wconf 88' lang='lat' dir='ltr'>catum:</span> <span class='ocrx_word' id='word_1_382' title='bbox 463 3671 529 3732; x_wconf 92' lang='lat' dir='ltr'>pute</span> <span class='ocrx_word' id='word_1_383' title='bbox 541 3672 643 3729; x_wconf 90' lang='lat' dir='ltr'>autem,</span> <span class='ocrx_word' id='word_1_384' title='bbox 657 3668 734 3721; x_wconf 91' lang='lat' dir='ltr'>licuit</span> <span class='ocrx_word' id='word_1_385' title='bbox 745 3673 772 3721; x_wconf 86' lang='lat' dir='ltr'>et</span> <span class='ocrx_word' id='word_1_386' title='bbox 784 3668 929 3736; x_wconf 76' lang='lat' dir='ltr'>tinguere,</span> <span class='ocrx_word' id='word_1_387' title='bbox 966 3675 1032 3736; x_wconf 89' lang='lat' dir='ltr'>tris,</span> <span class='ocrx_word' id='word_1_388' title='bbox 1048 3675 1084 3728; x_wconf 91' lang='lat' dir='ltr'>ita</span> <span class='ocrx_word' id='word_1_389' title='bbox 1102 3680 1129 3728; x_wconf 93' lang='lat' dir='ltr'>et</span> <span class='ocrx_word' id='word_1_390' title='bbox 1146 3687 1198 3728; x_wconf 88' lang='lat' dir='ltr'>nos</span> <span class='ocrx_word' id='word_1_391' title='bbox 1218 3675 1245 3726; x_wconf 93' lang='lat' dir='ltr'>in</span> <span class='ocrx_word' id='word_1_392' title='bbox 1266 3673 1385 3728; x_wconf 88' lang='lat' dir='ltr'>novitate</span> <span class='ocrx_word' id='word_1_393' title='bbox 1408 3673 1471 3728; x_wconf 85' lang='lat' dir='ltr'>vitae</span> <span class='ocrx_word' id='word_1_394' title='bbox 1491 3687 1551 3726; x_wconf 85' lang='lat' dir='ltr'>am-</span> 
     </span>
     <span class='ocr_line' id='line_1_38' title="bbox 345 3750 1548 3816; baseline 0.001 -7"><span class='ocrx_word' id='word_1_395' title='bbox 345 3751 387 3803; x_wconf 82' lang='lat' dir='ltr'>cui</span> <span class='ocrx_word' id='word_1_396' title='bbox 398 3750 639 3816; x_wconf 84' lang='lat' dir='ltr'>licuitpraedlcare.</span> <span class='ocrx_word' id='word_1_397' title='bbox 651 3752 687 3799; x_wconf 76' lang='lat'>»¹</span> <span class='ocrx_word' id='word_1_398' title='bbox 964 3761 1100 3814; x_wconf 83' lang='lat' dir='ltr'>nutemus.</span> <span class='ocrx_word' id='word_1_399' title='bbox 1121 3780 1133 3806; x_wconf 76' lang='lat' dir='ltr'>u</span> <span class='ocrx_word' id='word_1_400' title='bbox 1150 3759 1161 3794; x_wconf 82' lang='lat'>⁷</span> <span class='ocrx_word' id='word_1_401' title='bbox 1179 3760 1220 3812; x_wconf 82' lang='lat' dir='ltr'>ld</span> <span class='ocrx_word' id='word_1_402' title='bbox 1236 3760 1414 3812; x_wconf 82' lang='lat' dir='ltr'>colossenses</span> <span class='ocrx_word' id='word_1_403' title='bbox 1433 3759 1548 3812; x_wconf 83' lang='lat' dir='ltr'>scribit:</span> 
     </span>
     <span class='ocr_line' id='line_1_39' title="bbox 375 3834 1551 3912; baseline -0.006 -10"><span class='ocrx_word' id='word_1_404' title='bbox 375 3837 418 3887; x_wconf 79' lang='grc'>69·</span> <span class='ocrx_word' id='word_1_405' title='bbox 435 3834 493 3901; x_wconf 59' lang='lat'><em>01²1·</em></span> <span class='ocrx_word' id='word_1_406' title='bbox 507 3838 549 3888; x_wconf 75' lang='lat'>⁴9·</span> <span class='ocrx_word' id='word_1_407' title='bbox 563 3839 708 3902; x_wconf 71' lang='lat' dir='ltr'>Apostolus</span> <span class='ocrx_word' id='word_1_408' title='bbox 723 3845 830 3894; x_wconf 84' lang='lat' dir='ltr'>ueteres</span> <span class='ocrx_word' id='word_1_409' title='bbox 844 3842 929 3902; x_wconf 83' lang='lat' dir='ltr'>ritus,</span> <span class='ocrx_word' id='word_1_410' title='bbox 966 3866 978 3891; x_wconf 70' lang='lat' dir='ltr'>a</span> <span class='ocrx_word' id='word_1_411' title='bbox 992 3845 1148 3912; x_wconf 81' lang='lat' dir='ltr'>Consepulti</span> <span class='ocrx_word' id='word_1_412' title='bbox 1162 3845 1186 3898; x_wconf 89' lang='lat' dir='ltr'>ci</span> <span class='ocrx_word' id='word_1_413' title='bbox 1198 3846 1226 3896; x_wconf 93' lang='lat' dir='ltr'>iu</span> <span class='ocrx_word' id='word_1_414' title='bbox 1239 3844 1394 3909; x_wconf 84' lang='lat' dir='ltr'>baptismo,</span> <span class='ocrx_word' id='word_1_415' title='bbox 1413 3843 1440 3896; x_wconf 96' lang='lat' dir='ltr'>in</span> <span class='ocrx_word' id='word_1_416' title='bbox 1456 3853 1511 3910; x_wconf 85' lang='lat' dir='ltr'>qno</span> <span class='ocrx_word' id='word_1_417' title='bbox 1524 3848 1551 3896; x_wconf 87' lang='lat' dir='ltr'>et</span> 
     </span>
     <span class='ocr_line' id='line_1_40' title="bbox 343 3920 1550 3997; baseline 0.007 -27"><span class='ocrx_word' id='word_1_418' title='bbox 343 3920 390 3984; x_wconf 83' lang='lat' dir='ltr'>qni</span> <span class='ocrx_word' id='word_1_419' title='bbox 412 3920 467 3986; x_wconf 82' lang='lat' dir='ltr'>jam</span> <span class='ocrx_word' id='word_1_420' title='bbox 492 3920 619 3974; x_wconf 88' lang='lat' dir='ltr'>abolendi</span> <span class='ocrx_word' id='word_1_421' title='bbox 643 3928 740 3988; x_wconf 90' lang='lat' dir='ltr'>erant,</span> <span class='ocrx_word' id='word_1_422' title='bbox 765 3939 929 3990; x_wconf 80' lang='lat' dir='ltr'>recensens,</span> <span class='ocrx_word' id='word_1_423' title='bbox 963 3931 1164 3985; x_wconf 83' lang='lat' dir='ltr'>resurrrexistis</span> <span class='ocrx_word' id='word_1_424' title='bbox 1192 3944 1240 3997; x_wconf 91' lang='lat' dir='ltr'>per</span> <span class='ocrx_word' id='word_1_425' title='bbox 1269 3931 1351 3984; x_wconf 83' lang='lat' dir='ltr'>fidem</span> <span class='ocrx_word' id='word_1_426' title='bbox 1381 3929 1550 3996; x_wconf 87' lang='lat' dir='ltr'>operationis</span> 
     </span>
     <span class='ocr_line' id='line_1_41' title="bbox 344 4005 1073 4078; baseline 0.007 -20"><span class='ocrx_word' id='word_1_427' title='bbox 344 4005 515 4072; x_wconf 87' lang='lat' dir='ltr'>baptismata</span> <span class='ocrx_word' id='word_1_428' title='bbox 533 4006 566 4059; x_wconf 89' lang='lat' dir='ltr'>iis</span> <span class='ocrx_word' id='word_1_429' title='bbox 582 4015 710 4062; x_wconf 85' lang='lat' dir='ltr'>accenset</span> <span class='ocrx_word' id='word_1_430' title='bbox 726 4024 734 4062; x_wconf 74' lang='grc' dir='ltr'><strong><em>ε</em></strong></span> <span class='ocrx_word' id='word_1_431' title='bbox 753 4028 769 4058; x_wconf 91' lang='lat'>«</span> <span class='ocrx_word' id='word_1_432' title='bbox 784 4013 848 4074; x_wconf 83' lang='lat' dir='ltr'>Quae</span> <span class='ocrx_word' id='word_1_433' title='bbox 865 4025 945 4078; x_wconf 76' lang='lat' dir='ltr'>para·</span> <span class='ocrx_word' id='word_1_434' title='bbox 963 4017 1020 4070; x_wconf 83' lang='lat' dir='ltr'>ilci.</span> <span class='ocrx_word' id='word_1_435' title='bbox 1034 4017 1073 4063; x_wconf 79' lang='lat'>»⁸</span> 
     </span>
     <span class='ocr_line' id='line_1_42' title="bbox 342 4090 1549 4169; baseline 0.007 -27"><span class='ocrx_word' id='word_1_436' title='bbox 342 4090 927 4161; x_wconf 77' lang='lat' dir='ltr'>nolaesttcmperlsinstantiszjuxtaquam</span> <span class='ocrx_word' id='word_1_437' title='bbox 995 4103 1036 4154; x_wconf 73' lang='lat'>72.</span> <span class='ocrx_word' id='word_1_438' title='bbox 1047 4104 1125 4168; x_wconf 82' lang='lat' dir='ltr'>liccp.</span> <span class='ocrx_word' id='word_1_439' title='bbox 1135 4104 1281 4169; x_wconf 78' lang='lat' dir='ltr'>apestolus</span> <span class='ocrx_word' id='word_1_440' title='bbox 1291 4101 1390 4167; x_wconf 78' lang='lat' dir='ltr'>egilde</span> <span class='ocrx_word' id='word_1_441' title='bbox 1400 4100 1549 4166; x_wconf 89' lang='lat' dir='ltr'>adoptione</span> 
     </span>
     <span class='ocr_line' id='line_1_43' title="bbox 342 4175 1551 4255; baseline -0.002 -15"><span class='ocrx_word' id='word_1_442' title='bbox 342 4189 457 4230; x_wconf 70' lang='grc'>1111111011</span> <span class='ocrx_word' id='word_1_443' title='bbox 469 4181 497 4230; x_wconf 77' lang='grc' dir='ltr'>θῑ</span> <span class='ocrx_word' id='word_1_444' title='bbox 509 4176 607 4230; x_wconf 73' lang='lat' dir='ltr'>¹¹⁰⁵tiae</span> <span class='ocrx_word' id='word_1_445' title='bbox 620 4175 783 4241; x_wconf 68' lang='lat' dir='ltr'>Offefflssffll,</span> <span class='ocrx_word' id='word_1_446' title='bbox 796 4194 859 4246; x_wconf 74' lang='lat' dir='ltr'>(lllae</span> <span class='ocrx_word' id='word_1_447' title='bbox 871 4195 927 4235; x_wconf 83' lang='grc'>1011</span> <span class='ocrx_word' id='word_1_448' title='bbox 962 4201 1015 4253; x_wconf 86' lang='lat' dir='ltr'>qua</span> <span class='ocrx_word' id='word_1_449' title='bbox 1025 4189 1176 4255; x_wconf 79' lang='lat' dir='ltr'>gaudemus</span> <span class='ocrx_word' id='word_1_450' title='bbox 1187 4188 1215 4240; x_wconf 91' lang='lat' dir='ltr'>in</span> <span class='ocrx_word' id='word_1_451' title='bbox 1227 4187 1335 4240; x_wconf 81' lang='lat' dir='ltr'>Christo</span> <span class='ocrx_word' id='word_1_452' title='bbox 1347 4226 1355 4250; x_wconf 89' lang='lat'><em>‚</em></span> <span class='ocrx_word' id='word_1_453' title='bbox 1368 4191 1395 4238; x_wconf 88' lang='lat' dir='ltr'>ct</span> <span class='ocrx_word' id='word_1_454' title='bbox 1413 4185 1551 4238; x_wconf 88' lang='lat' dir='ltr'>conditio-</span> 
     </span>
     <span class='ocr_line' id='line_1_44' title="bbox 341 4263 1553 4333; baseline 0.007 -19"><span class='ocrx_word' id='word_1_455' title='bbox 341 4266 459 4326; x_wconf 88' lang='lat' dir='ltr'>possunt</span> <span class='ocrx_word' id='word_1_456' title='bbox 473 4263 550 4329; x_wconf 77' lang='lat' dir='ltr'>Juxta</span> <span class='ocrx_word' id='word_1_457' title='bbox 569 4263 764 4318; x_wconf 88' lang='lat' dir='ltr'>conscientiam</span> <span class='ocrx_word' id='word_1_458' title='bbox 777 4266 925 4333; x_wconf 86' lang='lat' dir='ltr'>perlectum</span> <span class='ocrx_word' id='word_1_459' title='bbox 960 4286 1024 4326; x_wconf 88' lang='lat' dir='ltr'>nem</span> <span class='ocrx_word' id='word_1_460' title='bbox 1037 4280 1166 4328; x_wconf 90' lang='lat' dir='ltr'>nostram</span> <span class='ocrx_word' id='word_1_461' title='bbox 1179 4287 1241 4328; x_wconf 89' lang='lat' dir='ltr'>eum</span> <span class='ocrx_word' id='word_1_462' title='bbox 1252 4273 1409 4326; x_wconf 81' lang='lat' dir='ltr'>ludaeorum</span> <span class='ocrx_word' id='word_1_463' title='bbox 1423 4270 1553 4325; x_wconf 89' lang='lat' dir='ltr'>servitute</span> 
     </span>
    </p>
   </div>
   <div class='ocr_carea' id='block_1_5' title="bbox 338 4484 1177 4807">
    <p class='ocr_par' dir='ltr' id='par_1_7' title="bbox 370 4484 1149 4545">
     <span class='ocr_line' id='line_1_45' title="bbox 370 4484 1149 4545; baseline 0.008 -17"><span class='ocrx_word' id='word_1_464' title='bbox 370 4486 397 4538; x_wconf 82' lang='lat' dir='ltr'>(l)</span> <span class='ocrx_word' id='word_1_465' title='bbox 408 4489 454 4527; x_wconf 78' lang='lat' dir='ltr'>rtet.</span> <span class='ocrx_word' id='word_1_466' title='bbox 462 4484 485 4526; x_wconf 85' lang='lat' dir='ltr'>it.</span> <span class='ocrx_word' id='word_1_467' title='bbox 495 4489 526 4527; x_wconf 71' lang='lat'>80·</span> <span class='ocrx_word' id='word_1_468' title='bbox 989 4493 1016 4545; x_wconf 71' lang='lat' dir='ltr'>(a)</span> <span class='ocrx_word' id='word_1_469' title='bbox 1024 4493 1079 4534; x_wconf 76' lang='lat' dir='ltr'>liet.</span> <span class='ocrx_word' id='word_1_470' title='bbox 1089 4505 1109 4534; x_wconf 83' lang='lat' dir='ltr'>x.</span> <span class='ocrx_word' id='word_1_471' title='bbox 1116 4498 1149 4534; x_wconf 75' lang='lat' dir='ltr'>it.</span> 
     </span>
    </p>

    <p class='ocr_par' dir='ltr' id='par_1_8' title="bbox 366 4555 1157 4614">
     <span class='ocr_line' id='line_1_46' title="bbox 366 4555 1157 4614; baseline 0.004 -16"><span class='ocrx_word' id='word_1_472' title='bbox 366 4558 393 4609; x_wconf 75' lang='lat' dir='ltr'>(ar</span> <span class='ocrx_word' id='word_1_473' title='bbox 401 4558 426 4597; x_wconf 78' lang='lat' dir='ltr'>t.</span> <span class='ocrx_word' id='word_1_474' title='bbox 434 4557 461 4598; x_wconf 79' lang='lat' dir='ltr'>de</span> <span class='ocrx_word' id='word_1_475' title='bbox 469 4557 581 4610; x_wconf 68' lang='lat' dir='ltr'>captione</span> <span class='ocrx_word' id='word_1_476' title='bbox 591 4567 610 4598; x_wconf 87' lang='lat' dir='ltr'>e.</span> <span class='ocrx_word' id='word_1_477' title='bbox 620 4555 662 4598; x_wconf 78' lang='lat' dir='ltr'>riv.</span> <span class='ocrx_word' id='word_1_478' title='bbox 674 4556 702 4610; x_wconf 76' lang='lat' dir='ltr'>(a)</span> <span class='ocrx_word' id='word_1_479' title='bbox 710 4558 763 4601; x_wconf 79' lang='lat' dir='ltr'>ileb.</span> <span class='ocrx_word' id='word_1_480' title='bbox 771 4559 800 4600; x_wconf 83' lang='lat' dir='ltr'>ix.</span> <span class='ocrx_word' id='word_1_481' title='bbox 807 4565 827 4600; x_wconf 82' lang='lat' dir='ltr'>a.</span> <span class='ocrx_word' id='word_1_482' title='bbox 988 4562 1016 4614; x_wconf 79' lang='lat' dir='ltr'>(c)</span> <span class='ocrx_word' id='word_1_483' title='bbox 1023 4562 1069 4603; x_wconf 43' lang='lat' dir='ltr'>Gal,</span> <span class='ocrx_word' id='word_1_484' title='bbox 1079 4561 1111 4601; x_wconf 86' lang='lat' dir='ltr'>iii.</span> <span class='ocrx_word' id='word_1_485' title='bbox 1123 4567 1157 4602; x_wconf 78' lang='lat' dir='ltr'>ar.</span> 
     </span>
    </p>

    <p class='ocr_par' dir='ltr' id='par_1_9' title="bbox 338 4626 1177 4807">
     <span class='ocr_line' id='line_1_47' title="bbox 365 4626 1177 4682; baseline 0.006 -15"><span class='ocrx_word' id='word_1_486' title='bbox 365 4628 392 4678; x_wconf 80' lang='lat' dir='ltr'>lt)</span> <span class='ocrx_word' id='word_1_487' title='bbox 401 4626 468 4680; x_wconf 68' lang='lat' dir='ltr'>ltoysl</span> <span class='ocrx_word' id='word_1_488' title='bbox 482 4630 612 4680; x_wconf 67' lang='lat' dir='ltr'>preceptum</span> <span class='ocrx_word' id='word_1_489' title='bbox 625 4633 658 4668; x_wconf 82' lang='lat' dir='ltr'>est</span> <span class='ocrx_word' id='word_1_490' title='bbox 667 4633 691 4669; x_wconf 89' lang='lat' dir='ltr'>ut</span> <span class='ocrx_word' id='word_1_491' title='bbox 704 4634 773 4670; x_wconf 75' lang='lat' dir='ltr'>Aaron</span> <span class='ocrx_word' id='word_1_492' title='bbox 782 4634 804 4670; x_wconf 84' lang='lat' dir='ltr'>et</span> <span class='ocrx_word' id='word_1_493' title='bbox 813 4629 869 4670; x_wconf 82' lang='lat' dir='ltr'>tilios</span> <span class='ocrx_word' id='word_1_494' title='bbox 878 4629 926 4682; x_wconf 78' lang='lat' dir='ltr'>ejus</span> <span class='ocrx_word' id='word_1_495' title='bbox 987 4631 1015 4682; x_wconf 83' lang='lat' dir='ltr'>(t)</span> <span class='ocrx_word' id='word_1_496' title='bbox 1025 4632 1085 4671; x_wconf 78' lang='lat' dir='ltr'>Rem.</span> <span class='ocrx_word' id='word_1_497' title='bbox 1094 4632 1123 4672; x_wconf 81' lang='lat' dir='ltr'>vi.</span> <span class='ocrx_word' id='word_1_498' title='bbox 1131 4635 1150 4682; x_wconf 80' lang='grc'>1,</span> <span class='ocrx_word' id='word_1_499' title='bbox 1159 4638 1177 4672; x_wconf 80' lang='lat' dir='ltr'>l.</span> 
     </span>
     <span class='ocr_line' id='line_1_48' title="bbox 338 4696 1144 4752; baseline 0.005 -16"><span class='ocrx_word' id='word_1_500' title='bbox 338 4696 423 4737; x_wconf 73' lang='lat' dir='ltr'>lerant</span> <span class='ocrx_word' id='word_1_501' title='bbox 441 4708 510 4749; x_wconf 75' lang='lat' dir='ltr'>aqua,</span> <span class='ocrx_word' id='word_1_502' title='bbox 524 4707 562 4738; x_wconf 81' lang='lat' dir='ltr'>ees</span> <span class='ocrx_word' id='word_1_503' title='bbox 578 4697 699 4739; x_wconf 75' lang='lat' dir='ltr'>sacerdotio</span> <span class='ocrx_word' id='word_1_504' title='bbox 715 4698 848 4740; x_wconf 75' lang='lat' dir='ltr'>initurum.</span> <span class='ocrx_word' id='word_1_505' title='bbox 861 4700 927 4741; x_wconf 79' lang='lat' dir='ltr'>Excd.</span> <span class='ocrx_word' id='word_1_506' title='bbox 986 4702 1016 4752; x_wconf 72' lang='grc' dir='ltr'>(Β)</span> <span class='ocrx_word' id='word_1_507' title='bbox 1026 4700 1070 4742; x_wconf 86' lang='lat' dir='ltr'>Col.</span> <span class='ocrx_word' id='word_1_508' title='bbox 1080 4699 1103 4740; x_wconf 93' lang='lat' dir='ltr'>ii.</span> <span class='ocrx_word' id='word_1_509' title='bbox 1113 4705 1144 4740; x_wconf 73' lang='lat' dir='ltr'>lt.</span> 
     </span>
     <span class='ocr_line' id='line_1_49' title="bbox 339 4766 421 4807; baseline 0.012 -2"><span class='ocrx_word' id='word_1_510' title='bbox 339 4766 392 4807; x_wconf 81' lang='lat' dir='ltr'>uix.</span> <span class='ocrx_word' id='word_1_511' title='bbox 402 4769 421 4806; x_wconf 83' lang='lat' dir='ltr'>t.</span> 
     </span>
    </p>
   </div>
   <div class='ocr_carea' id='block_1_6' title="bbox 0 0 1900 5550">
    <p class='ocr_par' dir='ltr' id='par_1_10' title="bbox 0 0 1900 5550">
     <span class='ocr_line' id='line_1_50' title="bbox 0 0 1900 5550; baseline 0 7"><span class='ocrx_word' id='word_1_512' title='bbox 0 0 1900 5550; x_wconf 95' lang='lat' dir='ltr'> </span> 
     </span>
    </p>
   </div>
  </div>
 </body>
</html>
