3792 5550
680 534 787 594 turcl.
805 522 867 577 llll.
887 520 913 568 P.
926 514 945 563 Ι.
960 510 1000 561 DE
1018 498 1241 557 uuehuulsrlu.

590 677 595 687 .
635 674 693 719 osse
712 633 942 707 „mnamuominh
977 629 1034 693 ipsc
1060 619 1284 688 pollicitationem
1314 614 1413 668 christi
1435 612 1471 666 de
1499 625 1573 679 pane

715 736 747 789 ad
765 732 848 783 instar
871 718 942 772 illius
974 708 1079 765 eoelesti
1100 704 1193 757 dando
1217 700 1366 755 retulisset.

731 822 824 868 'tutum
850 808 942 857 Sacra·
1009 795 1049 843 t'l.
1081 789 1140 854 otj.
1164 792 1190 839 7.
1214 789 1279 850 Quae
1301 789 1379 837 serto
1404 782 1496 848 capite
1529 782 1575 833 sul

731 896 941 953 tecitdaeternm
974 876 1112 943 Evangelii
1138 874 1221 928 refert
1246 875 1405 925 loannesa
1434 866 1574 921 versiculo

901 971 941 1022 te·
972 964 1005 1015 52
1022 962 1058 1014 ad
1071 959 1154 1012 linem
1167 968 1256 1022 usque
1266 992 1275 1017 ,
1287 955 1323 1007 de
1342 964 1459 1018 corpore
1471 948 1575 1003 christi

641 1081 763 1139 dmagna
775 1061 855 1118 animi
867 1056 940 1124 puri·
972 1045 1097 1108 coelesti,
1116 1055 1217 1108 nempe
1232 1041 1267 1093 de
1287 1040 1395 1093 semine
1419 1040 1508 1109 vitae,
1532 1036 1574 1087 in·

973 1130 1121 1197 telligenda
1149 1133 1234 1188 sunt3
1253 1124 1318 1178 dicit
1333 1123 1409 1177 enim
1429 1137 1437 1173 ε
1460 1142 1473 1167 u
1495 1123 1574 1173 l‘ater

403 1278 434 1287 ,,
587 1278 594 1287 ,
973 1228 1052 1268 niens
1074 1215 1120 1266 dat
1142 1211 1222 1271 vobis
1243 1222 1342 1275 panem
1367 1208 1403 1260 de
1436 1206 1509 1259 coelo
1530 1218 1574 1259 ve·

375 1288 446 1409 manib
466 1348 523 1413 ΘΜ.
544 1344 568 1393 4.
588 1339 668 1387 voces
687 1324 738 1377 ΜΕ
763 1316 880 1367 «donec
899 1324 940 1365 ve.
973 1315 1044 1354 rum.
1064 1321 1077 1347 n
1097 1300 1180 1365 «Ego
1200 1309 1262 1349 sum
1281 1293 1359 1361 panis
1377 1292 1424 1358 qui
1438 1292 1479 1385 ¹de
1500 1292 1572 1345 coelo

372 1445 426 1499 „tat
439 1394 463 1484 ι»
480 1416 657 1489 intelligenda
679 1410 741 1460 sunt
765 1402 799 1453 de
824 1398 941 1451 adventu
974 1384 1116 1441 descendi.
1131 1402 1143 1427 v
1156 1385 1241 1433 Nemo
1252 1382 1344 1474 autem
1359 1377 1457 1471 dixerut
1469 1387 1571 1470 eorpus

370 1519 466 1581 chri-sti
490 1516 516 1566 in
534 1503 612 1559 corda
625 1493 761 1547 hommum
775 1499 782 1534 :
797 1480 941 1535 corinthiis
974 1484 1055 1522 suum
1078 1472 1219 1521 externum
1237 1464 1312 1529 quod
1329 1476 1356 1513 m
1376 1467 1456 1514 terris
1476 1461 1571 1513 hahuit

366 1608 466 1677 quippe
489 1595 573 1648 adhuc
587 1574 696 1634 infirnus
715 1566 832 1635 permitti
853 1564 943 1631 potuit
975 1570 990 1608 e
1009 1554 1081 1607 coelo
1098 1564 1160 1605 esse
1176 1549 1328 1614 delapsum.
1354 1631 1360 1641 ·
1488 1629 1494 1639 ·

366 1693 403 1747 aa
425 1690 538 1744 tempu-t,
565 1673 592 1719 „2
617 1656 700 1723 signis
721 1653 774 1703 iltis
792 1654 941 1710 uterentur,
1009 1642 1049 1691 18.
1072 1640 1151 1701 llesp.
1174 1636 1212 1686 lle
1232 1646 1262 1686 se
1286 1633 1407 1697 loquitur
1432 1630 1572 1693 Christus,

366 1783 428 1841 ⁴1¹¹oe
437 1764 494 1819 aliis
507 1767 566 1809 cum
579 1744 681 1799 Christo
694 1739 750 1805 jam
762 1733 941 1797 resuscitatis,
976 1737 1061 1787 seque
1078 1736 1094 1774 a
1112 1720 1183 1774 eoelo
1197 1716 1393 1777 descendisse,
1414 1721 1442 1767 et
1460 1728 1524 1767 esse
1545 1714 1574 1767 in

366 1864 395 1913 ἃ
405 1857 430 1907 jn
445 1838 594 1901 coelestibus
611 1822 826 1883 considentibus,
840 1820 940 1873 mentis
978 1810 1048 1863 coelo
1061 1807 1127 1860 dicit
1134 1830 1148 1870 ·,
1166 1810 1196 1858 ot
1208 1816 1287 1855 suam
1299 1802 1434 1868 originem
1446 1813 1462 1852 a
1475 1800 1573 1862 Patre,

365 1927 562 2008 cogitatioveel
580 1912 675 1968 affectu
693 1907 802 1969 cordis,
820 1909 884 1959 sunt
901 1919 945 1957 su.
976 1903 1005 1949 et
1043 1894 1167 1947 intimam
1209 1896 1313 1943 naturae
1351 1887 1575 1953 conjunctionem

390 2022 479 2079 &flua
977 1995 1040 2035 cum
1068 1984 1146 2031 Patre
1168 1977 1298 2029 insinuet.
1317 1976 1352 2026 Se
1377 1972 1504 2025 nominat
1526 1984 1575 2039 pa·

368 2044 438 2157 912,
457 2100 532 2155 pesp.
551 2078 678 2136 l‘arallela
697 2078 757 2129 loca
775 2077 836 2141 quae
856 2073 944 2126 addu-
977 2079 1060 2127 nem,
1086 2063 1185 2115 animae
1204 2060 1316 2121 cibum,
1339 2060 1386 2124 qui
1407 2057 1517 2109 coelitus
1532 2067 1576 2109 ve·

366 2193 449 2246 ximus
474 2168 619 2229 ostendunt
641 2162 675 2214 dc
699 2159 805 2212 bomini
826 2159 944 2212 adventu
977 2152 1027 2203 luti
1053 2151 1182 2215 delapsus
1212 2153 1254 2199 est
1269 2167 1282 2197 z.
1296 2146 1356 2211 ipse
1378 2143 1452 2197 enim
1473 2140 1522 2207 qui
1545 2140 1573 2194 iu

359 2262 502 2330 exteriori,
520 2255 547 2307 in
565 2251 617 2302 line
631 2246 742 2309 saeculi,
762 2259 823 2299 esse
843 2256 945 2297 sermo·
978 2236 1058 2288 terris
1077 2232 1238 2287 versabatur
1248 2268 1255 2294 ,
1265 2235 1323 2283 erat
1334 2228 1407 2280 idem
1421 2226 1469 2291 qui
1479 2225 1508 2278 in
1520 2238 1576 2279 coe·

360 2368 432 2414 mm,
444 2346 524 2413 lgitur
534 2334 605 2389 haud
620 2334 654 2385 ad
667 2338 794 2398 tempus,
809 2331 856 2384 sed
870 2344 943 2383 sem.
977 2322 1013 2372 lis
1030 2332 1093 2373 cum
1107 2321 1184 2369 l‘atre
1197 2316 1232 2369 ab
1252 2326 1310 2369 aevo
1332 2312 1473 2379 regnabat.
1498 2312 1577 2363 Pater

365 2452 411 2509 pe,
427 2434 487 2485 data
501 2429 542 2477 est
559 2418 673 2471 facultas
695 2424 810 2469 mortem
837 2413 943 2467 nomint
978 2406 1045 2457 dare
1065 2406 1138 2455 hunc
1151 2402 1243 2455 cibum
1262 2400 1376 2462 dicitur,
1397 2397 1461 2463 qnia
1479 2396 1578 2448 Filium

358 2508 524 2579 ¹sacramenti
558 2502 741 2557 celebratione
776 2510 945 2553 commemo·
979 2492 1127 2542 humanam
1149 2498 1260 2540 carnem
1291 2483 1369 2536 indui
1388 2482 1484 2537 voluit.
1503 2484 1579 2533 llanc

358 2600 446 2663 randi.
459 2598 511 2647 Nee
524 2586 641 2641 infirmis
655 2590 760 2638 tautum
779 2584 815 2637 ita
836 2583 947 2636 consul·
979 2589 1109 2637 carnem,
1124 2574 1212 2639 ipsam
1230 2583 1292 2636 quae
1305 2582 1355 2635 pro
1373 2569 1469 2622 mnndi
1485 2569 1578 2621 salute

362 2700 419 2745 qum
431 2720 438 2745 ,
451 2688 534 2744 quum
556 2671 702 2738 Apostolus
713 2669 842 2722 omnibus
855 2668 946 2732 injun·
980 2660 1073 2713 danda
1088 2664 1166 2721 crat,
1186 2671 1216 2710 se
1234 2657 1362 2709 daturum
1373 2653 1513 2721 pollicitus
1525 2659 1579 2707 est.

363 2778 406 2842 gat
424 2758 544 2818 uteorde
560 2755 691 2808 mundato
711 2754 746 2806 ad
761 2754 852 2807 cibum
869 2753 945 2805 illum
979 2746 1088 2798 Nullum
1116 2744 1160 2797 hic
1186 2743 1316 2797 indicium
1344 2738 1468 2805 corporis
1502 2738 1578 2792 illius

354 2854 495 2912 coelestem
516 2840 717 2907 degustandum
738 2838 878 2890 accedant.
981 2831 1067 2884 tietitil
1079 2830 1154 2895 qnod
1173 2829 1284 2880 coeleste
1297 2829 1394 2878 vocant
1406 2823 1534 2886 Quaheri.

392 2929 510 2994 110111.
532 2929 558 2978 tt.
583 2928 647 2989 Quae
677 2923 800 2976 Christus
828 2923 946 2977 lavaudd

358 3013 546 3084 Apostolorum
572 3009 657 3075 pedes
677 3009 760 3069 dixit,
779 3013 947 3074 praeceptum
1202 2997 1307 3049 CAPUT
1327 2994 1378 3046 ll.·

337 3107 341 3111 ’
359 3099 447 3172 potius
460 3099 574 3156 sonant,
594 3106 674 3158 quam
697 3104 758 3156 quae
776 3091 811 3142 de
826 3103 897 3156 pane
920 3097 947 3144 et

356 3189 419 3242 vino
442 3178 581 3246 protulit:
603 3183 722 3230 attamen
747 3187 828 3227 nemo
852 3187 882 3226 se
913 3174 947 3226 ad
1141 3180 1172 3218 nr
1189 3180 1222 3220 nn
1238 3177 1418 3230 noenumsrtn.

353 3283 419 3328 ⁵eum
440 3267 601 3320 imitandum
623 3279 654 3321 ea
677 3266 756 3317 inre
780 3261 866 3315 teneri
885 3274 948 3314 cen·
982 3321 987 3328 ⁴

353 3362 407 3412 set.
792 3369 796 3376 ·
1018 3342 1058 3394 19.
1066 3341 1193 3392 <Fuerunt
1210 3341 1333 3403 tempore
1345 3332 1468 3400 blartyris
1480 3331 1578 3399 Ignatii

379 1108 506 1169 brandum
519 1104 577 1149 esse
589 1125 597 1151 ,
611 1096 640 1137 se

374 1203 442 1252 tate.
463 1186 496 1239 ad
521 1178 591 1232 diem
619 1173 703 1228 usque
735 1153 866 1206 adventus
890 1145 938 1193 bo-

392 3441 431 3489 ll.
446 3439 524 3500 neap.
537 3437 575 3486 Ex
594 3440 650 3486 tota
663 3433 702 3486 rei
717 3439 801 3498 gestae
815 3432 948 3484 relatione
983 3425 1029 3491 qui
1049 3422 1245 3477 Eucharistiam
1265 3441 1278 3467 α
1300 3433 1363 3473 esse
1387 3430 1499 3470 carnem
1519 3418 1578 3468 Sal·

355 3522 424 3576 natis
437 3519 574 3584 colligitur
586 3518 767 3568 humilitatem
782 3515 863 3567 nobis
876 3528 951 3567 com·
983 3507 1086 3562 valoris
1105 3507 1191 3560 nostri
1212 3508 1278 3558 lesu
1286 3504 1385 3556 Christi
1399 3508 1577 3570 anegarent,

357 3603 492 3665 mendari,
506 3602 571 3666 quin
585 3607 661 3652 actus
674 3600 733 3664 ipse
745 3598 949 3665 pedeslavandi
984 3599 1065 3659 prout
1085 3592 1144 3657 ipse
1165 3596 1298 3654 testatur,
1315 3587 1502 3643 llenandriani
1524 3588 1578 3649 sci,

359 3686 480 3742 districte
499 3683 682 3750 praecipiatur.
697 3685 829 3735 Caeterum
850 3683 874 3734 si
896 3696 951 3748 qua
984 3677 1048 3730 lieet
1064 3677 1111 3742 qui
1127 3689 1219 3729 veram
1237 3676 1271 3728 ab
1286 3688 1319 3729 eo
1332 3664 1501 3740 assumptam
1515 3686 1578 3726 esse

355 3772 423 3828 inde
445 3769 510 3822 oriri
535 3773 630 3833 posset
654 3767 806 3830 dubitatio,
828 3780 863 3819 er
883 3771 951 3834 Apo·
984 3774 1094 3815 carnem
1113 3759 1281 3823 inficiantes,
1301 3759 1327 3811 in
1347 3759 1452 3820 alium,
1475 3771 1576 3811 neces-

360 3860 493 3914 stolorum
507 3855 590 3908 rebus
610 3855 694 3921 gostis
712 3861 739 3906 et
759 3845 958 3918 documentis,
984 3847 1056 3901 saria
1086 3846 1284 3912 consequentia
1296 3882 1314 3918 ,ι
1328 3845 1485 3898 inciderunt
1502 3855 1579 3895 erro-

361 3951 389 3998 et
417 3955 449 3994 ex
484 3940 566 3994 totins
597 3939 765 4006 antiquitatis
795 3938 951 3992 christianae
985 3947 1052 3988 rem.
1074 3931 1249 3985 leonomaebi
1273 3970 1281 3995 ,
1313 3937 1409 3984 octavo
1447 3930 1579 3992 saeculo,

354 4041 445 4081 sensu
456 4030 483 4079 et
497 4039 550 4078 usn
567 4025 645 4078 facile
658 4029 837 4079 excuteretur.
985 4019 1052 4071 dum
1061 4029 1201 4069 sacrarum
1213 4015 1362 4082 imaginum
1372 4014 1580 4069 venerationem

393 4113 433 4162 lii.
461 4109 560 4176 0116.
583 4112 724 4172 loannes,
746 4108 793 4174 qui
822 4107 951 4172 spiritalis
985 4104 1202 4167 impugnarent,
1236 4099 1433 4152 Eucharistiam
1451 4096 1454 4102 '
1472 4098 1582 4150 unicam

357 4199 420 4247 erat
430 4193 597 4258 discipulus,
610 4200 705 4260 utpote
720 4194 797 4246 sinus
821 4191 953 4244 bominioi
986 4187 1152 4252 imaginem,
1173 4197 1235 4249 quac
1252 4184 1367 4237 colenda
1386 4184 1472 4245 soret,
1485 4186 1582 4252 utpote

362 4290 524 4330 arcanorum
547 4279 691 4341 conscius,
705 4279 739 4330 dc
753 4291 823 4343 pune
843 4283 870 4328 et
889 4277 953 4329 vino
986 4275 1078 4339 usum
1094 4269 1403 4335 bominum‘speciebus
1421 4270 1582 4320 sacramen-

359 4362 480 4420 incoena
495 4361 590 4424 siluit,
609 4364 726 4428 plurima
746 4361 797 4414 alia
821 4360 951 4412 reterens.
987 4358 1108 4420 talibus,
1126 4363 1264 4421 tamquam
1285 4357 1344 4409 velo
1364 4354 1504 4420 quodam,
1531 4353 1583 4406 ob-

399 4447 439 4496 td.
463 4447 542 4509 liena.
561 4445 639 4496 siluit
653 4446 763 4511 quidem
779 4447 898 4497 loannes
918 4443 953 4494 de
988 4450 1089 4496 tectum
1111 4441 1238 4494 dicebant
1261 4462 1268 4491 ε
1293 4453 1410 4506 quorum
1436 4437 1582 4491 temeraria

364 4529 538 4582 Eucharistiae
557 4529 743 4593 institutione,
756 4542 836 4594 quam
848 4529 904 4593 jam
913 4541 955 4578 re·
988 4526 1118 4592 loquendi
1138 4525 1224 4587 ratio,
1242 4525 1366 4590 quamvis
1383 4524 1419 4577 de
1437 4537 1467 4575 re
1487 4525 1582 4576 Sacra-

360 4613 481 4666 tnlerant
502 4613 546 4666 alii
558 4613 704 4679 scriptores
724 4613 803 4666 sacri.
818 4615 880 4664 llaec
894 4611 954 4664 ido·
987 4612 1072 4664 menti
1093 4610 1184 4662 nullus
1205 4615 1280 4662 esset
1299 4621 1384 4672 error,
1404 4607 1519 4661 secundi
1537 4608 1582 4660 lli·

362 4710 417 4752 nea
447 4698 547 4752 silentii
572 4700 657 4763 ratio,
674 4704 854 4768 praeterquam
877 4697 951 4763 quod
986 4697 1055 4752 caeni
1075 4693 1187 4750 concilii
1205 4695 1330 4750 Patribus
1351 4693 1512 4763 gravissime
1525 4693 1581 4747 dis·
1644 4751 1649 4759 ,
