3792 5550
631 591 700 642 CAP.
719 590 786 642 vill.
806 590 848 641 DE
865 587 1013 642 olinthum
1029 586 1191 641 hinistlio
1471 587 1521 640 539

301 704 403 759 luerint
415 705 444 757 in
455 704 618 771 presbyterii
629 703 744 769 ordine,
756 705 803 757 uhi
815 705 892 771 prius
927 702 1064 756 Ecclesias
1077 703 1211 756 releratur
1225 743 1231 766 ,
1250 707 1278 756 et
1296 701 1473 769 presbyteros
1493 707 1521 755 et

299 790 407 843 fuerant
418 830 424 853 ,
437 797 468 842 ut
480 789 631 856 presbyteri
646 790 777 854 residere,
789 808 805 838 >r
817 803 893 853 men·
925 787 1058 840 diaconos
1078 787 1237 850 ordinasse,
1258 787 1291 841 ad
1312 786 1443 841 fidelibus
1453 799 1519 840 con·

298 877 337 930 tio
360 875 391 928 ut
414 875 445 927 in
471 875 538 941 ipsis
557 875 710 929 canonibus
730 877 891 943 ancyranis,
924 872 1108 927 solendum.³

297 973 369 1026 qnos
390 961 607 1026 chorepiscopos
630 973 704 1026 saepe
726 962 891 1016 constitutos
1017 958 1040 1021 i.
1053 958 1091 1012 ll.
1106 958 1146 1011 De
1160 957 1288 1011 ministro
1300 958 1427 1025 lepittmo.

297 1045 455 1099 verosimile
471 1052 522 1099 est.
535 1049 575 1098 lle
585 1046 744 1111 huiusmodi
765 1046 892 1113 chorepi-
959 1047 1018 1098 lbi.
1039 1043 1079 1096 lb
1097 1043 1233 1110 Episcopo
1249 1043 1331 1109 igitur
1348 1043 1520 1110 presbytera·

299 1132 459 1199 scopisagit
468 1132 613 1185 manifesto
638 1133 789 1186 concilium
802 1134 892 1188 llntio·
923 1136 969 1184 tus
980 1135 1007 1184 et
1024 1130 1187 1183 diaconatus
1200 1128 1314 1182 Ordines
1328 1129 1445 1182 conferri
1455 1140 1519 1194 pos·

296 1218 417 1271 chenum
431 1232 439 1268 ε
453 1237 466 1263 ι
480 1217 529 1281 Qui
543 1218 571 1269 in
592 1217 659 1271 vicis
678 1219 720 1272 vel
737 1221 891 1284 possessio·
923 1216 1086 1279 sunt‚sicnt
1104 1220 1132 1268 et
1143 1215 1235 1268 caeteri
1255 1215 1390 1278 ordines,
1408 1213 1456 1280 qui
1470 1213 1529 1265 ali··

298 1302 379 1355 nibus
397 1303 591 1368 chorepiscopi
607 1302 891 1370 nominantur,quam·
923 1301 1035 1367 quando
1048 1301 1227 1355 conseruntur
1239 1300 1273 1353 ah
1286 1299 1439 1352 abbatibus
1449 1298 1520 1351 aliis·

296 1387 338 1440 vis
348 1400 450 1441 manus
472 1388 676 1454 impositionem
689 1391 889 1456 Episcoporum
922 1401 972 1452 ve,
982 1386 1132 1454 episcopali
1148 1387 1306 1440 charactere
1317 1384 1389 1437 haud
1401 1383 1518 1450 insigni·

300 1477 492 1541 perceperint,
508 1481 536 1527 et
548 1481 578 1527 ut
595 1475 721 1542 Episcopi
737 1477 889 1530 consecrati
923 1473 968 1526 tis.
982 1476 1036 1527 Nec
1049 1477 1141 1526 tamen
1159 1471 1225 1525 licet
1245 1467 1349 1536 ah'sque
1358 1468 1518 1521 discrimine

296 1558 367 1623 sint,
379 1566 473 1614 tamen
486 1562 513 1612 S.
526 1561 636 1627 synodo
649 1562 768 1627 placuit,
788 1568 818 1615 ut
830 1575 889 1616 mo·
923 1572 956 1612 ea
972 1559 1011 1611 uti
1020 1564 1155 1625 potestate
1173 1573 1180 1610 :
1198 1570 1262 1612 nam
1271 1556 1354 1624 jussit
1366 1554 1518 1608 Concilium

296 1644 361 1697 dum
372 1646 516 1712 proprium
528 1653 735 1713 recognoscant.
754 1686 761 1699 .
782 1686 789 1698 .
810 1686 815 1698 .
835 1650 890 1702 Nec
923 1643 1110 1698 Tridentinum
1124 1683 1131 1707 ,
1145 1649 1176 1697 ut
1198 1663 1211 1690 α
1225 1641 1416 1708 unusquisque
1427 1653 1442 1692 a
1454 1652 1518 1706 pro·

294 1730 890 1798 presbyterumveronecdiaconumaudeant
921 1727 982 1794 prio
996 1729 1131 1794 Episcopo
1151 1728 1312 1782 ordinetur:
1328 1726 1352 1778 si
1366 1739 1446 1780 secus
1456 1726 1516 1791 liat,

294 1814 423 1870 ordinare
432 1821 534 1883 praeter
544 1816 662 1869 civitatis
674 1816 849 1883 Episcopum.
860 1817 888 1866 »¹
922 1811 1055 1865 ordinans
1068 1825 1082 1865 a
1093 1813 1240 1866 collatione
1258 1811 1391 1864 ordinum
1411 1823 1518 1877 peran-

328 1903 384 1953 tll.
400 1902 461 1968 0bj.
475 1905 501 1954 ὅ.
513 1904 608 1954 Narrat
629 1902 776 1954 Cassianus
788 1903 885 1957 lianie-
921 1911 1008 1960 num3
1030 1903 1057 1951 et
1076 1897 1246 1951 ordinatusa
1262 1902 1453 1960 susceptorum
1473 1897 1528 1948 0r-·

294 1985 348 2038 lem
361 1990 532 2042 monachum
550 2002 565 2040 a
580 1989 750 2054 paphnutio,
772 1989 818 2054 qui
842 2004 889 2056 pa·
921 1983 1018 2036 diuum
1042 1981 1221 2047 executione,
1248 1980 1379 2046 quamdiu
1405 1979 1529 2046 proprio.

299 2076 341 2123 ter
358 2078 418 2126 erat
439 2074 658 2138 monachorum,
682 2074 843 2127 diaconatus
860 2079 889 2129 et
921 2067 1065 2121 ordinario
1086 2067 1225 2122 videbitur
1240 2065 1382 2132 expedire,
1398 2065 1434 2117 sit
1454 2079 1513 2118 sus·

293 2160 499 2224 presbyteratus
518 2159 615 2213 ordine
626 2158 888 2225 insi'gnitumesse.¹
920 2170 1034 2223 pensus.
1045 2156 1161 2210 »lolim
1178 2156 1290 2223 quidem
1302 2155 1379 2207 laicis
1394 2153 1528 2206 homini-v

328 2245 386 2295 lle.
407 2247 487 2310 llesp.
503 2245 625 2298 Cassiani
638 2246 722 2299 verba
731 2244 767 2297 de
776 2245 887 2299 Daniele
920 2242 974 2296 bus
985 2243 1019 2295 ad
1034 2256 1235 2310 quemcumque
1250 2242 1397 2296 Praesulem
1409 2254 1438 2293 se
1448 2251 1515 2292 con·

293 2325 330 2379 ob
339 2329 470 2381 meritum
483 2330 607 2395 puritatis
619 2330 816 2384 ethumilitatis
828 2344 886 2385 sua·
921 2327 993 2382 terre
1012 2328 1107 2394 licuit,
1119 2336 1147 2384 et
1168 2329 1202 2382 ah
1215 2341 1248 2382 eo
1264 2340 1359 2382 sacros
1376 2325 1516 2392 suscipere

291 2411 326 2462 ad
344 2411 457 2467 diaconi
477 2420 504 2467 et
521 2416 676 2482 presbyteri·
690 2429 805 2468 munera
823 2429 886 2483 pro·
920 2413 1051 2476 ordinem
1070 2427 1126 2468 non
1142 2413 1208 2467 item
1220 2414 1327 2479 clericis
1344 2427 1350 2463 :
1368 2425 1431 2465 nam
1444 2411 1516 2462 inter

292 2504 386 2560 vecto,
401 2499 579 2566 intelligenda
591 2505 669 2563 sunt,
684 2501 750 2566 quin
760 2500 886 2566 Paphnu·
920 2510 1043 2552 canones
1054 2499 1179 2552 llicaenos
1191 2499 1306 2565 legitur:
1323 2518 1335 2544 α
1354 2497 1454 2562 Siquis
1468 2509 1527 2548 au·-

290 2580 346 2634 tins
358 2596 408 2636 eos
421 2584 536 2637 ordines
545 2586 700 2638 contulerit.
716 2588 754 2636 Ea
763 2585 834 2637 ratio
846 2587 886 2639 lo·
920 2595 969 2636 sos
987 2583 1069 2636 luerit
1079 2584 1198 2649 aliquem
1219 2583 1266 2648 qui
1283 2583 1317 2634 ad
1329 2583 1444 2634 alterum
1455 2593 1515 2646 per·

288 2667 395 2732 quendi
408 2669 550 2720 consuevit
561 2669 703 2734 usurpari,
718 2669 754 2721 de
766 2669 887 2721 Praesule
920 2665 989 2719 tinet
998 2666 1126 2720 ordinare
1138 2668 1165 2720 in
1178 2680 1256 2721 suam
1270 2666 1420 2720 Ecclesiam
1430 2704 1439 2728 ,
1449 2677 1511 2718 cum

290 2749 420 2818 Regulari
442 2791 449 2816 ,
468 2752 543 2819 quod
556 2753 696 2808 subditum
712 2772 729 2804 r<
745 2754 887 2823 preshyte-
919 2764 976 2807 non
987 2753 1086 2808 haheat
1102 2766 1268 2810 consensum
1283 2752 1406 2821 Episcopi
1425 2750 1512 2819 ipsius

290 2836 323 2888 rii
334 2838 442 2891 honore
454 2839 598 2904 provexit,
617 2860 630 2886 υ
649 2853 735 2906 quum
748 2852 812 2893 eum
822 2852 886 2907 pro·
919 2852 1002 2905 aquo
1018 2843 1134 2895 recessit
1152 2840 1291 2895 clericus:
1311 2840 1386 2893 irrita
1407 2840 1443 2894 sit
1462 2840 1513 2891 hu-

290 2921 448 2975 vehendum
460 2925 597 2991 Episcopo
611 2926 750 2979 obtulerit.
916 2925 1038 2992 Jusmcdi
1063 2928 1208 2983 ordinatio.
1220 2928 1261 2977 »ὅ
1277 2928 1429 2995 Episcopus
1448 2940 1514 2993 pro-

324 3010 383 3062 lta.
395 3008 455 3077 obj.
465 3013 491 3063 4.
505 3013 652 3065 Grassante
662 3013 759 3065 triana
769 3012 883 3079 haeresi,
918 3011 995 3076 prius
1014 3012 1158 3067 dicebatur
1178 3014 1245 3067 olim
1257 3014 1302 3067 ille
1312 3014 1339 3065 in
1352 3014 1430 3080 cujus
1441 3013 1510 3067 dioe-

288 3099 318 3147 et
338 3097 469 3165 relegatis
501 3099 659 3165 Episcopis,
678 3099 824 3152 Flavianus
856 3104 884 3152 et
918 3100 976 3152 cesi
986 3100 1047 3166 quis
1062 3105 1143 3154 natus
1154 3107 1214 3166 est,
1234 3102 1282 3167 qui
1291 3101 1443 3167 Episcopus
1456 3100 1514 3152 ori·

290 3179 427 3235 iliodorns
455 3183 606 3248 presbyteri
632 3182 774 3248 Episcopis
804 3182 884 3237 novis
916 3184 1209 3251 qinbnuncvocatur.
1228 3185 1513 3253 Episcopusbeaeficic

289 3266 422 3322 ccclesias
433 3271 646 3334 commiserunt,
664 3268 768 3322 idcirco
783 3281 882 3335 magna
917 3270 1000 3321 etiam
1015 3271 1142 3336 proprius
1169 3284 1243 3324 nunc
1255 3271 1380 3332 habetur,
1405 3283 1438 3322 ex
1455 3280 1510 3335 quo

290 3348 521 3407 laudecumulati.
916 3354 1022 3408 scilicet
1043 3357 1169 3410 Clemens
1186 3356 1227 3408 lv.
1248 3355 1430 3409 ordinandum
1448 3366 1510 3419 per-

324 3437 383 3489 ibo.
395 3440 475 3503 llesp.
493 3441 578 3491 Nemo
602 3437 670 3492 dixit
692 3438 755 3492 illos
766 3438 883 3505 presby·
916 3438 992 3492 misit
1004 3440 1051 3506 qui
1071 3440 1235 3494 beneficium
1249 3440 1277 3492 in
1292 3439 1403 3493 dioecesi
1421 3439 1512 3503 aliqua

290 3523 365 3573 teros
384 3523 536 3589 Episcopos
558 3536 691 3577 creasse:
711 3523 784 3589 quod
807 3522 882 3576 enim
915 3523 1066 3578 obtinuit·
1086 3525 1264 3579 maniatium
1281 3524 1363 3578 etiam
1378 3524 1424 3590 jus
1443 3535 1512 3588 prae·

289 3603 414 3670 refertur,
425 3608 533 3661 decora
542 3608 725 3662 Ecclesiarum
735 3608 878 3676 Episcopis
915 3608 962 3663 het
983 3615 1014 3663 ut
1036 3610 1071 3663 ah
1100 3611 1234 3678 Episcopo
1251 3610 1278 3663 in
1303 3610 1382 3676 cujus
1396 3607 1509 3661 dioecesi

290 3687 470 3757 quibusdam,
488 3705 559 3759 quos
578 3699 712 3748 noverant
728 3706 803 3747 sanae
814 3707 878 3748 esse
914 3695 977 3763 qais
996 3702 1121 3751 versatur
1147 3696 1278 3763 suscipiat
1301 3696 1430 3758 Ordines,
1449 3706 1510 3747 san-

290 3772 370 3840 lldei,
390 3779 553 3844 commissa,
567 3793 616 3833 scu
627 3780 718 3846 potius
731 3780 766 3834 dc
788 3781 880 3847 preci·
913 3782 1004 3836 ciente
1015 3784 1088 3839 hunc
1102 3783 1210 3837 titulum
1223 3783 1359 3839 Boniiacio
1373 3782 1440 3833 lllll.
1451 3781 1462 3817 ⁷
1474 3784 1508 3834 llt

290 3858 405 3918 hnsillis
417 3856 549 3931 porrectis
567 3874 599 3920 ut
616 3865 734 3921 viduatis
747 3868 877 3922 Ecclesiis
914 3868 1174 3925 iraudibusobviam
1192 3870 1286 3933 iretur,
1297 3868 1507 3923 decrevitlnno·

287 3946 484 4013 subvenirent,
496 3950 704 4016 intelligendum
716 3957 768 4004 est.
788 3953 880 4006 Prole-
913 3954 1021 4005 centius
1030 3955 1086 4004 llll.
1099 3952 1109 4005 ¹:
1123 3953 1278 4006 «subditus
1298 3954 1403 4006 ratione
1419 3950 1506 4005 domi-

287 4034 333 4084 oto
352 4032 425 4098 apud
452 4045 549 4087 omnes
568 4035 712 4088 constabat
737 4036 879 4089 neminem
913 4035 968 4089 cilii
981 4036 1015 4087 ad
1027 4035 1140 4090 effectus
1151 4036 1318 4103 suscipiendi
1331 4036 1443 4089 ordines
1458 4073 1466 4100 ,
1479 4036 1503 4088 is

289 4116 438 4185 episcopali
461 4118 618 4171 charactere
636 4123 775 4173 carentem
796 4133 880 4186 posse
913 4121 1044 4175 duntaxat
1062 4128 1219 4188 censeatur,
1239 4124 1286 4191 qui
1306 4122 1509 4182 licetalihina-

288 4211 382 4257 sacros
405 4204 520 4257 Ordines
540 4203 679 4268 conterre,
702 4208 732 4257 nt
743 4205 879 4259 Eusebius
912 4211 958 4260 tus
978 4206 1079 4271 luerit,
1098 4207 1165 4260 illud
1179 4213 1271 4261 tamen
1284 4208 1354 4262 adeo
1372 4206 1525 4259 stabiliter.

290 4285 489 4344 samosatensis
507 4291 677 4357 Episcopus,
697 4290 807 4343 militari
832 4292 880 4345 ha·
912 4294 1086 4348 constituerit
1098 4295 1125 4349 in
1138 4295 1231 4363 aliquo
1254 4298 1332 4361 loco,
1351 4301 1380 4349 ut
1398 4296 1442 4349 vel
1457 4309 1507 4361 per

289 4368 347 4425 bitu
381 4374 511 4443 indutus,
536 4382 664 4432 vacantes
693 4377 880 4433 circumivisse
913 4379 1079 4434 decennium
1100 4381 1198 4436 saltem
1228 4382 1256 4435 in
1284 4396 1318 4437 eo
1336 4382 1502 4449 habitand0,

313 4633 342 4686 (tl
353 4637 515 4681 omniomi.
525 4640 573 4681 coll.
586 4640 652 4683 ilard-
660 4642 754 4685 coliti-
934 4643 963 4696 (tl
978 4643 1103 4686 Sesamiii.
1115 4645 1142 4686 de
1151 4645 1237 4687 reform.
1248 4648 1321 4691 cviii.
1370 4640 1371 4643 ’

316 4704 521 4757 (electissime.
938 4712 967 4764 (tl
977 4711 1125 4766 Cap-nilla)
1135 4715 1236 4757 inserto.

317 4772 345 4826 (t)
355 4775 562 4820 'theodorethi‘stl
572 4778 683 4822 bertii·
938 4780 967 4837 (t)
980 4781 1004 4825 ln
1011 4787 1071 4824 texto
1079 4783 1105 4825 de
1113 4788 1179 4837 temp.
1187 4784 1257 4827 ordin.
