3792 5550
275 1681 282 1693 ¹
345 1699 490 1757 ·oavit.»¹

362 551 409 602 188
614 540 729 592 TRACT.
748 537 816 589 xlll.
835 537 864 586 P.
884 535 917 586 ll.
936 535 980 584 DE
997 531 1102 584 MISSAE
1120 530 1311 582 saculrlolo.

395 665 436 715 lt.
450 665 550 715 Auctor
560 659 693 712 librorum
706 655 740 706 dc
750 650 947 705 sacramentis:
984 647 1052 701 tavit
1078 647 1178 713 quippe
1204 645 1388 700 sacerdotium
1425 645 1584 698 secundum

360 770 376 796 n
395 745 578 814 cognorimus
587 746 820 795 sacramentorum
833 737 949 789 istorum
986 732 1111 786 ordinem
1141 736 1241 788 Aaron.
1259 753 1272 777 υ
1287 731 1298 764 ⁸
1316 731 1457 797 anglicani
1484 745 1584 796 quam-

363 837 478 902 tiguram
500 831 615 882 hhrahae
635 824 809 892 temporibus
833 833 951 887 praeces·
985 816 1096 884 plurimi
1116 817 1281 871 sacrificium
1300 817 1582 870 melchisedecianum

362 915 576 985 sisse,quand0
590 913 688 967 obtulit
710 908 872 963 sacrificium
888 919 951 958 san·
984 903 1014 955 in
1036 903 1212 955 Eucharistia-
1236 903 1379 968 impletum
1408 915 1424 953 a
1453 903 1583 957 Patribus

360 999 692 1063 dispertiendum
986 988 1129 1054 nraedicari
1147 989 1333 1056 agnoscerer
1629 1041 1632 1046 -

396 1099 437 1148 ta.
467 1097 493 1146 S.
523 1091 704 1154 Hieronymus
734 1082 768 1135 ad
797 1078 952 1132 Marcellam
1020 1077 1061 1126 rt.
1081 1075 1136 1140 lpsi
1161 1075 1327 1128 vetustiores
1356 1076 1474 1128 llahhini
1495 1080 1584 1130 sacri-

361 1183 499 1250 scripsit:
521 1199 533 1226 o
557 1179 674 1230 Recurre
702 1171 737 1224 ad
759 1166 900 1225 Genesim,
925 1167 953 1215 et
987 1159 1077 1212 ficium
1089 1160 1289 1213 Melchisedech
1301 1161 1364 1214 vino
1375 1174 1504 1228 paneque
1514 1176 1584 1216 con-

363 1267 562 1324 Melchisedech
579 1275 672 1329 regom
688 1257 777 1309 Salem
788 1254 868 1318 hujus
880 1250 953 1316 prin·
989 1245 1092 1298 stitisse
1102 1247 1310 1311 intellexerunt,
1322 1247 1444 1312 illudque
1462 1261 1584 1314 agnove-

364 1363 453 1427 eipem
465 1351 588 1406 invenies
606 1344 738 1406 civitatiS,
752 1340 797 1407 qui
813 1342 870 1406 jam
881 1344 953 1404 ¹tunc
986 1338 1051 1384 runt
1075 1337 1167 1398 typum
1184 1333 1269 1385 luisse
1288 1333 1413 1386 sacrificii
1437 1348 1453 1386 a
1481 1335 1583 1388 llessia

365 1449 395 1500 in
413 1453 478 1512 typo
499 1440 598 1495 Christi
621 1447 719 1503 panem
743 1436 770 1484 et
789 1429 883 1483 vinum
905 1425 954 1478 oh·
988 1414 1130 1469 offerendi.
1145 1418 1231 1470 ltahhi
1250 1419 1359 1472 Samuel
1372 1421 1400 1472 in
1419 1427 1503 1486 caput
1516 1423 1581 1474 lllv.

362 1531 449 1594 pulit,
471 1535 497 1582 et
526 1523 686 1592 mysterium
717 1514 897 1570 christianum
926 1509 966 1560 in·
988 1504 1128 1556 Geneseos
1140 1504 1280 1567 scribens,
1294 1504 1351 1557 ait:
1372 1508 1478 1558 «Actus
1491 1519 1584 1560 sacer·

364 1615 515 1670 salvatoris
533 1621 648 1676 corpore
667 1611 694 1658 et
719 1600 853 1668 sanguine
878 1589 954 1648 dedi·
989 1589 1057 1641 dotii
1066 1589 1263 1642 tradiditzerat
1272 1590 1346 1643 enim
1356 1591 1415 1656 ipse
1424 1591 1584 1645 sacrificans

990 1687 1090 1740 panem
1107 1680 1135 1728 et
1153 1675 1247 1728 vinum
1268 1679 1324 1729 lieo
1345 1681 1441 1730 sancto
1453 1682 1482 1729 et
1498 1679 1586 1731 hene·

399 1791 440 1840 15.
460 1788 487 1838 s.
514 1780 682 1848 Augustinus
704 1775 739 1828 ad
764 1768 954 1824 Innocentium
990 1759 1074 1819 dicto.
1088 1778 1104 1807 a
1125 1761 1211 1813 liahhi
1225 1761 1341 1813 Phineas
1361 1761 1586 1816 scrihitzrlem·

367 1872 496 1939 scripsit:
520 1860 751 1918 r'ltlelohisedech
772 1857 879 1924 prolato
906 1855 956 1904 Sa·
989 1858 1056 1911 pore
1079 1847 1184 1898 llessiae
1214 1847 1307 1899 omnia
1335 1846 1469 1913 sacrificia
1491 1861 1587 1901 cessa*

364 1970 505 2023 eramento
513 1969 617 2014 mensae
626 1948 783 2010 Dominio&
793 1941 868 1995 novit
877 1945 956 1992 Μ.
990 1931 1074 1996 hunt,
1085 1933 1134 1985 sed
1147 1932 1313 1986 sacrificium
1324 1934 1404 1999 panis
1417 1933 1512 1986 etvini
1526 1947 1586 1988 non

366 2070 433 2110 num
457 2053 516 2119 ejus
536 2041 720 2100 sacerdotium
742 2027 956 2101 figurarentur
990 2019 1110 2071 cessabit
1133 2033 1140 2079 ;
1170 2019 1210 2071 sic
1235 2018 1340 2071 dictum
1366 2024 1410 2071 est
1432 2021 1499 2071 Gen.
1518 2019 1584 2073 xiv:

395 2143 435 2194 ias
448 2155 454 2190 :
469 2158 482 2184 o
499 2135 540 2187 lhi
564 2134 664 2198 quippe
686 2126 805 2191 primum
830 2113 956 2183 apparuit
990 2122 1007 2152 r<
1024 2107 1057 2156 ut
1076 2105 1277 2157 Melchisedech
1296 2116 1344 2157 rex
1357 2098 1447 2158 Salem
1468 2106 1586 2170 protulit

365 2146 530 2285 {lucrificiam
557 2215 631 2282 quod
659 2223 732 2264 nuno
755 2221 771 2259 a
796 2201 956 2258 christianis
989 2207 1006 2236 >³
1022 2190 1585 2256 panemetvinum.»Melchisedechenim

368 2311 481 2366 offertur
491 2309 564 2366 Deo,
578 2306 636 2354 toto
653 2299 719 2352 orbe
741 2291 956 2354 terrarum,im-
990 2275 1019 2327 id
1037 2282 1094 2338 0⁸1,
1120 2289 1166 2329 rel
1178 2276 1309 2340 Messias,
1328 2275 1444 2343 excipiet
1462 2289 1587 2330 Messa·

366 2398 510 2467 pleturque
538 2388 606 2442 illud
624 2384 698 2453 quod
718 2383 800 2448 longe
819 2381 883 2444 post
904 2377 957 2428 hoc
991 2362 1065 2415 tione
1083 2363 1278 2416 sacrificiorum
1293 2363 1543 2428 sacrificiumpanis
1555 2369 1586 2416 et

281 2501 284 2505 ·
367 2484 468 2536 iactum
481 2491 530 2544 per
540 2475 702 2542 prophetam
721 2468 821 2520 dicitur
833 2463 867 2516 ad
881 2458 956 2513 Chri·
990 2448 1061 2512 vini,
1077 2449 1148 2501 sicut
1170 2448 1269 2513 dicitur
1290 2450 1361 2501 Psal.
1384 2450 1432 2500 llo
1445 2463 1452 2498 ε
1467 2469 1480 2495 a
1493 2451 1535 2500 Tu
1551 2462 1586 2502 es

368 2577 458 2631 stum,
481 2563 528 2630 qui
553 2561 641 2613 tuerat
666 2555 756 2609 adhuc
774 2554 906 2605 venturus
927 2546 956 2598 in
992 2553 1005 2580 »
1025 2534 1155 2586 sacerdos
1173 2537 1200 2585 in
1216 2540 1348 2586 aeternum
1366 2533 1520 2587 secundum
1537 2545 1587 2587 or-

366 2669 465 2712 carne:
482 2673 494 2698 «
513 2654 552 2702 Tu
576 2661 606 2700 es
625 2641 753 2698 sacerdos
773 2638 800 2689 in
824 2640 956 2686 aeternum
991 2638 1003 2669 r
1024 2620 1117 2672 dinem
1133 2619 1389 2713 Melchisedech.»⁷
1542 2703 1547 2713 ¹

367 2761 379 2792 n
401 2737 552 2795 secundum
563 2732 688 2787 ordinem
699 2722 907 2781 Melchisedech.
916 2740 928 2766 »
942 2718 953 2752 ⁸
1026 2703 1207 2758 inprobatur
1216 2705 1278 2756 hex
1289 2703 1418 2756 calminio
1429 2703 1584 2756 manente.

370 2849 383 2874 α
401 2826 473 2879 Alias
487 2824 521 2875 de
541 2822 638 2873 pfflffis
655 2816 747 2870 vespis
766 2824 850 2877 agens
870 2808 957 2860 anim.
994 2810 1008 2836 r
1024 2794 1084 2844 Nou
1095 2796 1138 2843 est
1149 2790 1217 2842 mihi
1229 2790 1356 2843 voluntas
1367 2789 1396 2841 in
1407 2788 1504 2854 vohis,
1518 2789 1587 2842 dicit

367 2910 502 2967 advertit:
520 2928 532 2953 „
546 2906 584 2958 lbi
603 2904 704 2971 quippe
725 2905 752 2952 et
777 2899 831 2949 hoc
853 2894 958 2946 dictum
992 2875 1126 2928 liominus
1149 2874 1315 2927 exercituum
1334 2888 1340 2924 :
1359 2877 1386 2925 ct
1407 2887 1509 2925 munus
1526 2886 1587 2927 non

368 3002 455 3052 est:«
468 2990 722 3049 iuravitltominus,
735 2990 762 3037 et
774 2995 828 3035 non
842 2979 958 3046 poenite·
992 2959 1139 3053 suicillisslss
1167 2958 1202 3010 de
1226 2972 1310 3011 manu
1335 2962 1435 3010 vestra.
1459 2958 1498 3009 hh
1522 2964 1588 3011 ortu

369 3104 382 3131 »
402 3083 442 3135 hit
454 3093 516 3133 eum
528 3094 534 3129 :
546 3080 585 3129 Tu
598 3090 627 3129 es
641 3070 770 3125 sacerdos
783 3067 811 3119 iu
824 3072 958 3119 aeternum
992 3054 1065 3093 emm
1076 3044 1142 3095 ⁵⁰¹¹⁵
1153 3056 1241 3108 usque
1252 3043 1287 3094 ³⁴¹
1298 3054 1442 3105 occasum,
1453 3054 1588 3108 magnum

368 3192 382 3219 »
402 3168 554 3222 secundum
575 3162 699 3216 ordinem
726 3154 956 3211 Melchisedech.»
992 3132 1035 3179 ⁰⁵¹
1053 3140 1154 3221 ¹J⁰¹¹¹⁰11
1173 3142 1265 3222 mium
1285 3127 1314 3177 51¹
1333 3125 1461 3193 gentibus
1482 3140 1489 3175 ἰ
1511 3132 1539 3177 θῑ
1556 3141 1588 3178 111

368 3254 505 3313 Noverunt
529 3253 575 3319 qui
601 3252 695 3317 Legunt
719 3243 784 3311 quid
813 3238 959 3308 protulerit
993 3210 1587 3275 omnilocosacrificatur,etofferturnomrnr

368 3341 581 3403 Melchisedech,
595 3333 705 3403 quando
718 3329 857 3384 benedixit
873 3328 959 3379 hhra-
992 3310 1055 3349 ”¹³⁰
1072 3298 1175 3353 ⁰b¹³¹i⁰
1189 3299 1302 3350 munda.
1315 3297 1354 3346 »⁸
1368 3300 1468 3401 Tellus
1482 3298 1587 3349 habet:

336 3437 341 3447 '
371 3433 492 3492 ham‚et
506 3428 562 3493 jam
580 3428 645 3474 sunt
662 3418 808 3487 participes
826 3414 958 3481 ejustvi·
992 3400 1085 3493 ΠᾙΠᾨ
1122 3400 1219 3490 ildini
1258 3375 1342 3484 ’nith'
1381 3398 1460 3491 dmin
1497 3402 1588 3493 'W’

371 3517 437 3569 dent
453 3512 508 3564 tale
525 3507 688 3562 sacrificium
704 3515 777 3556 nunc
792 3498 884 3553 offerri
902 3500 958 3549 lieo
993 3473 1033 3556 hd
1054 3483 1174 3554 uerbum
1189 3484 1333 3556 redditur:
1348 3490 1493 3563 incensum
1510 3486 1590 3572 ophi.

368 3604 427 3655 toto
444 3596 510 3649 orhe
523 3599 665 3645 terrarum.
678 3588 725 3640 liei
739 3582 957 3650 autemjuratio,
993 3593 1041 3642 tor
1061 3593 1167 3646 nomini
1187 3608 1263 3659 meo,
1285 3603 1311 3651 et
1330 3612 1432 3651 mutius
1456 3606 1588 3664 purum:

371 3680 575 3735 incredulorum
591 3680 633 3727 est
655 3672 805 3737 increpatio
820 3688 825 3720 :
840 3674 867 3721 et
884 3668 960 3735 quod
995 3676 1044 3728 sed
1064 3677 1208 3733 incensum
1225 3696 1275 3747 pro
1298 3682 1435 3736 sacrificio
1456 3683 1528 3749 quod
1539 3697 1591 3738 eo.

370 3770 455 3819 lieum
472 3777 527 3817 non
550 3759 707 3827 poenitebit,
731 3753 893 3822 significatio
917 3758 960 3805 est
993 3766 1123 3830 nugatur,
1146 3766 1277 3830 sumitur,
1301 3767 1340 3819 uti
1363 3780 1397 3819 ex
1419 3767 1493 3820 dono
1513 3770 1589 3834 quod

371 3850 434 3919 quia
446 3850 499 3902 hoc
510 3845 670 3900 sacrificium
680 3855 736 3896 non
754 3838 884 3905 mutabit,
903 3854 962 3892 rnu-
994 3851 1086 3904 statim
1112 3853 1270 3909 nominatur
1300 3854 1446 3921 colligitur.
1480 3856 1524 3908 Sic
1562 3861 1590 3909 et

372 4123 374 4127 ’
399 4115 460 4170 (ῆι.
469 4128 490 4157 v.
498 4116 524 4157 de
534 4116 583 4158 Sec.
592 4128 611 4157 c.
621 4116 636 4156 i.
994 4116 1110 4159 sedechian
1127 4118 1210 4170 prieot,
1225 4118 1267 4159 and
1283 4129 1308 4159 ee
1324 4118 1420 4171 symbolo
1436 4117 1461 4159 of
1476 4118 1512 4159 hie
1529 4118 1588 4172 cocy

399 4186 426 4238 (2)
441 4188 480 4239 Ep.
493 4188 520 4227 ed
533 4187 661 4227 Marcellam.
994 4186 1037 4226 end
1046 4186 1126 4236 Blood;
1136 4188 1179 4228 aud
1188 4188 1235 4228 thet
1243 4188 1265 4228 in
1276 4187 1317 4227 end
1326 4188 1354 4240 by
1361 4188 1423 4228 these
1432 4187 1544 4241 symbols,
1555 4188 1589 4227 lle

397 4255 424 4307 (ll
439 4256 478 4308 Ep.
488 4255 570 4296 elurii.
580 4256 633 4296 alias
643 4266 689 4296 xcv.
995 4254 1032 4295 did
1041 4254 1187 4308 misteriously
1195 4255 1271 4296 devote
1278 4256 1318 4297 llis
1327 4258 1412 4297 natural
1422 4257 1481 4310 liody
1490 4263 1513 4297 to
1520 4256 1589 4297 suffer

400 4326 428 4376 (tl
438 4326 462 4365 L.
469 4326 511 4367 xvi.
519 4327 546 4367 dc
554 4325 594 4366 cir.
604 4325 641 4365 Dei
651 4336 670 4364 c.
679 4324 728 4364 nii.
995 4324 1113 4375 according
1121 4330 1143 4364 to
1150 4326 1188 4365 the
1197 4324 1241 4367 wilt
1251 4326 1275 4365 ol
1284 4325 1336 4377 Gon,
1349 4325 1392 4365 eud
1401 4324 1445 4366 thie
1454 4325 1473 4366 ie
1483 4338 1496 4366 a
1507 4325 1588 4366 certem

398 4395 425 4445 (e)
437 4394 461 4433 L.
470 4394 484 4434 i.
502 4399 576 4434 contra
590 4393 737 4435 adversarium
751 4393 805 4445 legis
816 4398 837 4434 et
846 4394 962 4446 prophete·
994 4394 1059 4445 prooi
1065 4395 1112 4434 that
1120 4395 1156 4435 the
1165 4395 1261 4435 Fathers‘
1269 4396 1319 4435 toolr
1328 4395 1411 4446 c'given
1426 4409 1436 4432 ι
1449 4401 1488 4436 not
1500 4396 1551 4447 only
1564 4406 1588 4436 ae

373 4476 422 4506 rum
432 4474 451 4503 o.
464 4475 496 4503 xx.
994 4464 1134 4517 expressing,
1151 4465 1190 4505 hut
1205 4465 1344 4517 unmeaning
1360 4465 1403 4505 and
1419 4464 1534 4516 intending
1552 4465 1588 4505 the

395 4532 424 4585 (o)
440 4532 531 4583 «llere,
540 4544 564 4572 as
573 4533 612 4573 has
627 4532 680 4573 been
695 4533 787 4585 proved,
804 4544 836 4575 we
853 4533 907 4574 hare
923 4532 961 4574 the
995 4532 1047 4573 time
1055 4533 1107 4575 then
1115 4540 1209 4587 present.
1219 4548 1230 4572 ι
1240 4534 1293 4575 Vide
1301 4534 1399 4575 Johnson
1412 4534 1472 4586 apud
1482 4534 1587 4577 Oxonien-

365 4602 485 4653 ·judgment
493 4600 517 4641 ol
526 4601 562 4641 the
579 4602 675 4643 audiente
689 4602 790 4653 withan
801 4603 849 4646 who
858 4603 885 4643 do
899 4616 962 4655 gene·
994 4615 1030 4644 see
1043 4604 1090 4644 loco
1099 4604 1136 4644 eit.
1142 4616 1164 4657 p.
1174 4610 1219 4645 olto.

373 4670 427 4722 rally
435 4669 570 4721 essert‚that
579 4671 658 4711 Carisa
666 4670 703 4711 did
712 4670 766 4711 offer
774 4671 839 4713 breed
857 4672 962 4715 eadwine
1019 4673 1047 4724 (l)
1062 4673 1087 4713 ln
1109 4684 1129 4713 e.
1149 4673 1220 4714 xxviii.
1233 4674 1385 4715 humerorum.
1398 4672 1453 4716 tide
1476 4672 1590 4717 chchit

372 4739 396 4784 in
411 4740 447 4781 the
464 4740 591 4791 liucharist,
603 4740 646 4781 and
655 4739 735 4781 offered
750 4741 809 4782 thern
818 4752 842 4783 as
853 4742 962 4783 allelolri-
995 4742 1076 4783 Rabbe.
1084 4742 1114 4795 (8)
1122 4743 1214 4784 helech.
1226 4742 1285 4785 itt.
