3792 5550
598 591 667 642 CAP.
687 592 729 642 ΧΙ.
750 594 792 644 ull
810 593 1018 646 renuardum
1038 592 1238 646 PltAEsErva.
1479 600 1528 650 lot

315 699 486 753 Eucharistiae
512 701 688 759 sacramento
704 721 760 778 non
775 721 906 762 essecur·
939 711 997 769 tur,
1026 707 1142 774 ingressi
1174 713 1239 760 sunt
1260 707 1376 772 milites,
1408 723 1527 776 quorum

315 798 364 848 pus
385 791 411 838 et
430 789 592 855 sanguinem
606 794 712 846 bomini
736 795 824 848 nostri
838 797 903 848 lesu
938 791 1046 858 aliquos
1064 793 1166 846 scimus
1183 794 1265 847 nullis
1283 795 1406 847 initiatos
1426 800 1529 862 myste-

312 870 421 936 (lhristi,
442 873 491 926 sed
510 879 615 929 tantum
633 879 744 944 inusu,
769 881 833 933 dum
861 895 904 934 su·
937 878 1004 941 riis,
1035 882 1063 931 et
1086 878 1214 932 viderunt
1240 882 1334 933 omnia
1362 893 1424 946 quae
1453 882 1529 936 intus

313 955 407 1020 mitur,
422 967 582 1013 nouantem
605 970 668 1016 aute
680 966 722 1018 vel
741 971 821 1030 post,
835 966 902 1018 etin
938 971 1033 1027 eraut3
1060 965 1125 1032 quin
1151 971 1178 1019 et
1201 972 1288 1020 testes
1299 981 1427 1031 sumus,
1452 969 1528 1034 qrred

313 1041 406 1094 bestiis
429 1057 478 1096 seu
500 1046 641 1111 particulis
657 1051 825 1105 consecratis
840 1065 902 1117 quae
937 1053 1036 1104 Christi
1055 1052 1186 1119 sanguis,
1208 1053 1279 1106 sicut
1295 1053 1322 1104 iu
1337 1053 1386 1105 tali
1408 1054 1527 1106 tumultu

312 1132 372 1189 post
400 1131 623 1186 communionem
646 1141 836 1200 reservamur,
858 1139 901 1191 vel
935 1137 1097 1203 contingit,
1129 1137 1157 1189 iu
1187 1139 1379 1203 praedictomm
1409 1138 1531 1191 militum

312 1220 467 1277 supersunt,
478 1229 534 1269 nou
548 1231 900 1289 remanereverumcorpus
934 1211 1026 1275 vestes
1044 1221 1149 1274 effusus
1166 1228 1217 1288 est.
1228 1223 1261 1268 »ὅ

312 1298 431 1361 uomini;
443 1303 587 1356 anathema
600 1305 644 1358 sit.
655 1305 687 1352 »⁴
703 1309 741 1360 lta
749 1308 900 1361 Tridentini
967 1309 1028 1359 561.
1048 1309 1075 1359 S.
1089 1307 1206 1373 cyrillus
1223 1307 1438 1359 Alexandrinus:
1452 1328 1464 1353 ι
1477 1310 1528 1359 Αυ-

311 1383 409 1437 Patres.
933 1392 980 1444 dio
998 1393 1108 1458 aliquos
1125 1405 1204 1455 esse,
1218 1392 1265 1458 qui
1287 1392 1429 1458 mysticam
1442 1394 1527 1446 Eulo-

521 1473 682 1540 Propositr'u.
933 1478 1005 1542 giam
1023 1478 1091 1530 nibil
1110 1479 1144 1530 ad
1164 1479 1410 1532 sanctificationem
1430 1479 1530 1545 iuvare·
1554 1516 1557 1521 ,

343 1557 372 1606 ln
385 1557 483 1610 hostiis
495 1572 544 1612 seu
555 1561 695 1625 particulis
709 1566 897 1629 consecratis,
933 1563 1044 1626 dicant,
1067 1564 1090 1615 si
1109 1564 1173 1629 quid
1195 1577 1228 1617 ex
1247 1577 1279 1616 ea
1302 1564 1350 1616 liat
1373 1564 1471 1629 reliqui
1489 1565 1525 1616 'in

310 1653 369 1704 quae
389 1645 691 1706 postcommunionem
710 1655 899 1715 reservantur,
933 1646 1017 1698 alium
1037 1647 1121 1699 diem.
1146 1649 1289 1700 lusaniunt
1309 1662 1376 1701 vero
1396 1650 1443 1715 qui
1466 1651 1525 1701 lraec

308 1727 349 1778 vel
367 1735 531 1793 supersunt,
547 1739 670 1785 remanet
691 1746 785 1786 verum
799 1747 899 1800 corpus
933 1736 1071 1791 asserunt
1079 1732 1247 1796 nequeenim
1255 1735 1529 1798 alteraturcbristus,

308 1812 423 1864 bomini.
773 1833 784 1850 ν
934 1828 1026 1880 neqrte
1052 1822 1176 1867 sanetum
1206 1831 1307 1884 corpus
1338 1822 1398 1887 ejus
1425 1821 1526 1873 immu-

339 1899 400 1948 358.
419 1897 644 1952 hebetari-ex
655 1901 813 1966 scripturis.
828 1904 901 1956 Chri·
932 1904 1014 1962 tatur,
1028 1899 1077 1951 sed
1089 1900 1290 1955 benedictionis
1302 1904 1345 1957 ris
1356 1905 1523 1968 aclacultas‚
1616 1963 1632 1978 ³

307 1981 341 2034 sti
353 1983 437 2035 verba
447 1996 512 2037 vera
523 1990 601 2038 erant
610 1998 643 2038 eo
654 2000 710 2052 quo
719 1988 824 2053 prolata
837 1996 901 2042 sunt
933 1990 961 2037 et
985 1984 1125 2038 vivificans
1151 1987 1237 2052 gratia
1266 1993 1398 2053 perpetua
1429 1991 1456 2042 iu
1478 1989 1527 2042 illo

308 2073 458 2131 momento,
470 2075 498 2121 et
509 2070 583 2135 quod
595 2072 754 2139 porrigebat
763 2075 899 2139 apostolis
934 2070 1038 2122 existit.
1054 2070 1088 2116 »⁴

307 2165 386 2204 suum
397 2161 455 2206 erat
466 2151 566 2220 corpus
578 2162 605 2208 et
617 2158 739 2224 sanguis,
753 2163 898 2224 autequam
964 2155 1024 2207 562.
1057 2155 1195 2209 Probatur
1219 2161 1244 2209 5.
1271 2171 1306 2210 ex
1328 2158 1526 2224 anticuissima

308 2237 359 2302 ipsi
381 2240 552 2306 acceperint.
568 2256 633 2310 ergo
656 2257 688 2296 ex
710 2258 779 2307 usu,
802 2246 845 2298 vel
865 2259 897 2298 ex
930 2241 1125 2294 consuetudine
1169 2245 1349 2295 correeruondi
1390 2243 1523 2297 Eucheri-

306 2323 360 2376 flde
377 2326 544 2380 sumentium
564 2341 620 2381 non
637 2328 776 2394 pendebat
793 2336 822 2382 ut
847 2332 897 2382 Sa·
929 2327 1022 2379 stiam.
1054 2329 1082 2379 S·
1112 2327 1236 2380 tustinus
1263 2332 1297 2380 ll.
1321 2334 1437 2383 testatur
1462 2342 1523 2381 eam

306 2413 475 2463 uramentum
486 2412 585 2465 christi
598 2427 698 2478 corpus
710 2415 780 2468 leret
797 2421 824 2467 et
834 2429 897 2468 san·
929 2411 1029 2464 deterri
1052 2427 1068 2461 a
1091 2411 1215 2464 diaconis
1237 2415 1271 2465 ad
1290 2415 1464 2468 absentes-
1476 2437 1524 2467 mr

306 2493 375 2557 guis.
390 2497 467 2549 llulla
480 2497 545 2550 sinit
558 2496 627 2551 ratio
641 2504 670 2550 ut
683 2499 897 2574 illacenseamus
931 2503 942 2544 t
961 2518 1046 2566 rapiet
1067 2504 1187 2566 excerpere
1209 2514 1215 2548 :
1236 2519 1248 2543 ιι
1265 2500 1299 2550 ad
1313 2500 1448 2552 ‘absentes
1461 2514 1525 2565 per·

306 2577 433 2633 desinere
446 2582 562 2644 adesse,
576 2596 660 2647 quum
684 2584 769 2636 semel
783 2585 897 2649 prolatis
931 2583 1031 2635 lerunt.
1044 2583 1081 2630 »ὕ

306 2665 407 2716 Christi
424 2666 675 2731 verbispraeseutia
688 2667 763 2720 liant.
965 2669 1023 2719 565.
1053 2669 1080 2719 S.
1112 2670 1232 2719 lrenaeus
1253 2668 1361 2719 monuit
1387 2667 1524 2720 Victorem

339 2751 399 2802 559.
422 2748 559 2803 Probatur
571 2751 595 2803 2.
608 2764 643 2804 eac
653 2752 769 2806 Petrum
782 2754 899 2808 aucturi-
932 2751 1097 2817 Episcopum
1110 2753 1262 2805 Romanum
1282 2765 1349 2806 suos
1361 2753 1524 2807 decessores

304 2838 367 2887 tute.
382 2836 410 2885 S.
430 2836 542 2900 optatus
560 2836 729 2891 ltlilcvitanus
742 2839 768 2891 iu
789 2841 898 2893 bonati·
931 2837 1112 2891 consuevisse
1135 2837 1334 2890 Eucharistiam
1357 2838 1466 2891 mittere
1488 2838 1522 2891 ad

306 2927 362 2971 stas
378 2920 554 2974 vehementer
575 2922 699 2977 iurectus
712 2930 754 2977 est
775 2924 811 2979 ob
833 2939 898 2979 con·
930 2921 1099 2990 Episcopus,
1113 2924 1141 2975 in
1153 2937 1272 2990 qrrorum
1282 2924 1407 2977 ecclesiis
1419 2925 1522 2977 luscha

306 3002 388 3057 tracta
401 3005 601 3059 catholicorum
617 3009 728 3073 altaria,
742 3015 769 3063 et
789 3011 896 3064 bucha·
929 3012 1092 3065 serrabatur
1105 3010 1149 3062 die
1168 3011 1264 3063 codem
1277 3023 1332 3076 quo
1344 3010 1431 3062 ludaei
1441 3023 1523 3061 suum

307 3090 410 3143 ristiam
430 3092 567 3145 horrenda
590 3094 730 3159 impietate
745 3096 873 3149 violatam
888 3111 894 3147 :
929 3097 1085 3149 servabant.
1094 3102 1180 3148 -rnr
1193 3102 1238 3146 te·
1251 3118 1290 3145 m
1304 3117 1417 3163 :epirum
1429 3082 1524 3164 „peteo

306 3176 400 3239 «Quid
418 3177 491 3229 enim
509 3181 550 3229 est
569 3179 653 3230 altare
671 3179 723 3231 nisi
743 3180 823 3232 sedes
834 3194 896 3233 cor·
927 3182 1025 3242 teipso
1039 3183 1193 3247 teutpertus.
1212 3182 1224 3214 ⁸

306 3262 380 3325 poris
400 3269 428 3313 et
450 3261 591 3328 sauguinis
605 3264 725 3315 Christi?
741 3284 752 3309 u
766 3265 833 3326 Quid
846 3278 896 3318 vos
963 3267 1021 3317 561..
1042 3264 1243 3325 Tertullianus,
1257 3276 1370 3315 uxorem
1385 3276 1462 3314 suam
1488 3264 1523 3314 ab

307 3366 317 3389 u
337 3345 491 3399 offenderat
509 3346 651 3410 Christus,
670 3348 748 3412 cujus
766 3347 831 3399 illuc
849 3361 897 3412 per
929 3347 1058 3399 ineundis
1082 3346 1163 3400 novis
1180 3346 1305 3411 nuptiis,
1321 3351 1385 3410 post
1403 3350 1521 3397 mortem

304 3449 318 3477 a.
337 3438 413 3485 certa
426 3438 566 3484 momenta
580 3445 680 3497 corpus
693 3438 720 3484 et
737 3432 848 3499 sanguis
860 3433 898 3485 in·
931 3446 1020 3495 suam,
1030 3445 1092 3484 cum
1103 3419 1213 3484 ethnico
1222 3430 1521 3492 bomiueutdeterreat,

308 3538 319 3562 s
340 3515 505 3568 habitabat?
530 3555 536 3566 .
558 3555 591 3568 ..
618 3519 657 3569 An
680 3517 762 3571 modo
785 3517 896 3571 ludaeos
931 3517 960 3569 id
979 3518 1052 3569 inter
1069 3522 1167 3571 caetera
1186 3516 1298 3569 adducit
1316 3520 1529 3583 argumentum,

305 3598 438 3653 »imitati
460 3601 547 3654 estis?
566 3602 606 3653 llli
627 3602 778 3669 injecerunt
798 3617 896 3657 manus
930 3603 1004 3669 quod
1026 3603 1141 3656 maritus
1167 3596 1223 3658 nou
1252 3604 1319 3657 satis
1347 3607 1524 3657 veneraretur

308 3708 320 3732 n
341 3688 453 3740 cbristo
466 3686 494 3739 iu
507 3700 586 3741 cruce
601 3703 607 3737 z
622 3702 636 3741 a
654 3688 733 3742 vobis
746 3702 896 3755 percussus
930 3690 1042 3742 coeleste
1053 3692 1107 3743 boc
1120 3692 1342 3761 Sacramentum,
1362 3688 1435 3755 quod
1443 3690 1539 3755 juxta·

307 3793 318 3817 ιι
339 3772 423 3825 estin
437 3773 524 3825 altari.
538 3792 572 3824 a.
593 3812 599 3825 .
623 3810 628 3823 .
651 3814 656 3825 .
671 3777 728 3828 lloc
740 3780 831 3828 tamen
845 3775 896 3828 im·
930 3775 1005 3828 illius
1028 3776 1116 3829 aetatis
1134 3776 1326 3843 disciplinam,
1339 3777 1434 3829 fideles
1446 3776 1522 3828 domi

308 3870 390 3910 mane
405 3857 511 3911 lacinus
532 3859 639 3912 euobis
653 3859 819 3926 geminatum
833 3866 895 3925 est,
929 3860 958 3912 in
973 3875 1034 3914 arca
1048 3876 1130 3928 parva
1144 3864 1283 3926 tenebant,
1294 3876 1375 3914 mane
1387 3862 1453 3913 illud
1467 3861 1521 3913 sibi

306 3941 370 3993 dum
383 3942 503 4009 fregistis
515 3943 597 3996 etiam
610 3944 711 3997 'calices
722 3944 821 3997 christi
835 3958 896 3997 san·
930 3945 1152 4000 administrantes
1167 3964 1173 3997 :
1188 3967 1204 3995 α
1217 3951 1275 4000 Νοι]
1302 3948 1370 4001 sciet
1390 3946 1526 4009 maritus..

308 4027 396 4091 guinis
416 4032 581 4092 portatores.
596 4027 632 4075 »ἱ
932 4030 999 4094 quid
1024 4030 1051 4081 iu
1071 4033 1180 4085 occulto
1209 4036 1272 4083 aute
1296 4044 1406 4084 omnem
1429 4029 1525 4082 cibum

338 4114 397 4165 560.
426 4114 453 4165 S.
478 4114 598 4165 loannes
621 4112 832 4178 Chrysostomus
861 4113 895 4165 ad
930 4115 1086 4166 sumas.»⁷

307 4201 333 4249 S.
355 4200 544 4253 lunocentium
567 4202 586 4251 l.
610 4198 754 4263 scribens,
774 4200 809 4251 de
830 4199 898 4251 mili·
965 4200 1024 4250 555.
1044 4200 1072 4251 S.
1093 4199 1243 4265 ciprianus
1266 4203 1378 4250 narret:
1395 4218 1408 4244 α
1427 4196 1528 4249 llulier·

309 4283 380 4337 tibus
400 4284 435 4336 ab
455 4286 621 4351 lmperatore
639 4284 732 4336 missis
745 4284 782 4337 ait
796 4299 802 4334 ε
821 4304 833 4329 ιι
847 4286 895 4337 Lo·
930 4284 1056 4349 qutedam
1070 4297 1132 4336 cum
1147 4298 1239 4338 arcam
1250 4297 1340 4347 suam,
1354 4284 1381 4336 in
1395 4285 1522 4350 quesan-

309 4381 368 4420 cum
393 4370 421 4421 in
435 4382 489 4434 quo
511 4376 603 4423 sancta
623 4368 732 4422 conditu
748 4368 896 4422 servaban·
932 4374 1005 4421 ctum
1018 4369 1125 4423 bomini
1138 4370 1243 4432 luerat,
1260 4354 1378 4435 indiguis
1392 4368 1521 4421 manibus

334 4630 360 4679 tt)
374 4630 430 4671 Sese.
441 4641 484 4671 run
495 4631 549 4671 Cen.
559 4632 587 4673 iv.
958 4634 984 4685 (a)
996 4631 1101 4684 Apologus
1112 4632 1125 4671 i.
1138 4644 1158 4672 n.
1167 4638 1198 4673 tt.

335 4696 362 4749 (ἱ)
372 4698 554 4741 cataclismate
564 4702 722 4745 Donatistarum
732 4712 766 4755 ‚n.
777 4703 791 4743 i.
800 4705 821 4743 2.
958 4703 983 4755 {s}
996 4702 1058 4754 apud
1066 4702 1144 4743 auses.
1155 4703 1170 4743 l.
1181 4716 1201 4745 v.
1211 4702 1262 4744 hist.
1271 4703 1329 4744 Eccl.
1338 4714 1357 4743 e.
1366 4702 1420 4743 niv.
1488 4728 1492 4737 -

335 4766 361 4817 [a]
372 4766 411 4819 Ep.
421 4768 446 4808 ml
456 4768 530 4809 lnnoe.
541 4768 567 4821 (t)
583 4770 622 4821 Ep.
634 4770 660 4811 ad
673 4762 821 4823 Caelosvri'um.
959 4771 985 4822 (r)
1001 4771 1023 4809 l..
1034 4769 1057 4809 ii.
1069 4770 1095 4809 ad
1106 4770 1202 4843 Uxorem.
