3792 5550
376 533 425 586 2⁴8
730 530 843 582 latur.
862 529 927 579 illl.
945 529 988 580 DE
1006 529 1226 580 sotularium.

376 649 436 706 hnc
446 645 569 701 doctriua
581 657 642 711 qnae
660 657 715 698 nou
728 645 764 697 sit
772 643 889 696 maxime
902 656 962 697 mo·
995 648 1082 710 pturae
1092 641 1236 696 afferentes
1247 643 1402 697 testimonia
1418 659 1451 696 :i
1466 645 1515 709 Qui
1532 658 1586 699 non

342 793 344 798 ,
375 722 453 804 rinus
471 740 498 788 et
510 732 573 786 lidei
596 742 717 784 consona
730 735 877 796 :peccator
893 729 964 782 scili·
996 729 1093 794 diligit,
1106 730 1347 792 manetinmorte;
1365 736 1415 783 »et
1429 732 1588 798 1111111111-

334 823 336 832 '
351 819 363 845 ⁸
376 827 419 878 cet
434 833 515 887 quem
528 819 573 871 1111
583 817 693 870 dilectio
703 829 759 869 non
774 815 873 882 tangit,
888 819 963 867 motu
996 815 1071 868 modi
1093 829 1100 865 :
1121 814 1235 869 concilii
1254 817 1336 868 etiam
1353 816 1509 869 Tridentini
1520 818 1586 870 alle·

373 906 537 974 judiciorum
550 902 702 956 divinorum
720 915 735 954 a
753 908 865 967 peccato
878 905 964 954 retra·
997 905 1091 966 gaules
1099 899 1292 952 authoritatem
1302 915 1309 961 ;
1321 914 1383 953 nam
1403 902 1586 968 modumque

377 993 460 1055 luitur,
471 995 511 1052 ,ut
523 993 618 1056 postea
628 988 660 1040 ad
674 987 769 1040 altiora
782 991 923 1052 assurgat,
936 991 964 1038 11
997 991 1183 1052 praeparantur
1208 991 1367 1052 peccatores
1397 988 1432 1040 ad
1456 988 1586 1054 justitiam

377 1075 525 1131 totnanimi
536 1072 633 1127 aflectu
645 1076 729 1126 ileum
742 1073 929 1138 amplectatur.
996 1071 1025 1123 in
1039 1072 1177 1137 Baptismo
1189 1074 1391 1138 assequendam
1408 1074 1586 1137 describens,

408 1165 450 1216 98.
465 1162 524 1229 011.
547 1166 572 1213 1.
586 1164 714 1214 Peccator
725 1159 862 1212 attritione
872 1163 964 1210 motus
997 1157 1080 1210 dicit:
1094 1177 1107 1204 α
1120 1159 1200 1210 lllurn
1219 1159 1325 1225 (Deum)
1338 1164 1477 1224 tamquam
1500 1162 1586 1212 omnis

376 1249 495 1314 seipsum
518 1247 606 1314 magis
635 1260 718 1313 qnam
747 1248 830 1298 licum
861 1242 964 1309 diligit,
994 1243 1108 1309 justitiae
1133 1243 1236 1302 iontem
1264 1244 1380 1312 diligere
1409 1245 1581 1311 incipiunt.»

376 1335 431 1388 imo
453 1335 599 1387 manifesto
618 1347 648 1386 sc
671 1335 725 1385 lieo
739 1332 898 1396 anteponit:
913 1329 964 1382 alt·
997 1329 1123 1394 Plerique
1159 1330 1326 1383 attritionem
1357 1329 1583 1395 semitoniorum,

377 1420 471 1473 horret
482 1419 578 1472 calma
591 1422 722 1484 peceato,
737 1416 803 1482 quie
820 1415 965 1468 sibi-aeter·
998 1413 1089 1468 omnis
1110 1414 1252 1466 charitatis
1279 1419 1439 1482 expertem,
1465 1416 1585 1470 sufficere

376 1517 475 1558 norum
496 1505 691 1570 suppliciorum
705 1515 788 1557 causa
806 1501 889 1562 loret,
909 1513 966 1553 uon
998 1499 1166 1562 censebant,
1177 1500 1325 1553 accedente
1346 1502 1501 1555 sacerdotis
1512 1503 1586 1556 abso·

376 1590 440 1656 quia
452 1593 506 1643 lieo
518 1589 764 1656 irrogatinjnriam,
778 1588 862 1656 igitur
871 1592 967 1654 peccat
998 1584 1122 1646 lotione;
1142 1597 1206 1636 nam
1227 1585 1352 1650 deposita
1370 1587 1513 1640 voluntate
1527 1601 1585 1652 pec·

376 1675 437 1742 ipso
457 1680 519 1728 actu
536 1687 591 1742 quo
615 1679 757 1742 peccatum
776 1672 906 1726 detestari
925 1671 966 1724 di·
998 1671 1098 1735 candi,
1116 1677 1145 1724 et
1160 1684 1295 1726 converso
1318 1672 1411 1726 animo
1429 1673 1464 1725 ad
1485 1675 1583 1734 ileum,

377 1762 457 1815 citur.
1000 1757 1066 1810 licet
1084 1759 1219 1823 geltennae
1236 1763 1328 1822 metu,
1352 1758 1424 1811 obex
1439 1762 1532 1811 curuis
1542 1770 1586 1825 po·

410 1851 453 1902 99.
474 1845 709 1913 conpunctione
726 1848 816 1897 tactus
836 1847 967 1909 peccator
1000 1842 1105 1895 testatis
1130 1842 1288 1895 remittendi
1314 1847 1426 1908 peccata
1460 1843 1585 1896 exercitio

376 1934 533 1988 abhorrete
545 1937 676 1998 peccato,
700 1936 793 1996 utpote
805 1935 900 1984 contra
917 1927 965 1981 uel
999 1927 1124 1980 sublatus
1149 1927 1203 1980 illis
1221 1927 1372 1981 uidebatur.
1390 1931 1428 1980 lte
1446 1941 1511 1981 cum
1529 1929 1586 1982 clia·

337 2057 343 2068 .
377 2018 584 2086 legem,etideo
605 2016 716 2070 aeternis
731 2015 872 2081 suppliciis
886 2016 964 2066 luen·
1000 2012 1086 2065 ritatis
1103 2014 1250 2079 dispendio
1279 2014 1314 2066 lis
1336 2019 1483 2080 ageretur,
1508 2015 1589 2069 vetuit

378 2104 425 2158 do.
444 2107 502 2158 lton
524 2117 569 2166 se,
593 2116 645 2156 nec
660 2108 779 2154 creatam
801 2101 885 2152 ullam
909 2113 966 2152 rem
999 2099 1153 2151 Alexander
1177 2100 1230 2150 vll.
1250 2112 1324 2153 anno
1345 2101 1429 2164 lost,
1449 2099 1587 2166 utriusque

378 2191 434 2243 Deo
452 2189 602 2254 anteponit,
614 2188 664 2240 sed
675 2188 764 2252 legem
770 2187 815 2238 liei
826 2192 968 2251 tamqnam
1000 2184 1144 2237 sententiae
1161 2185 1284 2250 patronis
1299 2185 1519 2238 adversariorum
1534 2186 1588 2251 pla·

379 2274 499 2340 regulam
521 2272 619 2338 agendi
637 2272 812 2324 essentiendi
830 2271 970 2336 amplecti
999 2270 1062 2323 cilis
1088 2271 1208 2337 aliquam
1227 2271 1337 2324 inurere
1359 2277 1463 2324 notam.
1486 2274 1523 2325 lle
1542 2273 1587 2326 trac

377 2363 431 2421 tur,
447 2363 474 2410 et
488 2353 579 2410 omnia
602 2361 706 2423 spectat
724 2361 805 2422 prout
827 2356 861 2408 ad
883 2359 967 2410 lieurn
999 2357 1198 2409 sententiarum
1210 2357 1341 2411 varietate
1359 2357 1437 2409 nulla
1448 2370 1500 2410 nos
1517 2362 1588 2412 tonet

379 2442 543 2495 relernntur.
556 2443 617 2510 lpsa
634 2443 769 2509 supplicia
786 2455 841 2496 non
860 2447 966 2496 tantum
1000 2441 1173 2506 sollicitudo,
1193 2456 1278 2507 quum
1291 2441 1362 2507 apud
1375 2454 1474 2496 omncs
1487 2443 1515 2494 in
1528 2455 1586 2496 cou-

378 2528 408 2581 in
431 2542 462 2582 se
493 2528 717 2592 considerantur,
753 2529 802 2582 sed
832 2535 968 2595 quatenus
999 2526 1073 2580 fesso
1095 2526 1149 2588 sit,
1163 2525 1398 2592 neminemposse
1409 2527 1586 2582 absolutionis

379 2619 458 2670 alico
473 2615 625 2682 iustissime
649 2615 816 2682 infliguntur.
828 2616 897 2668 1111111
919 2629 967 2668 au·
999 2612 1052 2665 frui
1068 2611 1221 2676 beneficio,
1242 2613 1290 2679 qni
1308 2611 1437 2666 allectum
1458 2614 1585 2680 peccandi

378 2707 434 2756 tem
451 2709 494 2756 est
515 2703 572 2757 vitii
593 2703 620 2755 iu
640 2715 673 2756 eo
698 2703 773 2768 qnod
798 2702 859 2768 quis
874 2715 889 2754 a
902 2715 967 2768 sup·
1000 2711 1056 2751 non
1073 2698 1248 2764 deposuerit;
1268 2702 1295 2752 et
1314 2697 1516 2752 aconiessario.
1534 2712 1587 2753 om·

378 2788 468 2853 pliciis
476 2790 640 2843 abhorreat:
657 2794 700 2841 est
714 2789 787 2841 enirn
807 2802 823 2842 a
838 2789 967 2842 11111111-
999 2800 1063 2839 uem
1091 2786 1276 2839 adhibendam
1300 2786 1473 2853 diligentiam.
1484 2793 1515 2840 ut
1533 2800 1585 2854 poe·

378 2886 432 2925 mae
454 2879 556 2927 nostrae
588 2873 687 2926 insitus
708 2887 784 2927 amor
813 2874 859 2927 ille
885 2874 967 2927 felici·
999 2872 1090 2925 nitens
1103 2874 1137 2925 ad
1147 2873 1341 2927 contritionem
1353 2874 1497 2939 excitetur,
1512 2882 1585 2941 prout

379 2958 458 3019 tatis,
479 2958 523 3011 cui
541 2958 657 3024 obsequi
668 2960 834 3012 voluntatem
852 2972 966 3013 necesse
998 2966 1092 3014 monet
1099 2962 1261 3016 Benedictus
1270 2963 1411 3029 lllll.¹post
1420 2964 1528 3017 liitnale
1540 2967 1585 3017 llo-

379 3048 429 3096 est.
964 3096 968 3105 ,
999 3048 1584 3102 manumllocanimaduertendumduximus

536 3130 805 3185 Animadversioera.
1002 3136 1032 3184 ut
1041 3132 1200 3185 obstruatur
1218 3144 1253 3185 os
1260 3132 1492 3188 calumniantibus
1505 3136 1584 3187 Tlreo

413 3216 470 3267 ltili.
498 3216 671 3269 linitionem
694 3216 840 3283 disponere
863 3219 898 3271 ad
921 3220 967 3273 liei
999 3218 1079 3283 logos
1104 3217 1252 3271 catholicos
1268 3223 1295 3271 11
1317 3219 1467 3272 Ecclesiam
1482 3209 1583 3287 ipsauu

380 3302 493 3369 gratiam
505 3301 532 3353 in
546 3304 719 3356 sacramento
733 3302 901 3357 Poenitenliae
916 3305 967 3357 irn-
1003 3307 1069 3355 sunt
1085 3302 1159 3355 enim
1181 3302 1252 3357 inter
1265 3304 1432 3359 novissimos
1443 3307 1585 3373 scriptores

378 3388 541 3454 petraudam
559 3388 714 3441 docuerunt
728 3390 819 3443 Patres
831 3391 967 3445 tridenti·
999 3388 1162 3455 anglicanos
1174 3388 1223 3454 qui
1237 3389 1390 3442 doctrinam
1405 3391 1441 3445 de
1454 3392 1585 3445 attritione

378 3472 423 3538 ui,
457 3474 524 3541 quin
554 3487 615 3527 eam
639 3473 763 3527 sulficere
788 3476 963 3530 declararint.
998 3472 1585 3541 uolutiportentumquoddametmonstrum
1612 3546 1618 3551 ι

378 3562 498 3613 Fuerunt
522 3558 635 3623 quidem
657 3573 672 3611 e
689 3559 791 3613 scholae
805 3562 965 3617 doctoribus
999 3567 1106 3627 notant,
1117 3568 1212 3616 contra
1235 3564 1352 3617 aliorum
1365 3567 1582 3621 concessionem.

380 3644 427 3709 qui
456 3643 604 3707 perlectam
637 3644 830 3697 contritionem
862 3648 965 3712 requiri
1033 3650 1090 3701 lot.
1115 3650 1194 3715 apud
1222 3651 1376 3718 Baptistae,
1402 3655 1527 3721 aliosque
1547 3668 1585 3707 se-

379 3729 595 3790 contenderent,
618 3732 648 3780 nt
665 3729 726 3794 quis
740 3730 905 3785 absolutioni
923 3748 966 3787 sa·
999 3736 1116 3800 etarios,
1141 3738 1208 3803 qui,
1235 3740 1264 3792 in
1285 3740 1502 3796 occidentalibus
1524 3755 1585 3809 prae·

380 3812 498 3867 ocrdotis
530 3812 693 3877 recipienda
727 3814 796 3869 leret
830 3817 965 3884 idonens;
999 3821 1103 3873 sertim.
1116 3823 1284 3889 provinciis,
1307 3827 1383 3878 omni
1399 3831 1459 3880 arte
1481 3828 1585 3880 student

380 3911 496 3967 quorum
509 3898 659 3963 sententia,
673 3899 965 3973 licetlrauddamnata,
1000 3912 1152 3961 sectatores
1174 3922 1298 3976 augere,
1323 3910 1466 3963 hominum
1493 3912 1584 3965 mulie-

379 3984 601 4053 poleoncilium
613 3986 800 4041 Tridentinum
813 3990 965 4058 obsolevit,
999 4006 1115 4058 rumque
1126 3992 1260 4058 imprimis
1278 3994 1401 4049 excitatis
1419 3997 1582 4063 phantasiis,

379 4071 550 4125 lausenianis
568 4076 659 4125 tamen
680 4072 819 4139 plerisque
834 4078 967 4143 acceptis·
999 4078 1151 4142 praesertim
1163 4079 1192 4131 in
1208 4080 1263 4133 illis
1276 4083 1459 4137 conventibus
1471 4084 1584 4151 perplu-

379 4159 456 4213 sima.
479 4159 541 4211 orta
561 4156 603 4210 est
624 4157 695 4211 inter
717 4160 872 4228 theologos
895 4165 969 4216 acris
1002 4174 1047 4216 res
1055 4163 1115 4216 dies
1127 4164 1292 4219 continuatis
1304 4208 1310 4229 ,
1323 4168 1351 4219 in
1371 4169 1585 4235 sylvis,(ccmp

378 4243 444 4297 satis
453 4241 622 4307 disceptatio,
634 4247 725 4295 utrum
739 4243 856 4310 aliquam
870 4246 916 4298 liei
929 4246 969 4298 di·
1000 4249 1131 4317 meetirrqs
1142 4252 1226 4317 vulgo
1246 4252 1336 4317 dictis)
1357 4258 1445 4306 totum
1469 4252 1585 4309 reconci-

378 4328 523 4381 lectionem
554 4326 656 4380 attritio
686 4326 825 4381 includere
851 4330 966 4393 debeat,
999 4333 1119 4388 liationis
1153 4336 1294 4403 negotium
1322 4339 1416 4405 peragi
1442 4345 1584 4401 censetur,

379 4416 410 4465 nt
421 4410 535 4463 sufficiat
549 4410 663 4476 just-itia
673 4410 700 4464 in
713 4413 887 4468 sacramento
901 4428 966 4468 oon·
999 4425 1103 4473 terrore
1121 4420 1197 4486 prius
1219 4422 1348 4484 incusso,
1361 4428 1389 4475 et
1401 4431 1544 4489 peccatore
1552 4422 1583 4474 ad

380 4495 536 4563 sequendae.
557 4494 667 4547 Plurimi
687 4496 872 4564 affirmarunt,
894 4498 966 4553 Scri⁴
999 4503 1430 4573 desperationemlereredactc,
1443 4509 1583 4575 quiquam

408 4736 435 4789 [1)
445 4735 474 4777 De
482 4736 584 4791 synodo,
593 4736 679 4779 dioeces.
692 4738 707 4780 l.
715 4736 751 4783 rii.
757 4749 775 4781 c.
784 4739 829 4784 xiii.
837 4752 859 4783 n.
869 4744 899 4785 tt.
