3792 5550
684 562 752 614 chia.
773 563 805 613 il.
826 564 867 614 bc
885 565 928 616 RE
946 564 1181 616 nucuhltlsrlAE.
1513 572 1549 624 85

328 676 436 743 plicuit.
462 676 568 729 Saeculo
583 688 657 729 nono
677 678 798 729 loannes
824 679 922 730 scotus
956 678 1050 740 bicor,
1066 693 1164 744 panem
1181 681 1311 733 cirinum
1327 696 1388 748 quae
1409 689 1552 749 ponuntur

327 763 402 815 haud
416 760 483 814 satis
501 767 626 815 accurate
640 762 674 814 dc
685 762 922 816 bocsacrameuto
957 766 984 817 in
1011 766 1107 828 altari,
1124 779 1174 831 per
1193 767 1353 832 mysterium
1381 782 1467 821 sacrae
1488 781 1551 822 ora·

326 845 487 909 disseruit,
520 846 571 921 ab·
595 846 748 899 hdrevaldo
783 848 920 900 monacho
955 850 1038 903 tionis
1060 854 1086 903 ct
1111 852 1194 904 verba
1218 852 1305 905 nostri
1336 853 1548 919 Redemptoris,

326 931 492 985 Floriacensi
508 930 617 983 abunde
635 931 778 984 reluta'us.
956 936 1173 988 substantialiter
1200 937 1320 990 converti
1353 937 1381 988 iu
1406 952 1499 991 veram
1521 944 1549 991 et

360 1018 403 1069 20.
416 1018 521 1069 Saeculo
535 1016 701 1080 undecimo,
721 1030 792 1071 anno
815 1017 923 1071 circiter
955 1020 1094 1086 propriam
1111 1034 1143 1073 ac
1156 1020 1289 1074 vivificam
1312 1034 1422 1074 carnem
1440 1028 1468 1074 et
1489 1035 1551 1074 san·

327 1106 414 1168 loti,
433 1104 610 1171 berengarius
631 1105 815 1167 Turonensis,
831 1104 922 1156 Eoole·
956 1107 1064 1173 guinem
1088 1109 1152 1159 lesu
1184 1108 1284 1159 Christi
1308 1108 1416 1160 bomini
1442 1108 1570 1168 nostris

327 1190 378 1243 siae
397 1191 602 1256 hodegavensis
623 1191 650 1242 in
678 1191 770 1244 Galliis
785 1190 923 1243 archidia·
955 1197 982 1245 et
1008 1197 1072 1258 post
1091 1192 1325 1245 consecrationem
1356 1205 1419 1244 esse
1453 1205 1552 1245 verum

327 1288 431 1338 conus,
450 1275 554 1341 primus
573 1276 697 1328 omnium
717 1275 799 1340 coepit
822 1274 922 1328 docere
955 1278 1053 1330 Christi
1077 1290 1199 1343 corpus,
1229 1278 1302 1342 quod
1326 1283 1419 1329 uatum
1447 1280 1489 1329 est
1505 1276 1551 1329 de

327 1359 524 1412 Eucharistiam
545 1372 607 1412 esse
633 1359 772 1412 dumtaxat
807 1360 921 1421 liguram
954 1362 1084 1429 virgine,
1114 1367 1141 1414 et
1171 1362 1244 1427 quod
1274 1373 1325 1427 pro
1347 1363 1435 1414 sainte
1451 1361 1548 1413 mundi

328 1450 357 1497 et
390 1444 536 1511 imaginem
567 1444 691 1510 corporis
720 1449 747 1496 et
781 1443 922 1511 sanguinis
955 1448 1077 1500 oblatum
1094 1447 1122 1498 in
1144 1460 1225 1499 cruce
1248 1446 1401 1511 pependit,
1425 1451 1452 1498 et
1472 1445 1548 1511 qnod

327 1528 437 1581 Christi.
460 1531 586 1582 Errorem
612 1528 703 1581 statim
731 1528 839 1594 scriptis
859 1542 922 1594 per·
956 1533 1032 1586 sedet
1061 1532 1095 1584 ad
1115 1524 1255 1584 'dexteram
1279 1530 1366 1583 Patris
1384 1536 1432 1583 :et
1452 1543 1549 1584 verum

327 1614 495 1667 strinxerunt
518 1613 617 1666 eruditi
637 1613 740 1679 quique
759 1612 838 1665 avitae
858 1612 920 1665 tidei
955 1618 1116 1683 sanguinem
1134 1618 1251 1681 christi,
1269 1616 1364 1682 quide
1383 1618 1468 1670 latere
1489 1616 1549 1682 ejus

325 1698 470 1762 Vindices,
488 1697 641 1765 liiaeseiiim
664 1697 799 1750 Piaesffles
821 1697 922 1763 egregii
955 1702 1059 1756 eiiusns
1079 1710 1140 1767 est,
1168 1715 1223 1755 non
1242 1707 1347 1755 tantum
1362 1715 1413 1768 per
1439 1702 1550 1768 siguum

308 1780 493 1836 'Adelmanus
522 1780 689 1843 brixiensis,
719 1782 797 1843 Hugo
824 1780 922 1845 Lingo-
956 1793 983 1844 et
1004 1786 1132 1840 virtutem
1154 1788 1343 1851 sacramenti,
1362 1788 1410 1839 sed
1435 1789 1464 1839 in
1486 1798 1550 1852 pro·

325 1869 443 1931 nensis,
461 1866 644 1920 Guiifflussdlls
661 1868 833 1927 humanus,
857 1867 923 1917 ⁰00·
956 1863 1202 1937 prietatenat'urae,
1215 1877 1242 1923 et
1252 1872 1365 1923 veritate
1378 1871 1547 1923 substantiae.

325 1953 430 2006 duinns
462 1951 645 2014 Leodiensis,
676 1950 839 2016 quibuscum
872 1963 922 2016 pro
958 1957 1034 2009 Sicut
1046 1955 1074 2007 iu
1093 1957 1146 2008 boc
1164 1955 1242 2007 Brevi
1253 1956 1425 2015 continetur,
1448 1960 1477 2007 et
1497 1967 1552 2020 ego

325 2037 449 2093 Ecclesia
468 2036 619 2089 militamnt
637 2035 834 2098 bambanem,
857 2041 923 2089 tunc
956 2040 1025 2108 legi,
1039 2045 1066 2093 et
1077 2053 1125 2093 vos
1143 2038 1316 2106 intelligitis,
1335 2040 1375 2092 sic
1393 2039 1486 2102 oredo,
1498 2052 1551 2092 nec

279 2130 282 2135 “
325 2122 471 2178 Beccensis
487 2123 647 2176 monasterii
660 2120 848 2187 Prior,paulo
859 2126 922 2187 post
956 2132 1051 2179 eontra
1079 2126 1149 2177 hanc
1173 2125 1257 2177 fidem
1287 2125 1401 2177 ulterius
1429 2119 1552 2177 docebo,

325 2207 554 2274 archiepiscopus
576 2206 799 2270 cantuariensis,
817 2208 918 2260 buran·
955 2211 999 2264 Sio
1024 2224 1069 2263 me
1089 2214 1160 2263 beus
1173 2209 1298 2276 adjuvet,
1325 2216 1353 2262 et
1375 2210 1434 2261 baeo
1453 2213 1548 2261 sancta

325 2296 380 2347 dus
409 2293 501 2346 hbbas
527 2294 726 2357 Troarneusis,
748 2298 775 2346 et
808 2295 922 2359 bigerus
954 2297 1167 2363 bellivangelia.
1189 2294 1226 2344 »Ι

325 2378 514 2433 Cluniacensis
525 2378 720 2442 scholasticus,
740 2378 840 2431 deinde
862 2391 921 2432 mo·
987 2383 1030 2433 22.
1054 2384 1159 2435 Saeculo
1184 2380 1349 2434 duodecimo
1377 2380 1473 2434 Petrus
1509 2378 1548 2433 de

324 2464 441 2517 naobns.
456 2463 575 2517 concilia
596 2463 712 2530 plurima
731 2467 758 2516 et
777 2463 921 2517 Pontifices
954 2467 1033 2519 bruis
1047 2467 1330 2533 negavitquemquam
1340 2466 1397 2531 jam
1410 2478 1469 2517 eam
1483 2477 1548 2517 oon-

325 2548 491 2602 damnarunt
521 2561 621 2602 novum
660 2548 786 2615 dogma;
817 2548 921 2601 scilicet
954 2551 1109 2605 versionem
1130 2550 1209 2615 panis
1235 2556 1262 2601 et
1279 2549 1336 2601 vini
1353 2549 1381 2600 iu
1401 2560 1500 2613 corpus
1520 2554 1548 2601 et

324 2637 480 2687 Romanum
509 2634 561 2687 sub
584 2636 611 2685 S.
638 2637 729 2688 Leone
750 2636 819 2698 ill,
848 2646 920 2686 anuo
955 2636 1116 2703 sanguinem
1126 2634 1225 2685 christi
1238 2632 1454 2693 efficerevalere,
1465 2644 1550 2697 quam

327 2720 394 2771 1⁰50
409 2756 417 2783 ,
431 2719 583 2786 eodemque
598 2732 670 2772 anno
684 2719 855 2772 vercellense
869 2756 876 2782 ‚
889 2732 921 2771 ac
954 2721 1014 2788 ipse
1029 2719 1151 2785 Christus
1165 2716 1194 2769 in
1218 2730 1296 2771 coena
1315 2714 1414 2769 effecit.
1441 2715 1452 2749 ¹
1479 2714 1555 2767 nihi·

323 2805 493 2869 barisiense3
507 2809 667 2859 Turonense
685 2818 717 2859 ao
734 2805 919 2858 Florentinum
955 2821 1054 2875 genses
1076 2806 1201 2872 sequenti
1233 2806 1354 2869 saeculo,
1386 2804 1550 2858 Manichaeo-

324 2891 379 2945 sub
397 2891 503 2946 victore
524 2892 569 2955 ll.,
581 2903 653 2944 anno
669 2891 736 2943 totta
748 2904 756 2952 3
768 2891 920 2942 itomannm
953 2907 1014 2946 rum
1030 2904 1137 2946 errores
1147 2896 1312 2946 renovantes
1323 2930 1331 2956 ‚
1342 2892 1551 2950 Sacramentum
1589 2915 1592 2918 ·

324 2977 378 3032 snb
398 2977 507 3032 Nicolao
527 2977 559 3028 ll.
573 2975 752 3038 ann0'1059;
777 2976 921 3028 Rothoma·
953 2978 1132 3032 Eucharistiae
1149 2977 1330 3045 denegarunt.
1349 2973 1476 3028 Wirlrleli
1495 2987 1550 3027 sae·

324 3075 411 3130 pense
446 3075 518 3116 anno
547 3063 631 3122 106&
655 3060 825 3114 Pictavicnse
847 3072 920 3125 anno
953 3063 1145 3118 octodecimo
1168 3069 1266 3128 quarto
1288 3076 1385 3128 panem
1410 3059 1545 3114 etvinnm

323 3147 408 3209 ¹⁰75?
430 3149 583 3200 Romanum
602 3145 654 3198 sub
668 3147 695 3196 S.
719 3143 848 3210 Gregorio
864 3144 919 3195 Vll.
953 3150 982 3201 in
1001 3149 1100 3203 christi
1120 3161 1220 3214 corpus
1238 3154 1266 3200 et
1285 3146 1448 3212 sanguinem
1484 3157 1550 3198 con-

322 3243 398 3287 anno
411 3232 499 3290 10783
519 3234 547 3282 et
559 3229 676 3281 alterum
684 3228 836 3280 Romanum
849 3239 921 3281 anno
953 3233 1021 3287 verti
1041 3232 1178 3284 inficiatus
1199 3237 1257 3291 est3
1270 3244 1351 3295 quem
1369 3235 1461 3281 tamen
1475 3231 1553 3280 iiuss

322 3318 400 3370 1079.
423 3318 525 3382 Dogma
546 3311 716 3366 catholicum
747 3311 876 3378 agnovit,
895 3317 922 3363 ei
954 3305 1068 3368 nonest
1083 3317 1134 3366 hac
1150 3315 1177 3366 in
1195 3327 1225 3366 re
1244 3313 1384 3374 imitatus,
1405 3313 1490 3362 semel
1503 3309 1545 3361 de

319 3399 452 3454 haeresim
473 3399 572 3450 iterum
605 3393 745 3448 damnavit
769 3393 922 3446 Concilium
955 3404 1029 3452 serto
1041 3398 1184 3461 magistro.

320 3485 506 3554 plurimorum
543 3480 741 3547 Episcopornm
777 3479 922 3533 Placentiae
988 3482 1149 3535 tosaeculo
1176 3478 1401 3533 decimosexto.
1426 3475 1551 3544 Andreas

289 3555 300 3564 ’
322 3580 401 3624 anno
415 3569 499 3630 toas,
513 3567 684 3624 suburbano
707 3567 739 3619 ll.
954 3568 1177 3630 carolostadius,
1199 3564 1413 3619 archidiaconns
1434 3562 1557 3616 Which·-

357 3655 401 3707 21.
424 3653 582 3707 auctoritati
607 3653 690 3707 cessit
721 3651 919 3720 berengarius,
953 3654 1106 3722 bergensis.
1119 3651 1230 3705 lutheri
1243 3649 1405 3716 discipulus,
1414 3647 1554 3715 magistro

322 3739 451 3808 quamvis
471 3739 507 3792 ob
527 3738 649 3807 mysterii
676 3737 861 3792 difficultatem
891 3738 920 3791 in
955 3738 1116 3807 repugnavit
1135 3738 1170 3791 de
1195 3735 1325 3804 mysterio
1353 3732 1547 3795 Eucharistiae,

324 3837 447 3880 errorem
475 3825 537 3890 plus
565 3824 650 3877 semel
673 3823 709 3876 sit
729 3824 842 3888 lapsus,
860 3828 920 3876 tan·
951 3827 1035 3879 verba
1060 3823 1159 3876 christi
1184 3821 1219 3874 de
1245 3831 1361 3885 corpore
1390 3830 1442 3870 suo
1463 3816 1554 3871 veluti.

324 3911 547 3978 demaliquando
568 3911 595 3962 in
606 3909 669 3962 fidei
682 3909 805 3963 doctrina
822 3909 918 3961 humili
953 3911 1039 3977 digito
1060 3913 1212 3962 monstrato
1233 3906 1424 3971 interpretans.
1443 3901 1552 3953 Utricus

324 3995 524 4064 poenitentique
573 3993 666 4047 animo
709 3992 918 4058 conquiescens.
952 3993 1112 4058 zuinglius,
1147 3990 1293 4056 ligurinus
1321 3990 1433 4049 Pastor,
1449 3997 1552 4051 panem

325 4081 452 4135 Pluribus
491 4079 554 4133 iidei
581 4078 708 4132 formulis
735 4076 921 4142 subscripsit,
953 4076 1086 4129 intellexit
1106 4086 1207 4140 corpus
1224 4073 1294 4134 dici,
1314 4078 1453 4134 tamquam
1474 4067 1556 4119 illius

324 4179 441 4234 quarum
473 4177 555 4218 unam
584 4165 700 4216 recitare
717 4163 813 4228 Juvat,
838 4173 921 4226 quam
955 4162 1082 4228 signum3
1098 4158 1147 4212 sed
1169 4170 1253 4224 qnum
1275 4153 1406 4208 catholici
1419 4164 1481 4205 eum
1502 4163 1547 4203 nr-

324 4252 353 4304 in
369 4251 489 4306 concilio
502 4252 624 4303 itomauo
640 4286 648 4312 ,
664 4261 737 4301 anno
759 4248 919 4310 toto,ore-
955 4250 1069 4314 gerent,
1089 4243 1175 4296 moris
1195 4254 1251 4294 nou
1273 4251 1335 4316 esse
1363 4237 1391 4288 in
1416 4234 1556 4290 institutis·

324 4337 402 4404 gorio
414 4338 469 4389 vll.
479 4335 618 4400 irneside,
631 4335 722 4401 palam
734 4332 820 4387 iecit-z
837 4336 920 4399 «ligo
954 4330 1034 4386 novis
1060 4343 1119 4382 rem
1140 4341 1203 4381 cum
1223 4326 1303 4394 signo
1320 4326 1489 4377 commutare
1504 4325 1556 4376 lo·-

323 4422 504 4491 iterengarius
517 4462 525 4485 ,
537 4422 621 4475 corde
641 4419 725 4474 credo
744 4424 772 4472 et
783 4431 832 4474 ore
854 4431 920 4473 con·
954 4415 1065 4484 quendo
1080 4451 1088 4479 ,
1101 4412 1178 4466 nullo
1192 4410 1293 4464 indicio
1309 4410 1373 4463 dato
1386 4447 1394 4474 ,
1412 4405 1525 4474 spiritus
1536 4443 1554 4470 ,

348 4667 509 4728 vrpvrrnpua
524 4667 640 4710 orosium
658 4665 825 4709 nolumus.
842 4666 871 4708 u.
890 4668 917 4710 rr
978 4662 1068 4717 luvra·
1080 4644 1375 4733 'assumpserimus
1388 4647 1556 4694 :neroum--

324 4743 474 4786 annumtt'tt·
850 4761 851 4766 =
955 4745 1012 4774 ⁸¹⁸³·
