3792 5550
709 534 777 585 caP.
798 532 838 584 iv.
857 534 899 585 DE
916 533 1162 587 conElmtxnnts.
1520 522 1555 575 ia·

333 646 414 699 locis
436 648 493 713 jam
518 647 654 713 rigentem
679 648 751 702 idem
785 651 932 715 preclarus
967 648 1103 715 pontificia
1128 646 1301 712 delegatione
1320 643 1413 696 irritus
1435 642 1504 695 ieret
1526 642 1554 693 iu

343 732 442 786 docter
455 733 566 799 scripsit
585 748 592 784 :
608 733 702 797 «Quid
722 734 802 797 iacit,
819 725 932 801 excepta
967 733 1131 788 occidentali
1157 732 1341 799 patriarchatu
1363 735 1440 782 actus
1468 740 1554 781 sacer·

342 817 532 882 ordinatione,
556 819 706 885 Episcopus
726 820 799 885 quod
820 834 875 875 nen
893 822 931 874 ia·
965 820 1084 883 dotalis,
1101 818 1183 872 etiam
1199 816 1390 870 consentiente
1405 813 1553 880 Episcopo,

340 905 394 958 ciat
412 905 578 970 Presbyter?
601 904 642 951 »¹
675 908 735 972 lpse
766 908 929 973 Gregorius,
965 919 1050 971 quum
1075 904 1196 957 Pontifex
1223 901 1391 959 facultatem¹
1407 900 1572 966 delegandi,

342 1003 429 1056 quum
448 991 588 1043 decretum
619 991 695 1055 ejus,
715 1005 770 1057 quo
788 993 930 1046 vetabatur
965 991 1017 1044 sibi
1034 988 1219 1044 reservaverit.
1346 982 1349 989 '

342 1075 510 1143 Presbyteris
528 1076 679 1129 Chrismate
693 1076 809 1130 frontem
830 1078 927 1139 linire,
995 1076 1039 1127 62.
1059 1078 1176 1128 Necesse
1200 1086 1257 1127 non
1278 1077 1370 1125 estut
1391 1070 1494 1123 diutius
1525 1069 1552 1120 in
1649 1135 1652 1140 ἕ

222 1202 228 1210 .
332 1160 428 1213 ¹turbis
458 1161 632 1215 occasionem
654 1162 833 1228 praebuisset,
862 1164 926 1217 illud
963 1162 1007 1213 his
1041 1160 1210 1227 explicandis
1240 1159 1437 1219 immoremur,
1467 1168 1551 1222 quum
1633 1230 1640 1246 ο

333 1248 472 1313 mitigavit
494 1263 500 1300 :
524 1267 540 1297 κ
564 1252 618 1302 Nos
636 1250 746 1315 quidem
774 1251 927 1304 secuudum
964 1246 1074 1298 sectarii
1116 1245 1197 1311 hujus
1227 1242 1347 1309 regionis
1378 1243 1423 1296 vel
1456 1241 1552 1295 contir-

332 1346 422 1385 usum
443 1340 564 1387 veterem
584 1335 713 1389 Ecclesiae
736 1342 839 1389 nostrae
864 1337 928 1390 leci·
964 1332 1056 1383 mandi
1094 1332 1177 1383 iilum
1207 1330 1316 1397 Penims
1340 1328 1478 1396 rejiciant,
1507 1328 1550 1380 Vel

330 1430 415 1479 ·mus;
434 1420 483 1471 sed
506 1420 530 1471 si
548 1420 662 1474 omnino
674 1421 726 1474 hac
746 1422 825 1488 dere
842 1421 926 1488 aliqui
961 1430 1025 1471 eum
1039 1417 1074 1469 ab
1085 1418 1221 1482 Episcopo
1238 1414 1330 1481 peragi
1347 1413 1439 1476 velint,
1453 1424 1550 1466 lissam

326 1504 551 1567 contristantur,
564 1505 612 1558 ubi
625 1505 750 1571 Episcopi
766 1506 880 1569 desunt,
897 1512 927 1559 ut
962 1502 1081 1555 nominis
1092 1502 1218 1553 umbram
1230 1500 1303 1566 apud
1314 1513 1344 1552 se
1356 1498 1548 1565 intelligentes.

336 1589 490 1655 Presbyteri
507 1590 589 1643 etiarn
609 1590 637 1643 in
659 1591 794 1644 frontibus
808 1592 926 1658 baptiza·
960 1590 1019 1643 Nec
1034 1601 1124 1654 operae
1143 1587 1260 1653 pretium
1281 1585 1409 1639 ducimus
1432 1596 1494 1649 qum
1515 1582 1550 1633 ai·

328 1680 381 1727 tos
399 1675 550 1727 chrismate
567 1688 669 1741 ungero
686 1676 804 1731 debeant
828 1691 926 1731 conce·
960 1672 1023 1725 ferri
1045 1674 1134 1725 solent
1150 1672 1269 1725 tationes
1292 1669 1427 1732 serutari,
1445 1673 1475 1720 1¹1
1502 1680 1550 1747 P0:

325 1758 438 1811 dimus.
457 1759 502 1808 »²
960 1762 1089 1811 testatem
1107 1758 1284 1811 contirnrandi
1302 1754 1488 1810 ecclesiastico
1499 1765 1548 1820 po·

369 1847 419 1897 tii..
432 1845 461 1896 ld
483 1844 565 1911 igitur
584 1858 620 1904 ¹ex
638 1843 807 1899 testimoniis
817 1850 925 1901 Patrem
962 1843 1016 1895 tius
1033 1855 1114 1908 quam
1136 1841 1229 1895 divino
1247 1843 1308 1908 jure
1328 1839 1470 1906 Episcopis
1494 1852 1549 1891 ser·

321 1943 399 1997 duae
422 1930 581 1993 retulimus,
599 1937 625 1984 et
645 1945 677 1983 ex
697 1932 778 1985 variis
799 1934 926 1987 Ecclesiae
961 1935 1052 1981 ratem
1074 1927 1234 1980 ostendatur
1246 1940 1252 1976 τ
1265 1926 1301 1977 ad
1324 1924 1476 1977 tamenim
1499 1935 1549 1975 no·

324 2015 481 2079 ¹moribus,
495 2028 544 2080 pro
565 2018 706 2082 explorato
718 2017 811 2071 haberi
824 2019 924 2082 dehet,
960 2020 1046 2066 stram
1057 2025 1118 2079 quae
1131 2012 1329 2066 dubitationem
1347 2010 1495 2078 patiuntur,
1505 2010 1550 2063 vel

328 2100 502 2167 Episcopum
516 2112 578 2153 esse
589 2100 762 2154 ordinarium
777 2102 925 2156 Confirma—
959 2098 1072 2164 impune
1090 2098 1226 2164 agitantur
1246 2096 1318 2163 apud
1340 2094 1468 2158 scholas,
1489 2095 1549 2160 ple-

325 2183 418 2235 tionis
436 2183 609 2245 ministrum,
631 2184 788 2238 sacerdotes
804 2199 870 2239 vero
894 2187 921 2241 id
958 2196 1074 2248 rumque
1086 2182 1129 2236 rix
1140 2182 1276 2248 pertinere
1283 2182 1477 2249 judicavimus.
1498 2180 1547 2243 Qui

331 2268 456 2321 muneris
468 2280 594 2321 exercere
611 2281 710 2335 posse,
730 2284 762 2323 ea
777 2271 811 2323 ab
831 2274 924 2326 Eccle-
958 2281 1006 2321 eas
1016 2268 1159 2321 ventilatas
1168 2268 1260 2322 ridere
1269 2267 1354 2333 cupit,
1367 2266 1547 2320 adcatTrom-

331 2353 385 2407 siae
409 2355 575 2408 Praesuiibus
594 2356 663 2409 iacta
682 2362 828 2423 potestate.
845 2359 922 2413 Prius
958 2354 1081 2407 bellium.
1106 2354 1117 2388 ⁸

327 2439 430 2493 docuit
453 2441 589 2507 Eugenius
603 2444 644 2495 lv.
663 2442 803 2496 incelebri
821 2444 921 2499 instru-

331 2522 425 2576 ctione
457 2535 507 2589 pro
531 2524 673 2586 Armenia,
697 2525 819 2579 definivit
856 2541 920 2582 vcro
1155 2526 1275 2586 [CAPUT
1294 2526 1335 2575 ll'.

330 2606 485 2661 concilium
505 2608 694 2662 Tridentinum
712 2610 784 2663 :asi
800 2612 861 2677 quis
880 2613 921 2665 di·

324 2692 424 2757 xerit,
442 2700 543 2748 sanctae
568 2696 790 2750 confirmationis
812 2698 921 2751 ordina·
1131 2707 1161 2747 na
1177 2706 1368 2746 constantinis.

331 2780 407 2831 rium
426 2781 579 2834 ministrum
593 2795 649 2836 non
674 2797 736 2838 esse
754 2784 841 2838 solum
863 2785 921 2852 Epi·

328 2878 459 2932 scopum,
474 2869 521 2921 sed
535 2870 660 2934 quemvis
672 2870 823 2937 simplicem
833 2885 920 2927 sacer·
988 2870 1030 2920 6³.
1050 2865 1181 2920 Omnibus
1191 2872 1218 2920 et
1232 2866 1299 2919 solis
1317 2867 1458 2934 baptizatis
1476 2880 1546 2923 cou-

324 2951 442 3014 dotem3
458 2955 601 3007 anathema
616 2955 667 3008 sil.
688 2955 919 3012 »³hlteru1nex
954 2953 1019 3008 terri
1042 2966 1126 3019 pesse
1157 2953 1395 3007 confirmationem
1417 2967 1450 3007 ex
1471 2955 1544 3009 Actis

321 3038 532 3092 consuetudine
544 3041 616 3107 apud
628 3042 737 3094 Graeees
750 3043 860 3108 rigente
870 3057 920 3109 pa·
953 3041 1143 3106 Apostolorum
1151 3039 1302 3106 colligitur:
1312 3039 1451 3092 samaritis
1461 3039 1544 3102 enirn,

327 3125 386 3175 tet:
404 3135 456 3184 nec
476 3123 550 3176 enim
571 3126 599 3175 in
617 3125 774 3178 Florentino
797 3127 918 3181 Concilio
953 3129 981 3176 et
990 3124 1023 3175 iis
1039 3137 1109 3190 ques
1120 3125 1221 3176 Paulus
1235 3124 1336 3189 Ephesi
1348 3124 1448 3189 reperit
1462 3125 1544 3177 disci·

319 3206 505 3259 confirmatio
518 3207 553 3258 ab
569 3207 603 3259 iis
618 3209 805 3262 administrata
817 3213 919 3276 impro-
955 3210 1035 3274 pulos
1046 3247 1054 3272 ,
1066 3215 1130 3275 post
1143 3210 1311 3274 Baptismum
1330 3210 1428 3261 collata
1444 3213 1496 3261 est.
1512 3211 1543 3261 ld

320 3290 393 3342 bata
405 3296 464 3351 est;
480 3291 529 3343 sed
544 3303 596 3342 nec
609 3304 623 3342 a
635 3293 809 3345 summorum
828 3295 919 3346 Ponti·
955 3292 1040 3356 liquet
1051 3294 1176 3345 etiamex
1189 3292 1316 3345 Ecclesiae
1329 3293 1466 3344 constanti
1477 3306 1541 3346 oon·

328 3375 411 3428 ticum
424 3373 686 3428 constitutionibus:
702 3387 763 3440 quae
775 3375 848 3428 enim
858 3376 920 3429 alie·
938 3408 942 3414 -
954 3374 1100 3427 suetudine
1111 3371 1146 3427 ab
1157 3375 1345 3441 antiquissima
1357 3389 1442 3441 usque
1451 3382 1552 3430 aetate.¹

316 3465 439 3528 gantur,
452 3472 500 3511 ees
520 3458 670 3524 respiciunt
679 3459 779 3525 quibus
790 3462 918 3528 adempta
953 3458 1048 3512 Statim
1058 3465 1124 3526 post
1135 3460 1300 3527 Baptismum
1314 3461 1480 3526 solemnem,
1495 3462 1542 3528 qui

324 3548 370 3606 est
394 3544 507 3597 facultas
534 3544 635 3611 praevio
655 3545 783 3609 decreto,
807 3547 850 3600 vel
870 3547 917 3614 qui
952 3545 987 3597 ab
1002 3546 1135 3613 Episcopo
1153 3548 1314 3614 plerumque
1324 3546 1540 3613 ministrabatur,

277 3661 283 3666 -
319 3631 399 3682 intra
426 3628 495 3682 fines
521 3630 718 3696 patriarchatus
735 3632 916 3687 Occidentalis
951 3631 1163 3697 imponebantur
1194 3621 1308 3698 manus,
1329 3639 1357 3686 et
1390 3634 1540 3688 chrismate

321 3715 519 3767 mersabantur.
543 3715 555 3750 ⁴
580 3717 631 3783 ipsi
649 3717 794 3772 Pontifices
815 3719 915 3785 saepius
951 3719 1126 3784 ungebantur
1142 3719 1287 3786 neophyti,
1306 3726 1335 3772 ui
1350 3713 1540 3786 divinoSpiri-
1580 3719 1584 3726 ’

327 3806 482 3852 noscuntur
495 3801 637 3868 delegasse
649 3803 838 3857 sacerdotibus
850 3817 915 3858 cen·
950 3808 995 3854 tus
1022 3805 1109 3857 sancti
1134 3804 1208 3858 dono
1239 3805 1411 3858 munirentur
1434 3821 1441 3855 :
1463 3807 1539 3871 quod

319 3883 453 3937 firmandi
472 3899 589 3951 munus,
609 3888 682 3954 quod
710 3888 752 3942 vir
775 3889 915 3942 memoriae
949 3886 1034 3940 etiam
1043 3890 1194 3942 infantibus
1208 3889 1322 3956 contigit
1336 3903 1386 3955 per
1399 3890 1476 3954 plura
1487 3902 1537 3942 sae·

325 3970 504 4033 uenerandae,
522 3974 642 4026 ioannes
660 3974 762 4027 carroll
773 4012 780 4037 ,
792 3974 915 4028 noscitur
949 3974 1021 4026 cula.
1033 3977 1168 4026 caeterum
1183 3974 1318 4026 recentior
1336 3973 1479 4039 disciplina
1496 3981 1538 4026 esi

316 4052 448 4116 obiisse,
476 4060 622 4122 antequam
653 4057 688 4108 ad
720 4057 913 4123 Episcopatum
947 4063 979 4110 ut
992 4057 1165 4123 septennium
1182 4061 1357 4122 expectetur,
1377 4056 1430 4107 nisi
1443 4064 1539 4122 urgeat

319 4141 913 4206 evectus,BaltimerensisprimusAntistes
947 4141 1047 4194 mertis
1069 4142 1239 4208 periculum,
1254 4142 1297 4193 vel
1314 4140 1404 4206 gravis
1421 4141 1536 4194 suadeat

314 4223 490 4278 constitutus
516 4225 605 4280 tuerit.
626 4227 736 4292 Absque
756 4226 912 4292 huiusmodi
947 4226 1033 4291 ratio,
1048 4230 1184 4293 Episcopo
1197 4226 1288 4279 torsan
1310 4226 1356 4278 diu
1369 4225 1536 4279 abfuturo.⁸
1585 4263 1590 4270 -

345 4489 371 4544 (t)
386 4490 425 4543 Ep.
435 4490 501 4533 luxu.
511 4491 538 4532 ad
548 4490 672 4543 Evagrium.
967 4492 994 4541 [tl
1005 4489 1062 4532 iiim.
1076 4490 1103 4531 de
1118 4488 1215 4530 Ministro
1230 4488 1333 4532 Ceoflrn.
1346 4493 1413 4534 sectio
1431 4493 1446 4534 i.
1459 4505 1497 4547 qu.
1509 4496 1534 4537 ii.

345 4561 372 4614 β)
386 4562 410 4602 E.
425 4561 455 4604 ir.
468 4561 531 4614 epist.
541 4561 594 4604 uri.
611 4553 639 4615 ib)
651 4561 709 4603 Sees.
723 4560 760 4602 vii.
773 4572 820 4601 een.
837 4559 871 4600 iii.
941 4559 992 4612 sni.
1472 4560 1475 4568 '

341 4630 369 4682 tt)
385 4631 437 4672 vius
444 4631 551 4672 Benedici.
561 4632 614 4674 xiv.
624 4631 677 4674 inii.
687 4631 713 4673 de
723 4629 808 4684 synodo
816 4630 907 4672 hiereos.
965 4631 992 4682 (o)
1001 4628 1054 4670 Vide
1070 4626 1176 4669 mnediet.
1193 4628 1246 4669 xlv.
1256 4627 1282 4670 de
1292 4629 1343 4684 Syn.
1360 4631 1449 4672 Pioeees.
1461 4631 1477 4671 1.
1491 4631 1527 4673 rii.

308 4710 337 4742 ·c.
353 4699 390 4741 rii.
406 4699 451 4742 viii.
467 4700 512 4752 ini
940 4709 962 4739 c.
973 4709 993 4738 x.
1005 4697 1017 4749 ᾖ
1030 4703 1049 4739 t.
1064 4703 1082 4739 ts.
