3792 5550
404 631 437 681 50
796 625 970 679 33133111.
991 628 1031 678 DE
1049 626 1215 677 nllrtsno.

404 743 561 809 inquinatus
571 742 644 795 enim
662 754 744 796 nemo
755 741 783 794 in
796 754 910 809 regnum
922 740 987 793 illud
1023 740 1127 807 diligite
1148 753 1247 794 uxores
1260 744 1378 804 vestras,
1398 740 1469 794 sicut
1489 746 1516 795 et
1537 738 1613 795 Chri·

405 828 525 883 intrabit.
1023 832 1082 879 stus
1095 826 1188 879 dilexit
1204 825 1370 890 Ecclesiam,
1381 832 1408 879 et
1426 826 1547 891 seipsum
1562 833 1615 879 tra·

363 958 368 965 .
438 916 495 967 ten.
514 917 609 966 Petrus
631 915 766 967 atudaeis
786 915 989 980 interrogatus,
1024 912 1093 965 didit
1117 924 1166 977 pro
1187 925 1235 975 ca,
1258 917 1287 964 ut
1310 912 1383 963 illam
1409 910 1613 976 sanctificaret,

405 1001 471 1067 33111
493 1000 545 1052 sibi
570 1000 724 1054 laciendum
745 1007 819 1054 esset
837 1007 866 1054 ut
883 1000 991 1055 veniam
1023 996 1159 1049 mundans
1177 996 1285 1049 lavacro
1297 1008 1376 1061 aquae
1395 995 1422 1047 in
1438 996 1522 1051 verbo
1536 998 1613 1060 vitae,

405 1086 503 1137 christi
521 1086 617 1140 mortis
641 1086 818 1153 impetrarent
838 1102 845 1137 :
871 1107 883 1132 «
902 1086 992 1138 Poeni·
1023 1087 1054 1135 ut
1066 1082 1205 1135 exhiberet
1223 1082 1347 1147 ipsesibi
1361 1082 1509 1149 gloriosam
1524 1084 1616 1136 Eccle-

406 1170 517 1223 tentiam
540 1170 647 1237 (inquit)
676 1171 770 1238 agite,
793 1178 820 1225 et
841 1170 992 1236 baptizetur
1025 1167 1112 1231 siam,
1136 1180 1192 1221 non
1218 1168 1363 1221 habentem
1388 1168 1542 1233 maculam,
1567 1176 1615 1221 ant

406 1255 594 1322 unusquisqne
613 1261 733 1309 restrum
755 1256 783 1307 in
803 1255 914 1307 nomine
926 1257 991 1308 iesu
1025 1266 1134 1319 rugam,
1155 1258 1201 1305 aut
1214 1252 1315 1319 aliquid
1334 1252 1508 1318 hujusmodi,
1521 1252 1569 1305 sed
1584 1260 1614 1304 ut

405 1340 503 1393 Christi
532 1341 560 1393 iu
591 1341 782 1394 remissionem
817 1346 990 1406 peccatorum
1025 1337 1060 1389 sit
1077 1342 1171 1391 sancta
1192 1345 1220 1391 et
1245 1338 1454 1391 immaculata.»
1472 1337 1613 1391 3Leracro

404 1432 578 1480 vestrorum:
599 1434 626 1481 et
639 1427 778 1493 accipietis
791 1428 894 1479 donum
911 1426 993 1492 Spiri-
1025 1436 1103 1489 31333
1113 1424 1141 1476 13
1154 1426 1247 1486 verbo,
1260 1426 1397 1491 Baptismo
1409 1424 1523 1489 scilicet,
1533 1438 1614 1475 mun·

406 1517 449 1564 tus
463 1514 560 1565 sancti.
575 1533 588 1559 n
603 1512 612 1545 ¹
632 1512 790 1578 Baptismus
807 1512 904 1577 igitur,
918 1512 993 1565 chri·
1026 1508 1105 1562 datur
1115 1511 1253 1573 Ecclesia,
1267 1517 1294 1565 et
1307 1511 1337 1563 tit
1348 1511 1466 1577 gloriosa
1478 1548 1485 1573 ,
1499 1515 1613 1572 sancte,

405 1596 440 1649 sti
457 1598 618 1651 auctoritate
638 1597 834 1663 poenitentibus
857 1597 991 1662 collatus,
1026 1602 1051 1649 et
1083 1597 1266 1650 immaculata.
1292 1598 1434 1649 Tolluntur
1466 1608 1530 1662 ergo
1564 1597 1615 1647 Ba-

405 1684 641 1736 inremissionem
664 1688 839 1748 peccatorum
860 1682 992 1748 prodest,
1024 1670 1124 1747 'ptismo
1143 1687 1273 1747 peecata,
1291 1681 1359 1733 adeo
1390 1686 1421 1732 ut
1447 1680 1573 1746 baptizati
1597 1692 1613 1731 e

406 1771 461 1823 imo
475 1770 508 1822 ed
521 1770 624 1823 donum
636 1769 736 1835 Spiritu
747 1769 834 1821 sancti
846 1782 993 1835 assequen-
1025 1767 1132 1820 lavacro
1161 1768 1308 1833 prodeant,
1331 1768 1405 1821 omni
1438 1768 1541 1820 macula
1564 1766 1614 1817 im·

406 1855 493 1906 dum:
513 1854 622 1907 divinus
644 1854 748 1906 scilicet
766 1854 881 1919 Spiritus
900 1854 993 1907 remit·
1025 1866 1135 1907 munes.

405 1940 437 1993 tit
451 1939 510 2005 ipse
522 1939 663 2004 baptizatis
685 1938 841 1992 hominibus
861 1945 990 2006 peccata,
1060 1941 1116 1991 150.
1129 1940 1169 1992 hd
1184 1939 1272 1993 Titum
1286 1940 1394 2002 scribit,
1409 1940 1614 1993 salvatorisno·

405 2038 509 2091 eosque
529 2027 584 2078 beo
597 2030 700 2092 gratos,
718 2036 769 2077 suo
782 2024 855 2077 dono
876 2033 990 2089 anctos,
1025 2022 1073 2074 stri
1083 2024 1128 2075 bei
1136 2024 1510 2077 commendanselementlam
1526 2040 1532 2074 :
1548 2036 1613 2077 «se-

405 2111 495 2164 efficit.
1024 2106 1144 2157 cundum
1169 2120 1246 2158 suam
1276 2107 1490 2159 misericordiam
1521 2110 1613 2162 saluos

439 2196 496 2247 126.
526 2196 644 2249 Ananias
668 2194 798 2249 divinitus
829 2194 930 2247 missus
962 2199 992 2246 ut
1024 2202 1076 2243 nos
1090 2190 1236 2255 fecit,per
1256 2194 1614 2258 lnonrrnmrepenerntionis

405 2282 514 2332 Saulum
526 2280 684 2346 baptizaret,
696 2285 870 2347 peecatorum
884 2279 990 2333 reniam
1024 2281 1048 2329 et
1060 2277 1241 2329 renovationis
1261 2278 1379 2343 Spiritus
1398 2279 1502 2342 suncti,
1530 2280 1611 2345 quom

405 2366 537 2419 ablutioni
555 2366 666 2428 tribuit3
685 2366 725 2418 sic
740 2366 812 2417 enim
826 2366 935 2416 saulum
955 2366 991 2417 31-
1024 2361 1120 2415 effudit
1132 2362 1158 2413 in
1175 2376 1226 2416 nos
1241 2365 1348 2418 abunde
1367 2368 1517 2431 pertesum
1536 2368 1611 2420 Chri-

406 2452 515 2505 locutus
528 2452 663 2504 retertur:
679 2470 691 2496 u
709 2452 834 2514 Exurge,
853 2453 880 2501 et
902 2449 992 2514 bapti·
1024 2454 1096 2501 stum
1118 2451 1285 2505 salvatorem
1300 2459 1444 2516 nostrum,
1468 2459 1498 2506 ut
1515 2450 1611 2520 justil-

363 2576 367 2584 .
404 2552 481 2601 aare,
502 2543 530 2591 et
552 2539 632 2590 ablue
650 2540 760 2602 peccata
779 2539 833 2586 tua.
854 2554 867 2580 r
887 2534 899 2567 ²
920 2538 991 2601 Ergo
1024 2534 1077 2587 cati
1095 2538 1181 2601 gratia
1200 2537 1440 2602 ipsius,haeredes
1463 2539 1549 2591 simus
1568 2552 1612 2591 se-

405 2623 541 2689 Baptismo
560 2622 707 2673 abluuntur
725 2625 844 2685 peccato.
1025 2620 1144 2671 cundum
1167 2634 1243 2687 spem
1256 2623 1319 2675 vitae
1332 2627 1450 2675 aeternae.
1472 2643 1484 2668 »
1505 2622 1611 2676 ‘Lara-

439 2709 496 2759 127.
525 2706 624 2757 Paulus
652 2692 872 2771 ipse'naptismo
899 2705 992 2759 tribuit
1024 2717 1099 2757 crum
1127 2706 1161 2759 de
1185 2720 1239 2772 quo
1261 2708 1381 2774 loquitur
1398 2710 1544 2774 Apostolus
1566 2711 1612 2761 Ba-

404 2798 577 2858 peccatorum
593 2789 769 2852 ablutionem,
781 2804 836 2842 una
851 2804 913 2843 oum
927 2804 992 2842 san·
1024 2791 1140 2856 ptismus
1165 2800 1222 2856 est,
1252 2807 1303 2847 nee
1320 2795 1393 2847 enim
1419 2795 1491 2846 aliud
1510 2801 1612 2846 norunt

404 2876 532 2928 etitateet
540 2872 663 2938 justitm3
677 2873 819 2926 recensitis
831 2875 904 2926 enim
918 2875 991 2928 uitiis
1024 2875 1121 2928 Christi
1151 2877 1286 2942 discipuli.
1307 2881 1345 2930 Eo
1369 2891 1564 2944 regeneramur
1586 2886 1613 2933 et

404 2959 504 3025 quibus
522 2956 655 3022 inquinati
679 2958 743 3010 olim
763 2957 868 3010 inerant
897 2960 990 3011 Corin·
1023 2972 1197 3024 renovamur,
1211 2962 1310 3027 Spiritu
1329 2966 1423 3013 sancto
1441 2961 1467 3011 in
1481 2975 1532 3013 nos
1546 2963 1613 3016 effu·

403 3045 452 3096 thii
464 3081 472 3108 ,
486 3043 646 3110 subjungit:
663 3061 675 3092 n
694 3046 726 3095 m
739 3045 797 3096 haee
809 3043 921 3109 quidem
939 3043 990 3097 sui·
1024 3056 1065 3104 so,
1084 3057 1165 3109 quam
1183 3045 1296 3110 gratiam
1310 3045 1497 3110 adipiscimur,
1512 3047 1611 3101 Christi

404 3130 473 3182 stis:
492 3130 539 3182 sed
559 3129 644 3182 abluti
668 3131 735 3183 estis
759 3129 807 3183 sed
831 3131 990 3183 sanctificati
1023 3130 1087 3180 iesu
1116 3129 1260 3182 salvatoris
1288 3130 1376 3186 nostri
1406 3130 1513 3182 intuitu.
1541 3135 1610 3186 lusti

403 3216 484 3277 estis,
509 3216 559 3268 sed
576 3214 716 3282 justificati
738 3215 805 3268 estis
825 3217 853 3267 in
876 3216 989 3269 nomine
1023 3214 1104 3281 igitur
1116 3214 1255 3279 efficimur,
1274 3219 1301 3268 et
1313 3217 1437 3268 heoredes
1454 3217 1516 3270 vitoe
1535 3225 1611 3270 aeter-

403 3301 508 3355 bomini
521 3301 684 3354 nostrilesu
696 3301 834 3366 Christi,et
846 3301 873 3353 in
889 3300 988 3367 Spiritu
1023 3313 1074 3352 nae.
1092 3301 1186 3354 Verbis
1213 3302 1373 3355 clarioribus
1396 3303 1523 3368 baptismi
1544 3303 1607 3356 elie-

401 3388 447 3441 bei
462 3387 558 3442 nostri.
578 3385 734 3441 »tantulis
747 3387 782 3438 de
798 3399 850 3453 qua
868 3387 990 3452 loquitur
1022 3391 1082 3439 etus
1104 3387 1238 3439 enuntiari
1258 3400 1312 3440 non
1329 3396 1451 3453 possent.

400 3474 434 3526 ad
450 3473 758 3539 Baptismumrelertur,
772 3486 827 3536 33ο
842 3474 990 3524 abluuntur
1056 3475 1113 3523 151.
1142 3472 1279 3524 Probatur
1301 3468 1465 3526 ’3113113131
1488 3475 1607 3528 testimo-

398 3564 519 3623 peccata,
530 3558 629 3610 virtute
641 3563 668 3608 et
684 3556 787 3608 meritis
800 3556 917 3616 christi;
932 3557 991 3621 Spi·
1022 3557 1086 3607 niis.
1107 3557 1136 3607 ln
1155 3558 1428 3624 Barnabae-epistola,
1449 3575 1531 3627 quam
1552 3565 1607 3628 jam

397 3643 450 3694 ritu
468 3647 576 3702 sancto,
588 3653 646 3693 suae
659 3640 753 3706 gratiae
771 3639 855 3704 dono,
869 3640 987 3692 animam
1021 3640 1203 3706 laudavimus,
1227 3641 1325 3695 dicitur
1350 3659 1356 3694 :
1378 3665 1390 3690 «
1414 3646 1609 3699 Descendimus

401 3733 524 3779 sunctum
543 3732 571 3779 et
584 3727 687 3792 iustam
701 3724 845 3778 efficiente.
1022 3725 1133 3790 quidem
1153 3727 1181 3778 in
1211 3740 1310 3793 aquam
1330 3729 1404 3794 pleni
1433 3730 1552 3795 peccatis
1577 3743 1608 3782 ec

436 3813 492 3863 tes.
523 3812 562 3862 hd
589 3811 695 3862 Galntns
726 3810 826 3861 Paulus
854 3809 949 3862 scribit
981 3826 987 3860 :
1023 3812 1171 3877 sordibus,
1204 3813 1267 3867 inde
1295 3820 1385 3867 autem
1420 3817 1607 3882 emergimus,

405 3917 416 3941 «
435 3895 616 3948 Omnesenim
629 3895 679 3946 filii
692 3895 738 3948 bei
754 3895 820 3946 estis
834 3908 883 3960 per
895 3895 988 3959 tidem,
1022 3897 1138 3950 fructum
1157 3897 1300 3952 afferentes
1313 3900 1340 3952 in
1358 3901 1461 3965 corde,
1480 3901 1605 3955 timorem

402 3995 464 4048 quae
487 3984 574 4034 estin
596 3981 702 4035 Christo
728 3983 801 4034 lesu.
821 3980 989 4046 Quicumque
1022 3988 1049 4035 et
1068 3997 1144 4049 spem
1165 3985 1192 4036 in
1212 3986 1307 4038 lesum
1326 3986 1457 4039 habentes
1475 3987 1606 4052 exspiri-

402 4069 474 4122 enim
496 4067 523 4119 in
548 4067 654 4119 Christo
674 4067 800 4133 baptizati
817 4068 893 4129 estis,
912 4068 987 4120 Chri·
1021 4073 1059 4121 tu.
1074 4068 1113 4115 »⁷

402 4161 473 4208 stum
495 4154 631 4206 induistis
645 4154 683 4199 »⁴
701 4153 840 4219 baptismo
850 4153 987 4206 Christum
1057 4153 1113 4206 132.
1133 4155 1159 4205 S.
1177 4155 1300 4207 tustinus
1313 4155 1347 4208 de
1359 4155 1529 4221 baptizandis
1548 4156 1608 4207 ait:

402 4241 556 4303 induimus,
575 4238 679 4291 meritis
702 4239 803 4292 scilicet
816 4239 874 4304 ejus
888 4251 990 4305 coopo·
1026 4255 1038 4283 r
1056 4239 1094 4291 Εο
1116 4237 1252 4290 ducuntur
1269 4240 1388 4301 anobis,
1399 4241 1444 4292 ubi
1465 4253 1534 4304 3333
1546 4247 1610 4293 est:

403 4339 496 4388 rrmur,
508 4331 535 4378 et
548 4324 595 4377 filii
615 4323 661 4376 bei
678 4323 819 4387 efficimur,
833 4324 892 4388 eius
907 4337 999 4377 causa¹
1024 4327 1051 4375 et
1073 4323 1169 4375 eodem
1194 4325 1407 4390 regenerationis
1435 4326 1518 4379 modo
1535 4338 1613 4392 rege·

401 4411 434 4462 ad
447 4415 549 4462 tantam
567 4409 729 4475 dignitatem
743 4408 840 4462 evecti.
872 4405 876 4413 '
1024 4413 1163 4474 nerantur,
1189 4423 1243 4475 quo
1262 4416 1289 4464 et
1306 4411 1358 4476 ipsi
1380 4425 1475 4465 sumus
1500 4423 1614 4478 regene-

429 4498 487 4549 429.
509 4494 643 4562 Ephesios
661 4493 698 4545 ita
722 4495 872 4546 hortatur:
897 4511 909 4539 ι
934 4491 987 4544 viri
1023 4493 1083 4545 rati.
1102 4493 1147 4541 »⁸

427 4740 451 4793 (1)
465 4740 510 4780 het.
519 4738 542 4778 il.
553 4744 583 4779 τε.
594 4736 618 4788 (t)
633 4735 686 4776 lhid.
697 4734 746 4774 nii.
757 4739 788 4774 111.
1048 4736 1075 4787 (1)
1086 4735 1131 4777 Gal.
1141 4734 1211 4776 11333.
1226 4735 1251 4788 (t)
1270 4736 1350 4789 optes.
1359 4749 1379 4778 r.
1389 4742 1420 4779 ts.
1448 4739 1473 4792 (o)
1489 4741 1530 4782 Tit,
1541 4741 1572 4781 ffi,
1591 4747 1610 4782 p,

430 4811 460 4861 (ὅ)
473 4811 490 4850 ¹·
500 4807 548 4850 ⁰⁰¹·
559 4806 589 4849 '³-
600 4811 629 4846 Η·
1054 4805 1069 4856 ⁷!
1087 4806 1126 4857 Ee·
1136 4805 1155 4856 i·
1165 4805 1192 4845 xi.
1207 4810 1268 4846 311.
1284 4805 1308 4860 (3)
1322 4807 1438 4859 Aponon.
1448 4813 1480 4850 or.
