3792 5550
604 549 673 599 cur.
693 548 735 598 ιιι.
756 548 797 599 ou
815 548 1096 599 sucnauunroauu
1115 548 1292 603 arcturon.
1470 516 1472 518 ’
1496 554 1563 627 ιιι

455 664 619 731 Obiectioaca
642 668 794 715 actualitor.
958 669 1050 714 sancta
1064 662 1190 727 quidem,
1204 670 1392 718 verumtamen
1405 668 1546 719 mutabilia

368 748 488 813 ratiti.
510 752 532 799 t.
561 748 707 813 scripturae
733 751 923 801 sacramento·
957 747 1218 812 cttcmporalialot

334 850 394 888 rum
413 835 515 887 tructus
535 833 598 887 fidei
611 848 665 901 qua
679 834 866 900 suscipiuntur
880 834 924 886 tri·
991 835 1032 883 ιι.
1051 834 1130 896 neap.
1148 833 1208 899 Agit
1229 847 1261 886 eo
1275 835 1327 887 loci
1348 842 1441 888 contra
1464 836 1548 888 llani·

334 922 422 972 buunt
435 934 441 970 :
456 940 467 964 ιι
489 919 538 982 Qui
558 920 705 973 crediderit
727 924 754 971 ct
771 920 924 983 baptizatus
958 920 1050 970 cbaeos
1069 919 1104 970 de
1126 921 1305 973 sacramentis
1326 922 1426 975 veteris
1451 923 1545 988 Legis,

334 1006 424 1067 tuerit,
434 1005 526 1076 salvus
539 1005 599 1057 crit.
612 1024 623 1050 ι
636 1003 644 1037 ¹
658 1008 690 1057 lit
701 1005 798 1057 Petrus
810 1005 877 1057 dicit
889 1005 923 1056 de
958 1004 1006 1055 sed
1020 1004 1053 1054 iis
1066 1004 1147 1071 longe
1158 1006 1297 1069 superiora
1308 1007 1438 1071 praedicat
1449 1006 1548 1059 Christi

335 1091 462 1155 gentibus
487 1091 521 1142 ad
544 1089 626 1143 tidem
649 1091 810 1143 conversis:
831 1090 924 1143 «Fide
959 1088 1102 1141 instituta:
1122 1111 1133 1135 ιι
1146 1092 1321 1143 Sacramenta
1339 1105 1394 1144 non
1416 1097 1480 1143 sunt
1501 1104 1548 1143 ea-

334 1178 482 1243 puriticans
501 1178 584 1231 corda
604 1191 708 1231 eorum.
724 1176 756 1224 »²
959 1174 1033 1235 dem,
1047 1174 1110 1239 quia
1124 1175 1176 1226 alia
1191 1181 1255 1226 sunt
1273 1182 1442 1228 sacramenta
1455 1176 1548 1228 dantia

370 1265 410 1314 75.
431 1263 511 1328 Resp.
530 1263 559 1315 lu
572 1263 672 1316 adultis
684 1262 766 1315 animi
781 1262 924 1328 dispositio
959 1260 1093 1319 salutem,
1107 1261 1158 1311 alia
1174 1260 1359 1325 promittentia
1370 1262 1547 1313 salvatorem,

336 1351 483 1416 requiritur
505 1352 538 1404 ad
559 1353 663 1405 fructus
687 1355 924 1404 sacramentorum
959 1344 1207 1398 Sacramentanovi
1225 1346 1390 1397 Testamenti
1405 1346 1551 1397 dantsalu·

336 1438 555 1505 percipiendos,
587 1439 704 1505 ideoque
730 1438 800 1490 fides
826 1438 859 1489 ab
891 1437 924 1488 iis
959 1435 1033 1492 tem,
1058 1435 1227 1482 sacramenta
1254 1431 1354 1483 veteris
1382 1430 1549 1483 Testamenti

337 1521 923 1589 erigiturquibuspraedicaturevangelium.
958 1516 1145 1580 promiserunt
1162 1516 1338 1568 salvatorem.
1352 1515 1386 1563 »⁶

337 1608 373 1657 lia
391 1608 661 1669 mundanturcorda,
675 1606 778 1661 coelesti
792 1591 926 1658 illustrata
993 1603 1034 1651 78.
1055 1600 1114 1665 Obj.
1133 1604 1159 1651 l.
1185 1602 1311 1654 Doctrina
1336 1602 1371 1653 de
1389 1604 1549 1653 Sacramen-

336 1692 458 1755 luminc,
476 1698 503 1743 et
514 1692 548 1743 ad
568 1692 681 1763 gratiam
696 1690 823 1757 baptismi
834 1691 927 1756 dispo·
959 1690 1051 1738 torum
1078 1686 1104 1738 vi
1134 1686 1283 1739 intrinseca
1309 1688 1390 1738 fidem
1420 1687 1447 1738 in
1467 1688 1555 1754 rebus

337 1781 450 1830 nrrutur.
481 1778 603 1832 Proiecto
630 1780 726 1831 Petrus
754 1777 865 1831 Judaeos
891 1778 925 1829 ari
959 1771 1146 1823 materialibus
1158 1772 1324 1835 sistit‚cum
1338 1772 1384 1823 bei
1398 1778 1425 1824 et
1437 1772 1552 1836 Christi,

337 1863 526 1927 poeuitentiam
552 1870 643 1916 motos
662 1866 786 1917 hortatus
811 1868 872 1926 cst,
896 1868 927 1915 ut
960 1857 1016 1908 imo
1028 1862 1056 1908 θῑ
1068 1856 1261 1921 suscipientis,
1276 1856 1384 1922 injuria·

337 1949 504 2014 Baptismum
537 1950 713 2016 suscipiendo
735 1948 925 2001 remissionem
993 1943 1035 1993 79·
1054 1942 1133 2005 Redit·
1153 1941 1233 1992 Fide-⁸
1245 1946 1338 1993 nostia
1352 1942 1380 1992 iss
1393 1942 1477 1993 Deum
1489 1948 1549 2004 08²,

336 2039 511 2099 pcccatorum
522 2042 684 2101 quaererent.
698 2036 771 2089 Fidei
782 2036 863 2103 igitur
873 2035 926 2088 alio
961 2040 1042 2092 (luem
1054 2026 1144 2079 omnis
1160 2027 1254 2091 glaiiae
1271 2034 1409 2080 θῑῑῦῑθιθῐῐι
1423 2028 1552 2093 llaediffl·

337 2120 400 2173 looo
417 2121 512 2173 tribuit
529 2121 621 2174 cordis
639 2122 801 2187 puritatem,
813 2120 878 2186 quia
892 2122 925 2173 ad
960 2126 1038 2175 mus,
1049 2126 1100 2165 nec
1111 2112 1163 2165 nisi
1174 2126 1223 2177 per
1235 2112 1332 2164 Christi
1344 2112 1438 2165 merita
1448 2112 1551 2177 aliquid

339 2219 399 2257 eam
419 2206 541 2272 disponit
560 2212 587 2259 et
606 2210 751 2271 praeparat.
961 2211 1013 2251 nos
1039 2198 1154 2263 adipisci
1175 2210 1257 2263 posse
1286 2198 1459 2251 confidimus.
1486 2198 1553 2250 ldeo

373 2292 413 2343 tl.
427 2290 486 2357 cuj:
498 2292 522 2341 i.
536 2291 618 2356 Bonis
632 2290 714 2344 animi
727 2291 848 2344 motibus
860 2329 867 2353 ‚
880 2304 928 2355 po·
961 2286 1200 2337 sacramentorum
1216 2285 1271 2335 vim
1290 2285 1476 2351 agnoscimus,
1487 2284 1553 2350 quia

339 2376 393 2429 tius
421 2390 502 2442 quarn
527 2376 683 2438 ablutioni,
712 2377 807 2429 tribuit
832 2380 927 2430 Petrus
961 2370 1061 2423 Christi
1079 2375 1144 2422 sunt
1169 2370 1312 2432 instituta,
1334 2384 1384 2435 per
1409 2384 1471 2435 quae
1492 2371 1550 2424 vult

249 2446 254 2455 ’
338 2463 452 2513 salutem
464 2462 616 2527 etgratiam
627 2475 708 2526 quarn
719 2463 926 2528 consequimur:
961 2468 1013 2507 nos
1044 2456 1103 2508 suis
1132 2456 1213 2508 donis
1241 2456 1338 2523 ditare.
1366 2456 1554 2520 suscipientes

337 2564 352 2594 ιι
370 2548 461 2599 salvos
481 2546 544 2598 tacit
567 2546 742 2612 Baptismus,
759 2558 815 2599 uon
837 2547 928 2598 carnis
962 2545 1053 2593 autem
1071 2540 1180 2593 adultos
1200 2546 1307 2605 oportet
1324 2540 1420 2593 afferre
1430 2542 1551 2593 animum

338 2631 475 2697 depositio
503 2630 642 2690 sordium,
673 2629 721 2681 sed
752 2630 928 2682 conscientiae
962 2626 1095 2677 immilem
1124 2631 1150 2677 et
1170 2628 1347 2697 poenitentem
1374 2628 1408 2679 ad
1435 2641 1549 2681 munera

337 2715 419 2768 bonae
437 2714 615 2782 interrogatio
626 2714 653 2765 iu
668 2715 751 2766 licum
763 2753 771 2780 ,
781 2728 830 2781 per
842 2728 929 2768 resur·
962 2710 1055 2762 oblata
1074 2710 1257 2777 impetranda.

338 2801 489 2853 rectionem
502 2802 567 2854 lesu
579 2799 688 2852 Christi.
704 2799 739 2846 »⁸
995 2798 1038 2848 80.
1058 2796 1117 2861 otrj.
1137 2799 1162 2848 5.
1182 2782 1285 2850 Eodem
1307 2798 1404 2851 recidit
1417 2798 1440 2851 si
1459 2800 1553 2851 sacra-

372 2890 413 2940 75.
424 2887 750 2953 Respllonetdpostolus
760 2887 928 2953 Baptismum
961 2887 1119 2935 mentorum
1134 2883 1175 2936 vis
1192 2884 1314 2948 pendere
1333 2884 1441 2936 dicatur
1452 2897 1486 2936 ex
1497 2883 1555 2936 dis-

338 2986 394 3026 non
413 2973 470 3027 lieri
489 2986 589 3040 corpus
602 2973 753 3026 mundandi
770 2986 867 3038 causa,
879 2974 928 3032 sed
962 2968 1147 3034 positionibus
1159 2980 1190 3020 ea
1212 2969 1439 3035 suscipientium,
1467 2983 1553 3036 quum

339 3059 475 3120 animam;
503 3059 538 3110 ad
564 3059 638 3124 quod
659 3059 858 3111 conscientiam
878 3060 928 3112 rite
963 3068 1060 3108 ornnes
1083 3057 1179 3107 irarum
1203 3057 1394 3110 necessitatem
1419 3057 1452 3108 ad
1467 3050 1556 3122 impe·
1645 3117 1647 3119 ¹

339 3142 448 3208 disponi
468 3147 584 3208 oportet.
597 3145 729 3194 Caeterum
745 3143 865 3196 animam
878 3145 929 3196 rite
962 3141 1089 3193 trandum
1107 3139 1234 3192 effectum
1255 3146 1414 3206 agnoscant.

264 3256 266 3260 ·
339 3227 501 3294 dispositam
517 3228 673 3292 Baptismus
697 3227 790 3293 gratiae
808 3230 930 3280 muneri·
996 3229 1039 3277 at.
1070 3227 1147 3290 neap,
1178 3226 1246 3277 lllud
1277 3214 1361 3279 datur
1386 3226 1556 3279 discriminis

338 3313 391 3365 bus
409 3317 505 3373 ornat;
525 3317 693 3376 quiapropter
710 3312 733 3364 ei
756 3312 872 3364 salutem
882 3314 930 3364 ad·
963 3311 1038 3375 quod
1050 3310 1141 3374 agnita
1153 3309 1179 3362 vi
1198 3309 1345 3362 intrinseca
1365 3313 1553 3364 Sacramenta-

316 3437 318 3444 .
340 3397 460 3452 scribere
479 3398 578 3450 Paulus
592 3409 647 3449 non
670 3397 795 3449 dubitat:
811 3399 930 3452 «Salvos
964 3409 1039 3457 rum,
1054 3395 1155 3446 christi
1173 3407 1268 3446 corum
1294 3397 1414 3464 auctoris
1432 3397 1554 3462 potentia

340 3497 391 3536 nos
411 3483 473 3536 lecit
491 3497 539 3548 per
556 3483 695 3534 lavacrum
714 3483 929 3548 regenerationis
964 3481 991 3532 in
1006 3481 1105 3532 animae
1117 3469 1348 3543 sanctificatione,
1367 3481 1401 3531 iis
1418 3481 1501 3532 veluti
1513 3481 1553 3531 in-

340 3574 367 3622 et
378 3568 565 3622 renovationis
577 3567 693 3634 Spiritus
705 3568 801 3621 sancti.
811 3569 843 3615 ιι*
856 3569 930 3622 Licet
964 3565 1125 3618 strumentis
1136 3603 1143 3626 2
1165 3565 1343 3634 itlaedisseiw,
1363 3577 1425 3630 (1¹¹ae
1452 3565 1556 3618 idcireo

340 3654 422 3721 igitur
448 3655 561 3720 gratiam
579 3654 786 3719 justificationis
810 3655 929 3709 tribuere
964 3655 992 3704 in
1011 3652 1132 3718 parvulis
1143 3651 1258 3716 aliisque
1271 3652 1375 3702 nullum
1389 3657 1478 3704 actum
1492 3663 1553 3716 pro-

341 3739 403 3793 tidei
427 3744 454 3792 et
480 3738 647 3805 poenitentiae
673 3745 812 3806 tamquam
837 3741 930 3808 dispo·
962 3736 1555 3803 prtumettcereratenrtbuseffertumsuum

342 3825 488 3879 sitiouibus
505 3825 538 3878 ad
560 3838 620 3878 eam
639 3825 857 3892 suscipiendam,
880 3828 928 3880 sed
964 3825 1126 3878 sortiuntur.
1141 3824 1225 3895 Magis
1239 3825 1321 3876 etiam
1345 3824 1372 3874 in
1389 3823 1486 3875 Christi
1500 3823 1557 3889 glo«

341 3918 369 3965 et
387 3912 569 3966 sacramentis
587 3917 724 3975 tamquam
740 3911 930 3964 instrumentis
964 3911 1033 3962 riam
1044 3910 1127 3961 cedit
1145 3907 1272 3960 ellectum
1290 3909 1411 3961 tribuere
1432 3910 1490 3974 ejus
1501 3921 1554 3961 me

342 3996 442 4062 quibus
460 3997 488 4048 in
505 4008 536 4048 ea
557 3994 697 4060 largienda
718 3993 804 4046 utitur
816 3997 895 4047 beus.
964 3994 1024 4046 ritis
1041 4008 1090 4058 per
1102 3996 1275 4046 Sacramenta
1294 3993 1453 4059 applicatis,
1473 4006 1555 4058 quarn

375 4083 417 4134 rc.
438 4081 496 4146 Obj.
515 4083 540 4132 3.
555 4079 722 4146 Augustinus
739 4078 793 4132 vim
807 4079 879 4131 illam
893 4080 932 4132 iu·
965 4078 1087 4132 bominis
1122 4077 1285 4142 conatibus,
1315 4078 1394 4130 etiam
1425 4078 1559 4138 divinitus

342 4168 422 4220 sitam
441 4164 623 4218 sacramentis
640 4177 696 4220 non
708 4164 816 4217 videtur
828 4178 928 4228 nosse;
964 4163 1074 4230 adjutis.

343 4252 437 4306 scribit
458 4251 530 4305 enim
546 4266 552 4301 :
568 4250 661 4314 «Quid
681 4250 755 4302 enim
777 4257 841 4303 sunt
856 4251 929 4303 aliud
997 4253 1039 4302 82.
1062 4251 1118 4318 obj.
1137 4254 1162 4303 c.
1190 4254 1333 4317 perperam
1355 4251 1473 4305 indoctae
1491 4257 1556 4304 sunt

342 4350 459 4402 ouaeoue
487 4336 638 4402 corporalia
663 4341 852 4398 sacramanta,
878 4336 930 4388 nisi
965 4337 1090 4389 barbarae
1109 4338 1162 4389 illae
1180 4351 1263 4390 voces
1280 4351 1315 4390 eac
1331 4351 1408 4403 opere
1429 4341 1558 4402 operato,

344 4422 468 4488 quadam
491 4421 567 4485 ortasi
581 4420 663 4474 verba
685 4420 819 4485 visibilia,
841 4433 932 4474 sacro·
966 4422 1081 4475 vetustis
1094 4422 1202 4475 sarculis
1219 4422 1334 4488 ignotae,
1347 4423 1380 4474 ad
1396 4421 1451 4475 vim
1462 4423 1558 4474 Sacra·

372 4684 399 4734 (t)
410 4685 475 4724 llsrc.
486 4684 526 4723 ιιι.
538 4688 567 4723 tc.
578 4683 606 4734 (ιι
617 4684 663 4723 Act.
671 4693 703 4723 ιι.
714 4687 733 4722 a.
996 4685 1023 4736 (a)
1033 4687 1056 4726 l..
1067 4685 1100 4725 ιιι
1115 4692 1188 4726 contra
1199 4662 1301 4727 Faustum
1312 4699 1331 4727 c.
1340 4698 1381 4726 ιιι.

371 4753 397 4804 (ιι
408 4754 423 4792 Ι.
435 4752 477 4792 Pet.
488 4751 518 4791 iii.
526 4757 557 4792 at.
572 4753 599 4802 (ti
611 4751 652 4792 Til.
662 4749 692 4791 ιιι.
702 4756 721 4792 ι.
996 4755 1023 4809 (c)
1031 4755 1054 4795 ln
1063 4755 1098 4796 rs.
1108 4755 1166 4796 lxxiii
