3792 5550
364 574 400 628 cl
764 574 878 624 lunen.
895 570 936 623 tlt.
956 572 997 623 DE
1015 570 1182 623 nnlltsllu.

368 694 455 749 tendo
474 692 562 747 lacem
583 688 658 756 cuod
682 688 745 741 iacit
763 686 895 741 Ecclesia.
914 684 953 735 »¹
989 686 1220 751 Quandocumque
1232 693 1323 740 autem
1337 686 1460 743 diaconis
1480 704 1578 746 conce·

368 784 502 837 Caeterum
530 778 705 831 dissimulare
725 788 781 829 nou
804 788 953 842 possumus
988 770 1062 825 ditur
1077 773 1207 839 baptismi
1227 772 1442 840 administratio,
1457 777 1577 831 solemni

367 864 581 935 propositionem
603 862 759 914 damnatam
790 860 824 913 iis
846 862 953 929 concipi
987 859 1175 916 utunturritu.

366 953 457 1007 verbis
473 963 534 1017 qum
544 950 688 1003 sententias
704 948 953 1017 theologorumqui
1018 948 1078 1001 247.
1090 945 1174 1009 Laioi,
1188 952 1302 1013 urgente
1314 946 1488 1011 necessitate,
1501 948 1579 1003 licite

365 1044 502 1091 scurnum
528 1042 640 1089 tuentur
671 1034 872 1099 intentionem,
890 1046 952 1100 quae
985 1032 1143 1098 baptizant,
1156 1030 1243 1083 valide
1255 1030 1338 1084 etiam
1359 1037 1433 1085 extra
1452 1036 1577 1087 necessi·

364 1122 467 1174 seilicet
478 1127 540 1174 actu
552 1134 582 1175 se
597 1122 704 1190 prodit,
718 1120 857 1174 simillima
869 1124 951 1183 sunt;
985 1124 1078 1171 tatem.
1099 1118 1138 1171 lta
1160 1117 1236 1184 juxta
1256 1118 1438 1183 apostolicam
1453 1119 1578 1175 traditio·
1664 1142 1668 1149 ·

363 1204 408 1259 cui
422 1206 537 1271 proinde
550 1220 631 1275 gravo
640 1208 739 1262 vulnus
752 1206 855 1257 illatum
869 1207 952 1258 liene·
986 1218 1049 1257 nem
1069 1204 1163 1258 docuit
1180 1204 1379 1267 Tertullianus;
1401 1219 1489 1271 quum
1501 1208 1576 1260 enim

362 1290 452 1345 dictus
468 1292 530 1345 xlv.
551 1294 648 1347 morito
668 1293 742 1346 dicit.
764 1291 882 1354 ’Quum
901 1304 953 1344 au·
986 1289 1184 1356 Episcopisjus
1196 1288 1377 1354 vindicasset,
1389 1291 1578 1346 honoriscau-

362 1384 417 1431 lero
430 1378 489 1432 haee
500 1379 623 1446 insigues
634 1378 732 1430 haheat
742 1375 873 1440 vindices,
888 1374 950 1442 ⁸et,
986 1389 1030 1439 sa,
1051 1376 1211 1443 subjunxit:
1228 1376 1375 1443 «alioquin
1397 1378 1478 1431 etiam
1497 1379 1575 1432 laicis

364 1465 486 1517 Summis
504 1464 679 1517 Pontificibus
709 1460 843 1524 consciis,
872 1462 952 1514 susti·
982 1463 1027 1529 jus
1041 1467 1092 1515 est.
1117 1462 1194 1526 Quod
1208 1462 1281 1515 enirn
1295 1477 1327 1516 ex
1340 1474 1419 1531 aequo
1432 1466 1573 1532 accipitur,

362 1557 477 1614 neatur,
493 1556 616 1603 nostrum
640 1561 695 1601 nou
712 1552 754 1599 est
771 1560 831 1599 eam
849 1546 951 1613 impro-
986 1560 1018 1601 ex
1039 1560 1118 1615 aequo
1136 1547 1194 1600 dari
1211 1553 1302 1615 potest
1306 1587 1487 1602 .....
1524 1553 1574 1603 Ba·

362 1636 447 1697 hare:
472 1635 497 1689 ei
520 1635 625 1689 scilicet
643 1632 811 1700 gravissima
832 1634 953 1686 rationes
985 1632 1100 1700 ptismus
1115 1646 1193 1698 aeque
1206 1632 1252 1685 liei
1270 1646 1370 1686 census
1391 1633 1425 1686 ab
1444 1634 1575 1687 omuibus

362 1720 466 1784 lavent,
490 1720 538 1773 sed
562 1717 731 1774 auctoritatis
763 1717 872 1783 pondus
898 1718 952 1772 alio
986 1717 1105 1770 exerceri
1120 1723 1219 1784 potest.
1240 1737 1252 1763 x
1277 1718 1289 1751 ⁶
1310 1720 1401 1772 blouet
1422 1723 1515 1772 tamen
1540 1732 1578 1773 ne

363 1804 487 1859 inclinat.
986 1802 1013 1854 id
1031 1808 1105 1855 extra
1130 1802 1321 1856 necessitatem
1339 1802 1404 1857 hat:
1422 1823 1434 1850 ‹
1455 1804 1575 1859 Sufficiat

398 1892 456 1945 ato.
475 1888 620 1957 Episcopi,
641 1891 735 1952 utpote
757 1888 951 1953 Apostolorum
986 1888 1089 1942 scilicet
1101 1888 1348 1943 innecessitatibus
1367 1890 1467 1954 utaris,
1486 1890 1574 1944 sicubi

366 1990 561 2038 successoros,
590 1973 701 2038 proprio
733 1984 783 2025 suo
809 1973 871 2038 jnre
899 1972 952 2025 sihi
986 1979 1032 2028 aut
1051 1975 1119 2038 loci,
1145 1980 1192 2029 aut
1212 1976 1362 2041 temporis,
1381 1982 1427 2029 aut
1449 1990 1577 2043 personoe

364 2078 465 2117 munus
489 2057 641 2127 baptizandi
663 2056 802 2110 vindicant
827 2057 902 2110 :sed
926 2062 953 2110 et
986 2060 1108 2114 conditio
1138 2062 1286 2127 compellit.
1311 2064 1387 2115 Tunc
1410 2062 1483 2116 euim
1508 2075 1576 2116 con-

365 2146 515 2215 presbyteri
536 2144 570 2196 ad
590 2142 617 2194 id
641 2142 840 2205 exercendum,
852 2142 879 2195 vi
894 2156 953 2196 suae
987 2144 1086 2198 stantia
1100 2146 1283 2198 succurrentis
1302 2147 1444 2213 excipitur,
1459 2162 1521 2201 oum
1533 2163 1576 2201 ur-

366 2231 559 2295 ordinatiouis,
577 2233 641 2282 sunt
654 2229 746 2281 idonei
757 2276 763 2292 ,,
774 2230 954 2294 quamuisjve-
986 2236 1031 2299 gei
1051 2231 1253 2284 circumstantia
1272 2232 1450 2299 periclitantis
1473 2248 1480 2285 :
1506 2247 1575 2300 quo·

364 2320 409 2373 nia
426 2333 475 2373 seu
488 2317 649 2371 auctoritate
662 2315 788 2382 Episcopi
801 2315 951 2382 indigeant.
987 2318 1061 2370 niam
1084 2332 1148 2371 reus
1164 2318 1215 2371 erit
1232 2319 1331 2385 perditi
1344 2320 1463 2373 hominis
1481 2321 1504 2374 si
1527 2334 1576 2374 su-

367 2427 379 2450 «
398 2405 482 2459 baudi
510 2402 621 2471 quidem
649 2402 845 2477 (Buptrsmum)
870 2402 953 2456 habet
987 2404 1139 2469 persederit
1164 2409 1294 2471 praestarc
1320 2406 1394 2471 quod
1418 2406 1515 2472 potuit.
1537 2404 1576 2451 ι’

368 2494 415 2557 jus
426 2503 550 2544 summus
569 2487 713 2549 sacerdos,
726 2486 772 2553 qui
791 2491 833 2539 est
844 2489 953 2553 Episco
987 2488 1145 2543 blulieribus
1165 2502 1265 2557 negare
1286 2491 1396 2544 videtur
1412 2492 1483 2546 hanc
1496 2492 1577 2545 lacul-

369 2573 750 2645 puszdehincpreshylerict
765 2573 953 2637 diacoui3nou
987 2576 1112 2639 tatem;⁸
1127 2576 1174 2629 sed
1209 2576 1403 2645 intelligendus
1421 2583 1463 2632 est
1500 2584 1576 2635 extra

366 2673 456 2719 tamon
474 2662 533 2714 siue
547 2659 672 2725 Episcopi
696 2660 953 2728 authoritate,pro-
987 2662 1160 2715 necessitatis
1185 2676 1295 2727 casum,
1314 2662 1374 2715 illas
1395 2663 1497 2716 scilicet
1518 2664 1577 2729 ple-

364 2759 425 2820 pter
438 2747 565 2803 Ecclesiae
576 2747 777 2814 honorem,quo
789 2748 952 2811 salvu,salva
987 2761 1102 2815 rumque
1112 2750 1205 2802 minus
1214 2749 1292 2803 decet
1304 2762 1405 2802 munus
1417 2750 1469 2802 hoo
1486 2747 1575 2802 obire.

363 2853 414 2906 pax
431 2842 481 2890 est.
494 2855 506 2880 n
521 2833 532 2868 ⁴
548 2835 586 2886 lta
606 2833 797 2886 Tertullianus.
818 2834 952 2888 Diaconos
986 2834 1166 2902 Hieronymus
1185 2836 1209 2888 ei
1228 2835 1347 2888 concinit
1369 2849 1376 2885 :
1392 2833 1574 2898 «baptizare,

362 2923 513 2990 baptizasse
525 2919 560 2972 ab
573 2919 640 2984 ipsis
652 2919 810 2985 primordiis
823 2920 952 2973 Ecclesiae
986 2920 1009 2972 si
1029 2920 1179 2973 necessitas
1198 2927 1292 2986 cogat,
1315 2919 1418 2971 scimus
1431 2907 1521 2971 'etiarn
1541 2917 1576 2970 li-

362 3012 492 3064 coustat:
513 3004 628 3071 Philippi
646 3005 720 3057 enim
739 3003 885 3068 exprimis
906 3018 953 3058 se·
985 3018 1047 3058 cere
1067 3005 1154 3057 laicis.
1179 3025 1191 3051 r>
1216 3005 1227 3038 ⁹
1249 3003 1397 3057 concilium
1433 3001 1578 3056 Eliberita-

361 3100 435 3161 ptem
463 3090 586 3144 diaconis
611 3103 714 3156 opera,
738 3089 900 3142 Samaritani
924 3097 952 3144 et
986 3103 1052 3142 num
1075 3087 1182 3142 censuit
1205 3091 1370 3155 :superegre
1391 3087 1573 3153 navigantes,

360 3178 501 3234 eunuchus
519 3175 629 3228 salutari
647 3176 753 3236 lavaero
774 3175 860 3227 renati
874 3183 948 3228 sunt.
986 3181 1031 3229 aut
1042 3175 1065 3228 si
1081 3176 1200 3229 Ecclesia
1219 3175 1247 3228 in
1259 3174 1383 3241 proximo
1398 3189 1454 3229 nou
1473 3174 1571 3241 luerit,

361 3267 512 3324 caeterum,
534 3261 658 3314 Gelasius
687 3261 773 3327 Papa,
795 3261 864 3314 mori
894 3263 951 3329 jam
985 3274 1068 3327 posse
1098 3260 1226 3324 fidelem,
1252 3260 1298 3327 qui
1329 3261 1466 3314 lavacrum
1492 3275 1574 3314 suum

362 3349 473 3403 inducto
499 3347 655 3410 inhaerens,
680 3345 714 3399 de
747 3345 782 3399 iis
807 3347 913 3402 censuit
942 3363 949 3399 :
985 3346 1121 3414 integrum
1143 3347 1242 3412 habet,
1258 3359 1308 3399 uec
1321 3347 1357 3399 sit
1369 3347 1578 3414 bigamus,ba-'

364 3455 375 3484 ι
395 3433 503 3499 absque
528 3426 679 3498 Episcopo,
702 3434 745 3485 vel
768 3434 951 3501 presbytero,
986 3434 1086 3500 ptizare
1103 3434 1131 3484 in
1143 3433 1305 3487 necessitate
1319 3432 1484 3487 inormitatis
1502 3434 1574 3501 posi-

357 3519 494 3586 baptizare
507 3531 562 3571 non
577 3517 804 3570 audeant.⁵liiue
824 3517 949 3572 diaconis
986 3526 1042 3572 tum
1066 3521 1301 3572 catechumenum.
1321 3539 1333 3565 x
1357 3519 1379 3554 *⁰
1402 3523 1473 3584 Quas
1494 3522 1573 3576 dotes

357 3609 413 3672 jum
434 3617 489 3658 nou
510 3603 575 3656 licet
595 3601 735 3666 baptizare
747 3638 755 3665 ,
767 3601 819 3653 nisi
835 3603 950 3669 jubente
985 3604 1068 3672 exigit
1081 3604 1231 3657 concilium
1249 3607 1278 3656 in
1292 3606 1456 3672 baptizante,
1467 3607 1573 3661 scilieet

360 3691 512 3757 Episcopo,
527 3689 569 3742 vel
593 3686 735 3754 parocho,
760 3687 796 3739 ob
822 3700 949 3755 magnam
985 3695 1015 3742 ut
1034 3691 1171 3744 lavacrum
1192 3703 1271 3742 suum
1288 3689 1424 3758 integrum
1440 3691 1571 3755 haberet,

359 3774 550 3828 necessitatem
567 3773 611 3826 vel
637 3769 766 3823 Ecclesiae
783 3772 947 3839 militatem,
985 3775 1061 3828 nullo
1080 3775 1232 3829 maculatus
1256 3773 1369 3830 crimine
1387 3777 1461 3844 quod
1483 3779 1573 3844 poeni-

362 3860 400 3913 uli
422 3863 516 3912 monet
542 3860 569 3911 s.
596 3857 751 3922 alphonsus
774 3856 809 3910 du
828 3857 945 3924 Ligorio.
981 3859 1066 3914 tentia
1082 3859 1213 3913 luendum
1226 3865 1309 3926 osset,
1322 3867 1349 3916 et
1367 3868 1395 3916 ut
1408 3864 1470 3930 plus
1489 3877 1571 3931 quam

388 4131 416 4182 ili
430 4130 487 4171 biso.
501 4143 516 4170 l.
528 4129 555 4170 de
568 4127 713 4171 sacramenti·
730 4128 752 4168 in
768 4139 845 4178 genere
856 4139 910 4181 ,qm
927 4139 948 4169 r.
1010 4131 1036 4182 (tl
1046 4131 1191 4174 Tertulliano·
1202 4133 1247 4174 Lib.
1257 4134 1283 4175 de
1293 4135 1403 4188 Baptiomo
1418 4134 1496 4176 c-xrii.
1574 4136 1577 4144 ¹

360 4200 405 4253 obj.
422 4205 441 4241 t.
459 4201 544 4241 lironem
560 4198 612 4240 dicit
630 4214 641 4237 ι
662 4200 707 4239 lton
725 4203 808 4251 nostra,
826 4199 864 4240 sed
882 4210 948 4252 prava
1009 4200 1036 4253 (lt)
1050 4202 1089 4254 Ep.
1102 4201 1130 4241 ad
1139 4201 1257 4255 Episcopus
1268 4215 1306 4255 per
1316 4203 1434 4245 Lucaniam
1445 4208 1467 4244 ot
1483 4203 1570 4244 llrutios

363 4270 572 4322 hocheneretune,
582 4281 649 4322 quam
658 4270 805 4324 imprudenter
819 4269 887 4321 berge
900 4269 948 4321 qui·
984 4273 1005 4308 et
1013 4269 1110 4310 Siciliam
1120 4270 1257 4311 constitutos.

360 4341 409 4382 dam
420 4341 515 4392 theologi
531 4341 553 4381 in
563 4341 713 4382 hereticorum
730 4339 889 4393 provinciaram
898 4338 949 4381 rici·
1011 4338 1039 4390 (tt)
1052 4338 1098 4379 Lib.
1108 4339 1134 4378 de
1144 4337 1254 4390 baptismo
1264 4350 1284 4378 o.
1293 4339 1345 4381 xvii.

360 4410 686 4462 niarsnorarorant‚llomann
702 4409 852 4462 inquisitionis
860 4410 946 4450 risorem
1009 4407 1037 4459 (t)
1056 4407 1147 4448 ibidem.
1579 4437 1582 4446 .

361 4479 427 4533 petita
435 4485 493 4520 ert.»
508 4481 536 4520 lte
547 4480 576 4520 its
589 4478 762 4520 sacramentario
777 4479 794 4519 l.
804 4491 820 4518 r.
828 4477 888 4519 ciii.
896 4477 948 4531 pii.
1007 4476 1034 4527 (oi
1049 4477 1155 4518 liar-etna
1170 4477 1249 4517 latetur
1257 4476 1280 4517 in
1292 4476 1383 4530 antiqua
1392 4477 1486 4521 Ecclosia
1494 4481 1576 4524 mulie-

362 4549 425 4604 prob.
438 4549 523 4601 quinta.
982 4543 1043 4586 ribus
1057 4544 1080 4586 in
1096 4545 1223 4589 recusitate
1231 4546 1338 4600 baptizare
1354 4551 1493 4602 permissum.
1513 4553 1571 4597 huo·

390 4620 419 4669 isi
426 4619 452 4660 l..
459 4617 495 4660 rii.
504 4617 531 4658 do
541 4615 626 4670 Synodo
634 4627 655 4657 c.
664 4616 694 4658 ir.
982 4615 1035 4668 lysis
1043 4615 1118 4658 article
1126 4616 1188 4658 mii.
1195 4627 1217 4670 p.
1227 4622 1272 4658 tlt·

389 4690 420 4742 (n)
433 4689 542 4731 Plurimos
558 4691 654 4729 mmet
666 4687 751 4728 menon
768 4686 791 4728 in
807 4698 872 4741 opera
882 4697 949 4740 snpra
1009 4686 1037 4737 (a)
1052 4685 1130 4728 Contra
1144 4685 1298 4728 Lucilsrianoo.

364 4759 470 4802 laudato:
480 4759 513 4801 lo
525 4759 558 4802 llo
566 4756 785 4809 Sacramentorio,1.
799 4756 815 4798 i.
824 4769 844 4799 e.
860 4756 891 4798 iii.
901 4756 921 4809 3.
929 4759 950 4796 l.
1010 4756 1049 4808 (lo)
1065 4755 1209 4798 Canmmriii.
