3792 5550
587 582 655 632 etr.
676 579 728 630 vll.
750 580 791 629 DE
817 578 1051 631 latrabilis-bris
1069 580 1268 635 ntrnlnollll.
1484 579 1535 633 593
1598 625 1599 629 ,

322 701 416 749 contra
436 697 511 763 leges
529 695 595 748 inita
618 695 736 757 luerint,
758 694 908 760 denegatis.
978 699 1034 748 101.
1057 698 1134 761 desp.
1157 697 1233 748 Nulla
1253 696 1389 749 discordia
1402 698 1445 749 vel
1463 698 1534 750 lucta

322 785 373 835 lies
391 795 457 835 vero
475 781 613 847 praecipua
634 786 661 832 et
681 782 726 845 jus
740 785 862 842 nalurae,
878 791 910 831 ex
943 781 1015 832 inter
1038 787 1181 846 utramque
1203 774 1365 846 potestatem
1383 783 1535 835 intercedat

322 882 376 933 quo
399 869 501 933 pendet
514 866 633 919 bominis
658 865 792 927 felicitas,
809 870 850 917 est
865 879 912 917 nu·
943 880 1058 920 necesse
1070 875 1128 931 est,
1155 869 1255 930 rebus,
1276 876 1356 933 prout
1375 869 1445 933 apud
1466 882 1533 931 nos,

321 954 438 1018 ptiarum
458 953 579 1004 libertas.
600 954 671 1017 Ergo
692 951 755 1003 buic
768 951 911 1003 detrahere
944 952 1106 1017 compositis
1120 968 1126 1003 :
1140 967 1190 1005 nec
1207 953 1279 1005 enim
1290 954 1411 1005 Ecclesia
1432 954 1534 1018 aliquid

322 1038 416 1104 nequit
442 1038 529 1091 civilis
548 1043 679 1103 poteslas.
707 1037 815 1089 Accedit
837 1036 910 1101 quod
944 1037 1007 1089 iacit
1031 1051 1085 1102 quo
1110 1039 1200 1101 legum
1231 1038 1350 1090 civilium
1380 1038 1535 1090 sanctiones

324 1122 524 1175 Matrimonium
552 1122 671 1174 fidelium
696 1122 731 1173 sit
754 1124 911 1173 Sacramen-
945 1121 1045 1174 trustra
1065 1123 1181 1175 eradant
1206 1138 1282 1175 :nec
1304 1124 1391 1176 civilis
1411 1131 1534 1188 potestas

322 1206 837 1272 111111,ἰά10111111111111111131111111111
853 1217 912 1270 per·
946 1220 1007 1258 sese
1025 1207 1217 1259 ecclesiasticis
1239 1210 1321 1260 rebus
1334 1208 1484 1271 immiscet,
1505 1215 1536 1261 ut

322 1296 437 1348 mittitur
449 1295 658 1347 ministrandum
674 1310 679 1342 :
695 1306 747 1357 qua
756 1291 861 1343 ratione
871 1295 913 1343 est
947 1297 1027 1357 cogat
1048 1305 1100 1343 nos
1119 1294 1250 1359 conjuges
1271 1293 1298 1344 in
1327 1294 1385 1345 loro
1406 1294 1534 1346 Ecclesiae

323 1388 398 1433 extra
420 1381 527 1433 civilem
545 1382 728 1444 potestatem,
754 1376 845 1442 quoad
857 1376 910 1428 vim
947 1390 1117 1443 agnoscere,
1135 1391 1205 1443 quos
1219 1375 1281 1444 jura
1297 1391 1372 1429 sacra
1387 1379 1532 1445 aeonjugii

322 1466 423 1519 vinculi
433 1479 526 1518 coram
550 1467 620 1517 lieo,
947 1464 1121 1514 sacramento
1135 1463 1278 1527 repellunt.

358 1552 414 1603 100.
438 1552 506 1603 lline
524 1552 646 1603 llomana
670 1547 817 1601 tribunalia
848 1556 913 1597 con·
981 1548 1038 1599 105.
1061 1547 1120 1612 otj.
1143 1550 1168 1599 5.
1180 1549 1273 1600 Plures
1288 1549 1360 1614 leges
1369 1550 1498 1601 Romanae
1509 1554 1536 1602 et

322 1643 427 1689 stanter
446 1637 676 1701 responderunt:
703 1629 914 1683 «nutrimentis
947 1636 1079 1685 Caesareae
1108 1635 1263 1687 sanctiones
1283 1635 1382 1699 quibus
1410 1634 1536 1701 conjugia

323 1722 444 1774 bdelium
463 1722 562 1786 quibus
584 1719 689 1771 nullum
700 1717 791 1769 obstat
803 1713 914 1767 canoni·
947 1718 1023 1770 irrita
1051 1719 1269 1782 declarabantur,
1297 1721 1350 1771 vim
1381 1721 1482 1772 babent
1509 1722 1535 1771 in

321 1809 385 1859 cuin
406 1806 646 1872 impedimentum,
660 1816 737 1861 suam
752 1800 842 1865 quoad
858 1812 915 1850 ma·
947 1803 1007 1855 loro
1017 1804 1217 1857 Ecclesiastico.
1230 1805 1356 1870 Agnoscit
1374 1806 1537 1858 Benedictus

322 1893 431 1944 ritalem
442 1904 540 1943 nexum
559 1892 651 1942 inesse
671 1888 725 1942 vim
738 1894 766 1939 et
777 1886 914 1948 valorem,
947 1888 1011 1940 lllll.
1025 1908 1036 1933 1
1048 1901 1062 1939 a
1072 1888 1179 1953 legibus
1189 1889 1314 1941 civilibus
1324 1889 1464 1942 inductum
1475 1904 1537 1943 esse

268 1986 272 1993 ·
322 1989 474 2042 corumque
496 1975 633 2027 vinculum
657 1970 848 2024 indissolubile
861 1982 916 2021 ma·
947 1972 1213 2037 impedimentumex
1224 1974 1387 2039 cognatione
1397 1975 1538 2041 legali,seu

322 2075 398 2121 nere,
412 2060 621 2126 qualiacumque
631 2058 741 2109 tandem
755 2056 854 2108 luerint
867 2055 915 2107 im·
948 2057 1096 2123 adoptione
1118 2074 1124 2108 z
1147 2058 1202 2112 imo
1226 2060 1415 2125 impedimenti
1438 2073 1537 2127 cogna-

324 2146 479 2213 pcdimenta
505 2145 665 2197 asaeeulari
693 2147 848 2208 potestate,
870 2143 915 2193 Ec·
947 2143 1032 2195 tionis
1055 2143 1204 2209 spiritualis
1229 2146 1346 2210 primum
1371 2159 1534 2198 monumen·

323 2232 407 2286 elesia
432 2244 488 2284 non
510 2231 653 2293 consulta,
684 2242 734 2281 nec
763 2227 912 2293 probante,
947 2233 1006 2280 tum
1027 2230 1140 2295 reperiri
1163 2230 1536 2295 lnquadamconslitutionc

320 2330 466 2383 perperam
480 2311 824 2369 acnulliterconstitut‘a.¹
947 2314 1097 2366 Justiniani
1122 2316 1305 2380 imperatoris.
1328 2336 1340 2361 1
1364 2317 1402 2367 lta
1412 2316 1534 2391 Carriere

451 2401 617 2467 objectiones
638 2401 791 2452 solvuntur.
947 2400 1138 2465 theologorum
1147 2401 1283 2452 Gallorum
1296 2400 1394 2465 placita
1406 2401 1537 2454 reterens.

360 2489 415 2539 101.
429 2486 487 2553 otj.
503 2490 526 2537 l.
539 2486 631 2539 Civilis
643 2490 765 2549 potestas
786 2493 913 2546 suprema
983 2485 1040 2536 100.
1060 2486 1139 2548 lleap.
1155 2484 1212 2535 Vim
1232 2485 1409 2536 obtinuerunt
1428 2485 1455 2535 in
1477 2485 1536 2537 loro

324 2582 381 2633 est,
403 2571 609 2626 etvaletomnia
624 2570 730 2622 eillcere
744 2567 849 2633 quaead
864 2566 915 2617 rei·
947 2569 1078 2622 licclesiae
1095 2570 1252 2621 sanctiones
1270 2570 1362 2621 civiles
1377 2582 1438 2633 quae
1451 2582 1537 2634 aequae

317 2657 441 2725 publicae
463 2659 579 2709 salutem
589 2659 704 2721 prosunt
717 2669 723 2705 :
737 2652 853 2705 maxime
868 2664 915 2702 au·
948 2651 1015 2705 risae
1026 2657 1107 2714 sunt,
1122 2657 1150 2703 et
1163 2653 1321 2717 dignaequae
1334 2654 1533 2718 probarentur:

323 2754 380 2798 cern
394 2743 493 2809 pendet
509 2743 582 2795 salus
603 2740 711 2807 publica
729 2752 761 2792 ex
773 2738 916 2790 matrimo-
948 2738 1057 2804 rejectae
1077 2742 1183 2790 caeterae
1202 2744 1265 2790 sunt
1286 2739 1456 2792 naturalibus
1470 2739 1540 2806 juri·

323 2829 388 2882 niis.
412 2829 503 2881 Potest
522 2841 586 2891 ergo
611 2840 642 2880 ea
661 2827 737 2878 irrita
757 2824 915 2885 declarare,
949 2822 1003 2875 bus
1025 2823 1144 2875 bominis
1169 2823 1300 2876 adversae.
1318 2826 1362 2876 Sic
1375 2820 1441 2889 ‘quae
1461 2825 1536 2892 leges

324 2927 387 2980 111111
404 2927 465 2966 eum
491 2912 533 2964 sui
554 2917 601 2965 aut
619 2911 777 2978 reipublicae
796 2906 916 2974 pernicie
949 2909 1079 2960 Romanae
1087 2909 1243 2961 statuebant
1260 2910 1295 2961 de
1315 2909 1498 2962 matrimoniis
1511 2910 1539 2960 li·

325 3001 401 3052 cives
417 3000 523 3051 ineunt.
944 2986 1163 3046 ¹liorumiamilias
1186 2994 1291 3059 absque
1313 3002 1456 3060 parentum
1475 3009 1540 3049 con·

366 3085 422 3136 roa.
448 3085 525 3148 licon.
554 3083 646 3134 Potest
672 3093 704 3132 ea
728 3079 802 3131 irrita
828 3079 915 3131 iacere
949 3092 1047 3140 sensu,
1069 3085 1096 3130 et
1116 3079 1314 3144 mancipiorum
1336 3081 1539 3145 absqucdomi-

325 3168 416 3236 quoad
428 3180 525 3220 omnes
537 3165 650 3218 effectus
668 3165 778 3226 civiles,
803 3176 856 3228 qua
874 3175 916 3214 ra·
947 3176 1047 3214 norum
1068 3164 1164 3226 venia,
1193 3171 1286 3230 utpote
1304 3165 1418 3218 adverse
1430 3166 1538 3231 iuribus

178 3305 180 3312 ,
255 3271 258 3277 ’
325 3255 400 3306 tione
418 3252 498 3305 saluti
517 3251 633 3317 publicae
658 3254 685 3301 et
709 3248 822 3312 privatae
850 3245 916 3297 satis
949 3246 1138 3310 naturalibus,
1160 3255 1319 3301 constanter
1335 3251 1540 3315 1111111111111.1

239 3382 248 3396 .
325 3339 452 3394 consulit.
481 3338 519 3390 Ad
546 3344 686 3390 externum
712 3333 833 3400 regimen
860 3343 916 3383 non
950 3332 1177 3384 cumBenedicto
1196 3334 1539 3399 xlv.agnoscimusocca·

325 3428 433 3489 spectet
444 3422 557 3475 ulterius
570 3418 713 3486 progredi,
733 3415 916 3471 conscientias
951 3415 1058 3467 sionem
1080 3414 1267 3480 impedimenti
1286 3418 1539 3471 ecclesiasticisan-

325 3509 438 3575 ligando
455 3509 497 3562 vel
510 3507 655 3566 solvendo,
679 3515 741 3569 quac
764 3501 815 3554 soli
843 3502 915 3564 lieo,
950 3500 1041 3552 ciendi
1056 3499 1144 3566 'posse
1158 3515 1190 3553 ex
1210 3504 1270 3568 lege
1294 3502 1365 3555 civili
1385 3503 1470 3564 oriri;
1488 3504 1537 3556 sed

325 3603 353 3648 ct
368 3596 400 3648 iis
417 3595 463 3661 qui
482 3595 516 3646 ab
540 3606 572 3646 eo
593 3605 670 3644 suam
684 3588 807 3642 derivant
824 3593 916 3639 auoto-
950 3599 1132 3653 pernegamus
1155 3588 1242 3653 legem
1261 3589 1368 3640 civilem
1389 3589 1443 3639 vim
1456 3589 1539 3640 ullam

326 3681 450 3742 ritatem,
465 3679 630 3732 subduntur.
950 3673 978 3724 in
992 3671 1051 3725 loro
1061 3674 1248 3726 ecclesiastico
1261 3687 1309 3739 per
1321 3687 1351 3726 se
1364 3675 1538 3740 habereque

360 3768 418 3818 105.
431 3757 489 3832 eiij.
505 3763 638 3831 2.·Turpis
651 3762 719 3814 ioret
731 3757 880 3820 discordla,
893 3757 916 3810 si
949 3759 1090 3811 uinculum
1101 3758 1266 3811 matrimonii
1278 3772 1371 3812 coram
1385 3762 1439 3812 beo
1453 3761 1539 3812 tollat.

327 3853 399 3916 aprud
410 3853 559 3905 Ecclesiam
567 3852 759 3912 valerentquae
769 3845 843 3896 irrita
853 3849 917 3895 sunt
985 3844 1043 3894 lll'l.
1064 3843 1122 3909 oti.
1142 3845 1168 3894 t.
1188 3847 1240 3895 1111
1257 3845 1344 3897 ciuilis
1362 3845 1540 3909 impedimen-

328 3947 354 3992 el
366 3938 456 3989 inania
466 3937 537 4001 apud
551 3932 744 3998 omniapatriae
754 3928 916 3982 tribunalia:
951 3933 1009 3978 lum
1030 3928 1176 3980 statuendo
1197 3930 1269 3980 tollit
1288 3933 1458 3981 contractum
1473 3929 1541 3982 eivi-

323 4034 393 4088 ·ergo
407 4021 464 4086 ipsa
476 4014 602 4072 Ecclesiae
619 4023 647 4069 ct
668 4014 825 4080 reipublieae
842 4012 917 4063 salus
952 4014 1006 4065 lem
1016 4052 1027 4075 ,
1040 4014 1086 4078 qui
1099 4013 1152 4065 nisi
1164 4014 1302 4080 legitimus
1313 4015 1364 4075 sit,
1376 4016 1467 4067 nullus
1480 4021 1538 4066 est:

327 4106 480 4161 communis
499 4104 619 4170 postulat
642 4102 732 4153 valere
751 4099 778 4150 in
800 4103 916 4163 utroque
948 4097 1005 4161 jam
1022 4108 1088 4149 vero
1106 4098 1210 4162 absque
1223 4104 1364 4151 contractu
1377 4100 1480 4150 nullum
1499 4104 1541 4151 cst

327 4193 387 4246 loro
411 4193 485 4260 leges
509 4188 602 4242 civiles
625 4199 687 4252 quae
706 4184 831 4250 coniugia
844 4196 916 4249 quae·
951 4183 1166 4235 matrimonium.
1578 4180 1581 4184 '

327 4279 390 4329 dam
407 4277 509 4330 nullius
519 4275 660 4327 declarant
670 4271 780 4324 valoris.
988 4270 1045 4320 108.
1060 4269 1258 4335 receptusque
1271 4271 1543 4324 contractubumano

356 4542 383 4590 ill
393 4541 445 4581 Vide
455 4553 511 4593 resp.
522 4540 544 4580 S.
554 4540 635 4579 l‘oenit.
651 4544 658 4578 l
671 4537 728 4598 lunii
743 4538 801 4583 1111,
818 4533 918 4586 episcopo
953 4537 986 4577 sis
1000 4537 1143 4578 sanctissimis
1162 4536 1309 4577 sanctionibus
1319 4527 1410 4576 munivit
1420 4567 1426 4588 ‚
1436 4538 1542 4578 minutam

329 4612 391 4663 Viva,
400 4611 487 4651 relatam
497 4609 554 4662 apud
568 4609 669 4650 Can-iere·
681 4591 725 4648 iol.
737 4612 754 4656 l,
764 4617 785 4657 p.
795 4605 833 4657 lll,
844 4604 855 4655 ἓ
871 4604 887 4643 ll
899 4615 917 4643 c.
955 4619 967 4647 s
978 4607 1134 4647 recenlioribus
1145 4607 1338 4656 legumlatoribus,
1347 4608 1384 4656 qui
1398 4609 1542 4646 llomanorum

335 4681 434 4721 11115111.
500 4676 506 4689 “
699 4659 704 4670 “
953 4676 1090 4717 ethnicorum
1104 4677 1163 4726 leges
1178 4675 1258 4714 imitari
1269 4676 1397 4716 maluerunt.
1406 4678 1543 4725 0111111111·

358 4748 383 4801 [1,
391 4749 476 4799 illrum,
486 4748 605 4788 libertatem
615 4743 761 4796 matrimonii,
775 4755 839 4795 quam
849 4743 919 4784 Eccle·
954 4747 996 4788 lius
1005 4748 1141 4798 singulorum
1149 4745 1237 4797 juribus
1243 4757 1329 4797 semper
1337 4746 1420 4786 studuit
1432 4745 1540 4787 Ecclesisl
