3792 5550
571 554 642 605 crte.
660 550 714 602 Vll.
732 550 774 602 llll
791 550 1029 604 ldPEottdEnTls
1047 550 1252 604 haidincurt.
1470 549 1517 600 591

308 670 350 721 hae
373 680 463 720 cansae
489 666 597 739 divortii
620 682 637 721 o
660 669 768 722 vinonio
788 668 895 735 legibus
932 670 1023 721 obstat
1032 668 1131 732 exjnre
1140 666 1201 732 ipso
1212 672 1317 719 naturae
1327 666 1518 730 desumptum:

306 753 433 807 ciuilibus
466 753 668 806 Foederatarom
699 756 895 807 nonnullarum
929 754 1036 807 ciuilem
1059 758 1150 806 autem
1160 766 1215 805 non
1236 757 1443 817 consequuntur
1453 750 1521 803 effe-

308 838 507 905 prouinciarum
530 844 686 891 statuuntur
716 854 722 891 :
755 840 896 893 nonnullis
929 838 1287 906 ctum,nisilegisservatis
1305 838 1518 892 conditionibus.

308 924 897 991 divortiumatorotant-umobaliaspraeter
963 928 1005 978 79.
1025 927 1062 977 lte
1086 924 1267 977 matrimoniis
1299 923 1438 987 fidelium,
1470 937 1519 976 seu

309 1009 471 1062 adulterium
479 1022 577 1061 causas
586 1010 823 1074 concedentibus*
835 1012 896 1065 allis
930 1012 1142 1078 baptizatorum,
1153 1012 1206 1073 jam
1221 1008 1360 1075 quaritur,
1372 1014 1462 1061 utrum
1474 1009 1521 1060 ali·

309 1108 393 1159 penes
420 1095 527 1161 jndices
561 1097 703 1149 arbitrium
739 1098 897 1163 relinquen·
930 1098 974 1151 oui
995 1096 1141 1163 potestati,
1163 1109 1214 1149 seu
1233 1094 1440 1158 ecclesiastieae,
1470 1108 1520 1147 seu

309 1182 383 1235 tibus
400 1184 560 1237 alterutrum
582 1184 728 1238 diuortium
743 1185 898 1238 conceden·
930 1184 1019 1246 civili,
1038 1183 1217 1250 subjaceant,
1237 1196 1293 1235 non
1311 1186 1417 1234 tantum
1428 1180 1518 1246 quoad

310 1267 355 1327 di,
374 1280 424 1333 pro
444 1268 550 1334 inJuriae
572 1270 697 1331 ratione,
721 1275 748 1323 et
765 1271 897 1336 petitione
930 1268 1045 1323 effectus
1077 1268 1104 1320 in
1125 1274 1243 1333 utroque
1266 1269 1342 1331 foro,
1355 1262 1415 1319 'sed
1438 1266 1520 1318 etiam

310 1352 368 1405 laesi
387 1353 542 1419 eonJugis.¹
931 1354 1022 1420 quoad
1043 1355 1130 1419 ipsam
1150 1353 1206 1406 rim
1224 1357 1390 1406 contractus.
1407 1354 1436 1403 ln
1453 1364 1522 1404 con-

930 1438 1005 1492 fesso
1016 1439 1089 1504 apud
1103 1452 1201 1491 omnes
1219 1443 1261 1490 est
1273 1438 1379 1493 civilem
1399 1442 1520 1503 potesta-

518 1527 622 1580 chenu
640 1528 693 1579 vll.
901 1542 903 1547 ·
931 1532 986 1579 tem
1000 1537 1081 1590 posse
1091 1524 1162 1579 vires
1183 1525 1210 1575 in
1224 1525 1283 1578 iero
1299 1524 1369 1577 civili
1384 1524 1520 1590 denegare

565 1664 568 1671 ,
932 1610 1083 1663 contractui
1109 1611 1315 1673 matrimoniali,
1328 1610 1375 1677 qui
1398 1610 1521 1663 celebra-

410 1708 442 1747 un
460 1708 638 1749 ruranruaurrs
655 1711 812 1751 utraruoun.
931 1697 1133 1749 tusnonfuerit
1148 1699 1223 1763 juxta
1242 1698 1336 1763 leges3
1351 1709 1413 1763 quae
1429 1703 1520 1748 lamen

932 1787 1055 1845 potestas
1068 1794 1124 1834 non
1148 1782 1262 1835 libidine
1281 1782 1449 1847 imperandi,
1470 1784 1520 1833 sed

343 1870 385 1919 78.
412 1864 580 1919 Matrimonia
612 1867 762 1921 infidelium
792 1867 898 1939 legibus
933 1867 1057 1921 utilitatis
1068 1867 1168 1920 ciuium
1191 1867 1282 1919 studio
1296 1867 1447 1919 exercenda
1467 1873 1518 1918 est.

311 1952 440 2005 Ecclesiae
469 1959 533 2006 sunt
556 1955 700 2019 immunia,
732 1971 816 2023 quum
856 1961 899 2011 hae
933 1952 1171 2007 Parideeausain
1186 1952 1243 2005 toro
1262 1952 1520 2016 ecelesiasticopos·

311 2038 438 2090 subditos
466 2038 561 2091 fideles
588 2040 749 2105 respiciant,
781 2044 897 2110 ideoque
933 2046 976 2093 set
995 2040 1103 2093 irritum
1134 2039 1226 2091 haberi
1248 2038 1423 2105 conjugium,
1446 2037 1519 2103 quod

311 2124 422 2175 nonnisi
435 2124 566 2177 indirecte
579 2116 686 2191 possint
697 2128 830 2195 attingere
841 2130 900 2182 infi-
932 2132 1027 2179 contra
1053 2127 1128 2193 leges
1145 2125 1274 2178 Ecclesiae
1306 2123 1385 2175 suerit
1412 2122 1519 2175 initum.

311 2208 404 2273 deles,
418 2218 553 2275 quatenus
571 2212 674 2265 seilicet
695 2220 768 2268 vetet
779 2216 899 2269 Ecclesia
934 2212 987 2263 Sed
1002 2212 1036 2264 de
1055 2212 1148 2265 valore
1166 2213 1323 2263 contractus
1344 2209 1372 2259 in
1391 2220 1421 2260 se
1433 2213 1461 2259 et
1474 2218 1520 2259 co-

311 2294 440 2348 fidelibus
462 2310 523 2349 cum
538 2298 571 2351 iia
585 2298 652 2352 inire
671 2302 789 2366 nuptias.
805 2305 898 2356 Utrum
932 2310 991 2349 ram
1002 2299 1056 2349 1)θο
1070 2296 1200 2362 tluaerlltlr
1220 2310 1226 2346 2
1246 2299 1336 2347 ullum
1350 2294 1454 2347 scillcet
1470 2296 1520 2346 EG·

312 2394 344 2433 ea
359 2381 468 2435 subsint
485 2385 613 2449 potestati
628 2387 781 2453 principum
804 2390 899 2443 infide·
932 2384 1016 2437 elesia
1026 2383 1068 2436 vel
1083 2387 1204 2447 potestas
1216 2380 1303 2434 civilis
1316 2380 1403 2446 possit
1414 2378 1520 2432 irritum

311 2466 395 2532 lium,
416 2470 459 2522 vel
475 2469 590 2522 aliorum
613 2472 656 2523 cui
674 2473 788 2525 civiliter
813 2476 900 2542 subii·
932 2471 1022 2523 facere
1036 2474 1223 2530 contractum,
1245 2466 1308 2518 licet
1328 2467 1520 2518 contrahentes

310 2552 420 2606 ciuntur
440 2556 648 2615 contrahentes,
668 2557 739 2609 inter
759 2559 900 2626 theologos
932 2554 1078 2609 voluntatis
1090 2554 1177 2606 libero
1191 2552 1519 2612 consensurumineant,

312 2636 453 2701 quaeritur.
465 2639 665 2692 h'obisvidetur
676 2640 841 2694 matrimonii
853 2656 900 2695 na·
933 2641 1010 2693 nullo
1030 2640 1156 2692 obstante
1176 2637 1292 2689 naturali
1308 2635 1520 2701 impedimento,

312 2724 375 2774 tura
387 2722 522 2788 ejusmodi
536 2736 607 2790 esse,
618 2732 647 2778 ut
660 2727 815 2781 nullatenus
828 2729 899 2783 civili
933 2726 1003 2779 adeo
1026 2730 1057 2777 ut
1071 2724 1113 2778 vis
1128 2723 1219 2777 omnis
1229 2722 1256 2776 ei
1270 2722 1394 2786 tollatur,
1410 2727 1467 2774 turn
1492 2720 1520 2771 in

311 2809 440 2872 potestati
464 2810 617 2875 subjaceat,
637 2818 770 2879 quatenus
793 2821 899 2868 contra·
934 2812 992 2866 foro
1017 2815 1141 2871 externo,
1160 2815 1217 2862 tum
1238 2821 1331 2863 coram
1359 2809 1423 2860 beo.
1442 2806 1521 2859 Diri-

315 2900 376 2946 ctns
387 2894 600 2960 ipseindivlduae
614 2898 676 2951 vitae
688 2899 826 2954 societatis
836 2915 899 2968 spe·
933 2911 1011 2951 mens
1039 2903 1151 2950 vocatur
1171 2895 1396 2961 impedimentum
1429 2892 1522 2958 hujus·

310 2983 486 3036 ctaturzhaec
495 2983 567 3036 enim
582 2988 636 3038 tota
646 2986 747 3051 pendet
761 3001 793 3040 ex
804 2989 899 3042 volun·
933 2983 1026 3047 modi,
1047 2983 1121 3048 quod
1144 2981 1249 3034 scilicet
1269 2979 1361 3033 obstat
1380 2991 1416 3030 ne
1432 2977 1521 3031 valeat

311 3069 553 3123 tateetconsensu
566 3071 794 3137 contrahentium,
814 3077 899 3129 statui
934 3075 1091 3122 contractus
1112 3083 1119 3118 :
1143 3067 1293 3132 impediens
1315 3079 1332 3118 θ
1352 3070 1447 3118 cenna
1479 3067 1521 3114 est

310 3155 403 3206 tamen
416 3162 532 3220 possunt
549 3157 621 3209 civili
637 3159 798 3212 auctoritate
808 3163 901 3214 condi·
934 3155 1007 3220 quod
1021 3155 1112 3208 Obstat
1125 3155 1248 3206 nelicedt
1258 3155 1427 3204 cvnlrdclum
1437 3148 1518 3207 inire,

315 3239 406 3294 tiones
427 3255 459 3294 ex
477 3242 577 3308 quibus
588 3244 726 3309 pendeant
735 3246 796 3312 jura
810 3247 898 3302 civilia
934 3240 981 3306 dui
990 3246 1081 3292 lamen
1093 3239 1177 3291 illilus
1194 3251 1271 3290 suam
1281 3237 1387 3290 obtinet
1395 3234 1459 3289 vim·

313 3325 531 3393 conjugii,adeo
549 3332 580 3380 ut
598 3341 649 3382 nec
672 3331 803 3396 conjuges
812 3331 899 3398 legiti-
966 3325 1091 3400 Edblllud
1100 3323 1281 3377 certissimum
1292 3320 1455 3387 principium
1468 3323 1521 3370 sta·

310 3410 347 3460 mi
361 3411 522 3474 habeantur,
537 3427 592 3466 uec
615 3415 706 3479 proles
718 3424 898 3482 agnoscatur,
933 3413 1065 3466 tuendum
1089 3416 1132 3463 est
1154 3422 1187 3462 er
1207 3409 1270 3462 ildei
1288 3407 1411 3460 doctrina
1437 3417 1520 3471 posse

312 3493 382 3561 legis
395 3497 555 3563 praescripto
567 3500 701 3566 neglecto.
721 3501 854 3566 Equidem
865 3504 898 3555 ad
933 3495 1282 3561 Ecclesiamimpedimenta
1292 3490 1445 3544 dirimentia
1457 3501 1521 3542 con·

311 3585 416 3634 rentum
433 3596 523 3635 rerum
543 3585 683 3650 ordinem,
708 3587 781 3640 etad
796 3589 898 3654 justam
932 3585 1063 3648 stituere,
1084 3587 1111 3635 et
1129 3581 1158 3634 in
1183 3580 1217 3633 iis
1229 3575 1428 3631 constituendis
1446 3573 1519 3626 hand

312 3662 448 3719 bonorum
479 3674 506 3720 et
536 3683 650 3724 onerum
677 3671 898 3729 distributionem
933 3684 1040 3725 errasse
1059 3668 1211 3734 :estquis
1235 3665 1350 3727 dixerit,
1371 3662 1519 3716 Ewleiiflm

311 3753 445 3817 pertinet,
466 3760 496 3808 ut
514 3757 798 3824 conjugiumcioililer
814 3773 898 3828 agno·
933 3771 988 3812 non
1001 3757 1123 3824 potuisse
1140 3752 1306 3808 constituere
1325 3748 1520 3816 impedimenta

311 3836 350 3888 ⁵⁰3
369 3839 474 3904 possit,
495 3848 522 3893 θῑ
545 3843 667 3907 ltl0h³lit
691 3845 738 3898 sed
758 3846 899 3912 adjpsam
933 3843 1137 3898 matrimonium
1164 3839 1333 3901 dirimentis,
1363 3837 1405 3891 vel
1430 3835 1457 3887 in
1485 3834 1519 3886 iis
1549 3871 1551 3878 s

310 3930 468 3978 contractus
480 3926 615 3990 radicem,
626 3941 688 3994 quae
700 3929 728 3980 in
741 3933 900 3984 contrahen·
933 3927 1133 3983 constituendis
1147 3938 1272 3984 errasse;
1289 3924 1432 3976 anathema
1445 3919 1519 3972 situl

312 4005 380 4060 tium
395 4011 577 4063 consensione
589 4013 677 4077 posita
690 4019 745 4078 est,
757 4027 812 4067 non
825 4015 899 4069 ride·
965 4018 1008 4067 st.
1022 4014 1155 4066 Lntherus
1168 4010 1366 4074 calvinusque,
1378 4019 1463 4072 quum
1473 4019 1519 4056 nu·

309 4097 355 4146 tur
372 4109 454 4162 posse
468 4102 588 4161 potestas
607 4113 683 4152 mere
700 4101 817 4154 humana
837 4116 900 4168 per·
933 4099 1004 4165 ptias
1033 4097 1183 4150 naturalem
1214 4099 1318 4147 tantum
1348 4096 1519 4146 contractum

309 4177 425 4247 tingere.
448 4182 617 4236 Matrimonia
643 4184 726 4252 igitur
748 4186 897 4240 infidelium
933 4184 1081 4243 haberent,
1100 4195 1147 4235 eas
1168 4180 1279 4234 nonnisi
1296 4185 1402 4232 naturae
1412 4177 1519 4242 legibus

309 4265 401 4321 valere
424 4269 504 4323 nobis
530 4268 666 4334 videntur,
698 4272 806 4336 quoties
829 4273 898 4326 nihil
931 4271 975 4325 uel
993 4269 1093 4324 divinis
1108 4268 1331 4335 regiroluerunt.
1345 4263 1520 4330 apostatam-

334 4526 363 4578 (ll
374 4545 384 4568 r
395 4532 436 4572 For
444 4537 537 4574 extreme
547 4536 629 4589 cruelty
646 4536 669 4576 in
687 4536 755 4577 either
763 4537 788 4577 oi
802 4537 839 4578 the
852 4549 900 4590 per·
932 4536 1007 4589 bigat
1016 4535 1107 4577 orbern
1116 4535 1140 4576 oi
1149 4535 1199 4574 herr
1211 4531 1297 4586 lersey,
1305 4537 1345 4573 ert.
1354 4532 1457 4583 neom,
1470 4532 1489 4583 ᾖ.
1498 4537 1518 4572 t.

310 4593 362 4645 ¹5⁰¹,
370 4601 408 4641 the
420 4608 482 4642 ecurt
491 4603 515 4643 oi
526 4605 633 4659 chancery
643 4617 692 4662 tany
705 4607 799 4648 dacreea
812 4608 899 4649 diveroe
956 4605 984 4658 (t)
995 4604 1047 4644 Vide
1057 4603 1130 4656 bigast
1138 4604 1163 4644 oi
1170 4604 1231 4646 hene
1239 4602 1264 4644 oi
1270 4602 1441 4656 Empulum,
1453 4600 1522 4642 detoi

310 4664 365 4708 trem
376 4670 416 4711 bed
429 4672 472 4713 end
484 4673 549 4714 board
565 4676 598 4714 lor
612 4686 662 4715 ever
675 4676 801 4728 theresher,
810 4688 835 4718 or
844 4677 898 4718 lore
931 4675 980 4716 toth
991 4674 1052 4714 Febr.
1063 4678 1120 4714 tell.

312 4732 395 4782 limired
405 4741 468 4796 time,
477 4755 501 4784 ae
510 4745 566 4786 shall
576 4755 633 4786 seem
641 4745 687 4797 J'uet
696 4744 737 4784 and
748 4746 898 4787 reasonable.»
957 4745 985 4797 (s)
995 4744 1054 4786 sen.
1062 4743 1116 4785 uit.
1125 4754 1172 4785 een.
1181 4743 1212 4783 lii.
