3792 5550
341 573 392 627 att
643 557 758 611 TRAGT.
777 552 853 605 xvii.
872 549 914 600 bE
933 546 1046 599 saenis
1062 544 1245 598 onblbtntJS.

341 695 459 754 turnum
474 695 536 751 quae
547 676 813 748 precesseranttum
824 678 889 734 quaa
900 665 936 718 ab
971 661 1093 715 studium
1116 658 1225 713 sectarii
1249 663 1280 711 nt
1296 657 1510 753 banderensem
1532 658 1569 754 ad

346 774 415 842 ipsis
427 764 582 836 Anglieanis
594 763 712 828 peracta
733 754 898 813 relernntur,
910 750 938 801 in
973 747 1056 801 ritum
1085 743 1272 811 peragendum
1295 743 1478 807 inducerent,
1503 744 1571 795 rndr·

346 873 382 914 eo
403 855 557 918 discrepat,
581 844 655 912 quod
674 842 871 909 Episcoporum
891 838 938 904 qui
973 832 1130 887 ciumbaud
1147 832 1262 885 lereest
1280 835 1470 884 caetcrosnon
1485 828 1569 883 inisse

347 924 941 997 consecrationismunnsobierunttitulide·
974 916 1186 974 consecratos.²

347 1014 870 1087 derentnrnominibuslamiliaecontra
883 1021 941 1063 mo·
1011 1007 1068 1075 lbi.
1090 1005 1190 1059 &mus
1207 1008 1301 1057 autern
1320 1003 1471 1069 Berlpum,
1487 1014 1571 1067 aquo

348 1128 407 1169 rem
418 1108 536 1165 insertis.
551 1103 711 1171 Exemplum
723 1101 770 1154 dat
784 1100 843 1165 ipse
856 1100 942 1149 blaso-
977 1088 1080 1155 pendet
1101 1094 1158 1149 tota
1175 1088 1245 1144 ritus
1268 1089 1328 1152 ris,
1350 1087 1439 1141 luisse
1457 1088 1574 1153 Episco·
1615 1144 1619 1153 ,

349 1212 403 1253 nus
427 1190 643 1249 consecrationis
670 1190 734 1254 post
750 1188 868 1251 quatuor
885 1180 944 1233 dies
978 1174 1260 1241 pum,etl>arirerum
1280 1186 1473 1227 consecrasse.
1487 1175 1574 1225 blaso-

346 1285 485 1350 peracta:
978 1272 1032 1314 nus
1063 1260 1118 1313 alte
1144 1259 1290 1325 praedicat,
1319 1259 1471 1312 Parterum
1499 1257 1574 1310 baud

385 1369 463 1419 inno
477 1364 552 1417 tnta.
564 1360 643 1413 Edrn.
657 1353 811 1409 Grindallus
819 1362 943 1404 consecr.
978 1352 1170 1398 consecratum
1180 1344 1258 1410 juxta
1269 1344 1440 1397 Pontifiealis
1456 1343 1575 1397 numani

350 1454 381 1505 Et
394 1448 572 1513 liecembper
584 1438 942 1504 Eattbnrebicpiscdant,
976 1430 1074 1494 ritum,
1088 1431 1137 1483 sed
1148 1450 1160 1477 ι
1171 1443 1220 1495 per
1231 1430 1405 1494 orationem,
1418 1428 1576 1495 sanctiSpi·

321 1570 322 1575 κ
350 1536 524 1589 Gnilielmurn
549 1530 765 1588 Cicestrensem,
791 1525 944 1577 iohannem
978 1516 1045 1569 ritus
1060 1516 1287 1579 invocationem,
1307 1508 1440 1567 urendum
1459 1514 1573 1579 imposi-

349 1618 597 1679 lierelordiensenr,
611 1614 673 1667 lob.
693 1608 926 1663 bedfordiensem.
979 1602 1100 1664 tionem,
1117 1614 1150 1654 ac
1161 1601 1290 1667 religiosa
1302 1600 1453 1665 promissa,
1463 1599 1577 1652 inbabi·

385 1708 443 1758 156.
456 1706 517 1758 tam
528 1696 798 1754 animadvertendum
816 1693 945 1747 illamdi·
977 1692 1005 1739 tu
1015 1687 1062 1751 qui
1072 1685 1472 1753 gravitatemetautboritatem
1483 1684 1578 1737 drobi·

351 1790 508 1846 versitatem
528 1787 571 1840 vei
590 1782 828 1849 interpolationem
846 1777 944 1844 prode·
978 1773 1163 1839 episcopalem
1176 1772 1287 1825 deceret
1299 1811 1306 1833 ,
1320 1776 1382 1837 topa
1393 1771 1510 1832 saitem,
1524 1770 1575 1833 (uti

353 1891 400 1940 re,
419 1876 463 1929 rel
482 1886 531 1927 eos
544 1872 591 1938 qui
608 1881 785 1925 consecrasse
797 1866 944 1919 Perierum
978 1860 1095 1924 explicat
1110 1856 1316 1922 Gbampnaeus,)
1330 1854 1466 1909 concione
1484 1854 1578 1906 babila

353 1964 492 2023 dicuntur,
521 1971 577 2011 non
608 1956 691 2009 luisse
713 1954 883 2019 Episcopos,
898 1948 945 2016 qni
980 1939 1577 2007 aberudito‘lbeologodemunereetiide·

354 2020 464 2112 semper
491 2044 694 2098 consueverunt
722 2040 780 2093 suis
804 2038 889 2091 titulis
917 2037 944 2089 in
980 2030 1057 2082 litate
1081 2042 1097 2081 a
1120 2033 1232 2095 pastore
1254 2026 1332 2093 gregi
1350 2040 1403 2080 sao
1423 2026 1526 2079 debita.
1541 2024 1579 2072 »⁸

356 2135 425 2189 actis
441 2129 657 2185 solemnioribus
674 2127 723 2179 nti.
743 2126 877 2192 Equidem
892 2127 946 2177 bla-
980 2115 1086 2168 Ritnale
1099 2114 1217 2179 quippe,
1230 2124 1318 2178 puero
1332 2111 1457 2165 Eduardo
1473 2110 1515 2161 Vl.
1537 2123 1581 2163 re·

356 2218 500 2283 sonusqui
512 2213 698 2270 ordinationes
711 2224 769 2265 suae
787 2215 870 2264 sectae
886 2211 947 2264 vin·
979 2206 1100 2268 ¹gnenle,
1119 2200 1240 2262 editum,
1260 2198 1330 2250 ritus
1352 2197 1410 2250 lare
1428 2208 1529 2249 omnes
1548 2196 1578 2248 in

358 2303 493 2357 dicandas
513 2304 686 2364 susceperat,
701 2297 798 2350 nullibi
809 2296 896 2362 potuit
908 2296 955 2349 re
984 2285 1194 2339 consecratione
1233 2282 1365 2348 Episcopi
1398 2280 1578 2349 praescriptos

357 2388 448 2455 perire
466 2384 702 2439 consecrationem
727 2381 817 2435 Barloi
834 2381 950 2446 inrege·
982 2370 1090 2433 Omisit·
1114 2369 1175 2421 ³¹5ss
1196 2368 1364 2433 Quibusdam
1389 2367 1527 2430 induciis,
1546 2374 1577 2419 ¹11

355 2474 408 2527 stis
416 2470 598 2525 Ecclesiarum
610 2469 723 2521 relatam
738 2479 811 2529 esse,
823 2465 948 2531 quamvls
982 2455 1205 2523 praitorincibla
1222 2456 1259 2508 de
1271 2467 1403 2521 supreme
1415 2454 1577 2507 auctoritate

257 2615 260 2621 ,
357 2572 391 2613 ce
406 2560 568 2623 tempestate
590 2559 617 2608 et
627 2552 765 2620 prioribus
775 2551 882 2605 saecnlis
893 2564 952 2605 me·
983 2543 1094 2610 regiain
1108 2543 1192 2595 rebus
1203 2542 1287 2595 etiam
1303 2541 1579 2595 ecciesiasticissan-

359 2657 413 2713 gna
423 2642 601 2710 adhiberetur
613 2638 754 2705 diligentia
767 2638 795 2690 in
809 2637 891 2689 rebus
904 2650 951 2704 ge·
984 2630 1114 2683 ditentur·
1141 2627 1299 2682 Mandatum
1311 2627 1422 2693 regium
1443 2638 1498 2692 quo
1511 2624 1579 2677 desi·

358 2731 410 2784 stis
431 2726 589 2795 hujusmodi
603 2726 772 2780 referendis.
793 2727 951 2800 constater
985 2716 1120 2784 gnabatur
1131 2714 1284 2781 Episcopus
1298 2712 1353 2780 logi
1367 2710 1527 2774 consueuit3
1537 2712 1578 2778 ju·

360 2814 429 2867 actis
454 2813 505 2866 sub
528 2816 675 2866 cranmere
688 2810 876 2876 quaeprolert‚
888 2823 951 2862 eum
985 2806 1140 2855 ramentum
1149 2801 1184 2854 de
1197 2813 1327 2866 suprema
1345 2800 1393 2852 illa
1417 2799 1579 2853 auctoritate

360 2899 479 2950 electum
499 2908 561 2948 esse
572 2895 736 2960 Episcopum
754 2896 952 2960 tsapbensem
986 2887 1145 2951 exilibbam?
1166 2901 1174 2936 ³
1200 2885 1333 2950 (leinssll)s
1361 2885 1580 2952 imesfflliflbffiur

360 2980 536 3046 designatum
553 2978 634 3030 etiarn
655 2981 858 3040 berravensern,
883 2981 954 3031 lien-
987 2974 1092 3026 eiectus
1112 2973 1148 3024 de
1170 2985 1221 3024 sua
1232 2970 1381 3024 vocatione
1392 2971 1429 3023 ad
1439 2971 1581 3036 ¹episcopa·

360 3066 418 3118 rico
442 3065 507 3115 vlit.
524 3068 676 3130 regnante,
700 3063 750 3115 sed
773 3075 836 3116 eum
857 3077 954 3118 revera
986 3063 1060 3120 tum,
1078 3059 1155 3124 juxta
1167 3057 1267 3110 christi
1279 3058 1453 3113 voluntatem
1467 3062 1495 3109 et
1505 3055 1581 3122 regni

364 3150 522 3217 episcopale
539 3148 613 3202 baud
632 3148 788 3214 suscepisse
799 3161 954 3204 mnnnsen·
988 3143 1212 3201 constitutionem
1227 3158 1234 3194 ι
1249 3143 1286 3196 de
1305 3143 1512 3209 scripturarum
1527 3141 1581 3194 sul·

363 3237 529 3302 probrarunt
542 3236 582 3288 ilii
595 3235 697 3302 passim
710 3235 829 3302 aequales
842 3235 955 3302 scripto·
988 3233 1105 3288 dolentia
1129 3233 1157 3286 in
1174 3232 1304 3285 omnibus
1329 3246 1394 3298 qnae
1416 3233 1582 3287 adsalutem

364 3322 448 3388 res,¹
473 3323 501 3374 ld
529 3321 613 3376 etiam
635 3335 668 3375 ex
695 3321 761 3388 ipsis
792 3321 956 3376 Elisabetbae
989 3318 1235 3381 suntnecessaria,
1256 3323 1284 3370 et
1304 3318 1340 3370 de
1357 3318 1584 3382 voluntatispro·

365 3407 502 3461 mandatis
517 3408 647 3474 colligere
659 3407 724 3462 licet
737 3421 744 3457 ι
756 3406 886 3460 necenim
903 3408 956 3460 alia
990 3404 1081 3470 posito
1105 3415 1217 3462 ornnem
1235 3403 1413 3468 peregrinam
1431 3403 1585 3457 doctrinam

363 3493 463 3548 idonea
477 3494 558 3545 datur
581 3492 650 3544 ratio
662 3505 713 3545 cur
734 3492 897 3544 Elisabetbee
913 3493 958 3546 lit·
990 3488 1152 3554 extirpandi.
1174 3489 1262 3551 Quum
1281 3502 1431 3542 assensum
1448 3487 1588 3556 prestitis

364 3584 431 3630 terae
451 3581 576 3641 patentes
589 3576 723 3641 Episcopo
743 3577 877 3630 catholico
889 3579 958 3629 Ean·
992 3580 1055 3637 set,
1079 3573 1242 3639 precabatur
1261 3581 1442 3630 consecrator
1465 3581 1496 3628 ut
1516 3577 1587 3628 bens

364 3660 479 3713 davensi
496 3659 631 3726 imprimis
649 3660 759 3720 directae
783 3661 855 3714 sint:
872 3680 884 3708 r
902 3663 959 3715 Eli·
991 3660 1112 3715 riresiiii
1129 3659 1208 3712 daret
1230 3661 1266 3713 ad
1284 3663 1345 3714 baee
1360 3661 1511 3715 efficaciter
1519 3673 1587 3728 prae·

365 3745 482 3800 sabatha,
493 3745 539 3797 liei
553 3744 653 3810 gratia,
666 3749 717 3799 etc.
736 3746 767 3798 lt.
782 3747 822 3798 lt.
843 3745 871 3797 in
884 3747 959 3800 Chri·
992 3745 1106 3810 standa,
1116 3751 1144 3798 et
1153 3745 1290 3811 impositis
1302 3747 1444 3811 manibus,
1459 3746 1585 3800 dicebat:

365 3835 410 3882 sto
445 3827 568 3894 patribus
602 3829 738 3883 anthonio
770 3829 958 3897 banderensi,
994 3852 1007 3879 r
1025 3833 1124 3898 Accipe
1156 3832 1287 3899 spiritum
1313 3840 1461 3899 sanctum,
1482 3839 1510 3888 et
1532 3847 1589 3886 me-

366 3914 510 3970 Guilielmo
522 3915 634 3980 Barloo,
647 3915 786 3982 quondam
798 3917 961 3974 Baibonien·
993 3921 1086 3971 mento
1097 3918 1231 3972 suscitare
1253 3919 1371 3986 gratiam
1383 3921 1451 3984 bei,
1468 3932 1532 3986 quae
1547 3923 1589 3972 est

368 4000 393 4052 si
405 3998 556 4065 Episcopo,
573 4013 648 4055 nune
670 4001 833 4054 dicestreusi
850 4003 959 4069 electo,
992 4003 1020 4056 in
1038 4010 1066 4057 te
1077 4017 1127 4069 per
1144 4005 1353 4070 impositionem
1364 4019 1514 4068 manuum,
1527 4004 1590 4072 qnia

369 4085 488 4139 iohanni
510 4087 611 4138 Scoreo
627 4086 766 4152 qnondam
780 4089 958 4153 cicestrensi,
992 4090 1064 4141 licus
1077 4101 1133 4143 non
1142 4089 1224 4144 nobis
1233 4090 1311 4143 dedit
1322 4091 1456 4157 spiritum
1470 4090 1590 4154 timoris,

370 4184 444 4225 nnnc
465 4170 666 4224 llerelordiensi
679 4172 781 4234 electo,
801 4173 896 4226 ldiloni
906 4177 960 4234 co·
993 4174 1042 4227 sed
1054 4175 1198 4239 potestatis
1218 4181 1247 4227 et
1264 4176 1437 4230 sobrietatis.
1453 4197 1467 4223 ι
1481 4179 1540 4230 Eac
1552 4188 1593 4228 ra-

368 4253 491 4308 verdello
501 4255 640 4320 qnondam
651 4257 797 4310 Exoniensi
806 4257 958 4325 Episcopo,
996 4258 1071 4313 tione
1093 4259 1331 4317 consecrationem
1362 4267 1506 4328 peractam
1528 4274 1592 4315 esse

374 4337 489 4390 lobanni
501 4337 673 4404 suffraganeo
684 4341 959 4406 Bedlordiensi,etc.·
996 4343 1167 4397 contendunt
1188 4350 1326 4411 quotquot
1346 4347 1373 4400 ei
1391 4345 1591 4414 suffragantur.

373 4421 495 4474 Proiecto
508 4421 598 4486 ipsum
610 4424 685 4488 quod
699 4424 796 4479 frustra
810 4433 962 4491 posuerunt
1031 4429 1089 4481 iss.
1099 4429 1159 4480 lam
1171 4442 1237 4483 vero
1249 4431 1319 4483 nibil
1332 4431 1381 4486 illo
1400 4433 1457 4487 ritu
1469 4434 1598 4488 contine·

399 4681 429 4733 (1)
437 4681 489 4720 Vide
498 4681 610 4724 ldilnernnr
624 4685 670 4726 loco
680 4687 752 4728 citato.
1022 4690 1047 4744 (t)
1057 4692 1088 4731 lie
1096 4695 1257 4736 consecratione
1265 4697 1429 4752 Episcoporum
1438 4702 1541 4746 Eoelenie
1551 4702 1598 4743 dn·

395 4751 427 4803 tt)
440 4750 505 4791 Plura
514 4750 593 4792 videsis
600 4754 658 4804 apud
668 4755 830 4809 Cbnmpnrenm,
842 4769 860 4800 o.
869 4760 910 4802 nir.
994 4761 1094 4813 glicann,
1102 4774 1123 4814 p.
1132 4768 1175 4804 itt.

1701 329 1713 467 Ι

1711 577 1718 718 l
