3792 5550
363 505 413 557 261
717 504 832 556 TRACT.
851 503 914 554 alt.
934 503 977 554 DE
994 500 1218 552 roustrnnrla.

363 619 412 672 sed
432 617 553 671 divinum
568 618 615 684 jus
634 619 746 683 urgeri,
762 629 843 682 poena
867 618 955 670 eecle-
987 621 1106 670 strorum
1124 615 1217 667 munia
1243 613 1394 680 explicare,
1423 615 1472 666 sed
1500 615 1582 668 dotes

364 706 483 758 siastieae
501 716 625 758 censurae
644 703 777 756 intentata
794 705 819 755 ei
842 705 888 769 qui
909 717 956 755 an·
987 702 1139 770 praesertim
1159 701 1259 767 quibus
1283 701 1375 753 ornari
1400 700 1523 760 debent,
1553 707 1583 754 et

364 806 430 844 num
441 793 577 857 integrum
590 790 615 842 ei
625 790 782 844 satisfacere
793 791 953 857 negligeret.
987 788 1115 854 Episcopi
1134 787 1162 838 in
1191 787 1311 854 regenda
1326 788 1449 840 Ecclesia
1460 787 1581 840 sollcito-

396 881 455 929 159.
470 877 529 942 Oli.
545 879 585 927 lt.
595 878 742 942 Apostolos
753 878 892 943 excepisse
905 877 954 929 ba·
987 875 1081 927 dinem
1100 875 1305 927 commendare.
1317 875 1453 926 Caeterum
1467 887 1529 939 quae
1546 875 1581 926 ad

364 962 524 1028 ptizatorum
540 961 683 1014 hominum
696 962 885 1015 confessiones
895 963 954 1014 nul·
987 961 1159 1014 Timotheum
1172 961 1302 1026 scripsit:
1321 981 1334 1006 «
1345 961 1445 1012 ltanus
1462 961 1516 1013 cito
1532 973 1582 1013 ne-

363 1047 412 1099 libi
433 1047 559 1112 legimus.
579 1048 616 1098 lie
635 1059 750 1098 munere
764 1059 812 1099 eas
825 1047 953 1099 audiendi
987 1047 1054 1098 mini
1076 1046 1261 1112 imposueris,
1280 1059 1372 1111 neque
1395 1047 1582 1099 communica-

363 1133 427 1185 ailet
447 1135 474 1184 s.
499 1134 601 1185 Paulus
618 1132 646 1183 in
668 1133 792 1198 eplstolis
811 1133 844 1185 ad
863 1133 955 1186 Timo·
986 1132 1060 1186 reris
1078 1134 1199 1198 peccatis
1217 1133 1328 1194 alienis;
1346 1132 1406 1184 »⁸a
1426 1134 1452 1184 S.
1464 1132 1585 1186 Paeiano

362 1219 457 1270 tlxeum
470 1224 497 1270 et
509 1218 614 1281 Titum,
629 1219 692 1271 licet
705 1219 798 1271 munia
812 1232 953 1272 sacrorum
987 1225 1013 1272 et
1034 1219 1095 1271 aliis
1112 1219 1147 1270 de
1168 1231 1300 1270 manuum
1320 1219 1499 1284 impositione
1521 1232 1584 1284 quae

363 1302 551 1355 ministrorum
569 1316 603 1355 ex
620 1304 743 1369 professo
761 1305 885 1370 explicet.
987 1303 1069 1356 tiebat
1081 1303 1250 1356 absolvendo
1271 1309 1432 1368 peccatores
1445 1303 1583 1368 explican-

397 1390 550 1453 1111111.
573 1390 627 1440 ltes
656 1395 741 1455 gestae
761 1391 954 1456 Apostolorum
986 1395 1030 1442 tur
1043 1403 1050 1438 ε
1065 1389 1124 1440 haec
1136 1388 1240 1441 scilicet
1259 1393 1362 1440 temere
1379 1388 1448 1440 lacta
1469 1400 1582 1442 consor-

362 1486 458 1538 paueae
472 1475 644 1536 referuntur,
670 1477 700 1526 et
727 1488 788 1538 qnae
805 1477 898 1540 potius
919 1476 954 1527 ad
985 1473 1053 1525 tium
1067 1476 1109 1527 est
1129 1473 1269 1538 quoddam
1281 1477 1460 1539 peecatorum
1480 1475 1581 1527 alieno·

363 1558 493 1611 Ecclesiae
518 1558 628 1612 exordia
655 1564 683 1610 et
705 1558 881 1612 diffusionem
896 1572 956 1625 per·
986 1573 1058 1611 rum.

363 1644 470 1709 tinent,
490 1659 572 1711 quam
591 1646 625 1698 ad
642 1647 795 1698 animarum
817 1646 952 1712 regimen.
1019 1647 1077 1696 161.
1098 1643 1216 1710 011211.
1235 1645 1320 1697 Nemo
1344 1649 1439 1710 potest
1458 1659 1508 1698 sua
1526 1659 1582 1698 om-

363 1733 497 1783 caeterum
520 1736 585 1796 post
601 1732 717 1784 relatum
735 1733 895 1786 daemoniaci
907 1734 955 1786 bo·
986 1730 1032 1782 nia
1045 1741 1190 1782 recensere
1199 1735 1327 1794 peccata,
1347 1730 1471 1796 ideoque
1491 1731 1582 1798 singu·

362 1815 445 1868 minis
459 1816 591 1882 impetum
609 1817 637 1868 in
647 1821 752 1883 septem
772 1817 841 1870 filios
853 1819 952 1881 Seera,
986 1815 1075 1867 lorum
1086 1820 1260 1880 peccatorum
1271 1827 1387 1868 examen
1401 1821 1429 1869 et
1443 1817 1581 1870 confessio

362 1902 428 1954 lesu
437 1901 637 1955 invocationem
650 1902 678 1953 in
697 1915 762 1955 suos
784 1916 852 1955 usus
870 1902 954 1954 adiri·
986 1899 1166 1966 impossibilis
1180 1906 1222 1952 est
1237 1915 1243 1950 :
1260 1903 1506 1956 «llaccamifieina
1520 1905 1580 1968 plus

363 1986 475 2049 bentes,
494 1987 594 2040 dicitur
617 1987 773 2039 innotuisse
799 1987 902 2039 tuuaeis
924 1993 954 2040 et
986 1997 1068 2050 quarn
1082 1985 1230 2038 crudeliter
1247 1985 1381 2039 divexatae
1400 1993 1466 2040 sunt
1482 2001 1578 2040 eorum

363 2072 515 2124 Gentilibus
532 2071 632 2137 Ephesi
646 2072 953 2134 morantibus,«etce·
985 2070 1097 2133 animae,
1119 2070 1166 2136 qui
1191 2070 1283 2136 aliquo
1303 2071 1351 2123 liei
1378 2085 1460 2124 sensu
1474 2072 1578 2126 afficie-

362 2156 428 2207 cidit
446 2157 529 2207 timor
546 2169 629 2221 super
645 2169 740 2208 omnes
753 2156 835 2218 illos,
856 2162 884 2210 et
894 2171 953 2209 ma·
984 2155 1115 2208 bantur.»
1128 2155 1139 2188 ⁴
1152 2156 1191 2208 lta
1203 2156 1341 2209 Calvinus.

363 2238 656 2303 gnificabaturnomen
670 2240 776 2292 bomini
796 2244 871 2294 lesu.
884 2245 953 2294 ltul·
1020 2242 1076 2292 161.
1098 2242 1175 2306 neap.
1206 2241 1307 2294 Satislit
1331 2243 1409 2295 oneri
1427 2243 1578 2297 confitendi

360 2322 437 2387 tique
450 2323 618 2376 credentium
637 2326 800 2389 veniebant,
820 2326 952 2380 confiten-
985 2327 1052 2379 dum
1074 2327 1136 2393 quis
1161 2339 1193 2380 ea
1210 2327 1431 2394 confiteturque
1443 2330 1579 2395 postdili-

365 2413 407 2459 tes
428 2412 457 2460 et
482 2410 677 2462 annuntiantes
701 2417 779 2464 aetus
800 2424 877 2464 suos.
890 2431 903 2458 n
918 2439 952 2452 -·
986 2425 1053 2479 gens
1077 2411 1254 2466 conscientiae
1278 2427 1393 2467 examen
1413 2417 1491 2470 novit
1511 2430 1527 2468 a
1547 2429 1578 2468 se

362 2496 447 2544 Πολλοί
464 2517 486 2544 rt
507 2506 546 2547 νῦν
569 2496 740 2546 emmonim
761 2501 849 2566 {pidem
871 2497 952 2564 ὅξσμο·
984 2502 1099 2562 1111111118.
1119 2496 1204 2564 Igitur
1224 2497 1292 2549 nihil
1310 2498 1577 2567 impossibileellig'i·

360 2583 489 2647 septuplam
515 2584 556 2633 zai
584 2582 762 2649 &emisam
788 2586 832 2638 rer
856 2585 952 2655 spirius
985 2587 1039 2647 tur,
1052 2585 1167 2636 nesulla
1180 2583 1337 2638 carnificina
1356 2584 1387 2637 fit
1400 2587 1574 2646 animarum

361 2675 439 2719 1111.
454 2670 463 2703 1
476 2698 507 2708 --
530 2670 627 2734 liquet
641 2670 737 2722 tideles
753 2671 801 2735 qui
819 2671 876 2737 jam
893 2683 953 2724 ere·
985 2669 1034 2722 sed
1048 2668 1152 2734 puritas
1166 2669 1342 2722 eonscientiae
1360 2671 1490 2736 lbvetur,
1510 2673 1578 2724 late·

362 2753 489 2806 uiderant
500 2792 507 2817 ‚
518 2754 750 2819 rerbopraeterito
767 2755 952 2821 notari,quos
984 2753 1049 2807 bras
1061 2765 1158 2808 omnes
1168 2755 1378 2821 perscrutando,
1388 2761 1416 2810 et
1425 2757 1576 2811 remedium

361 2839 473 2891 salutari
485 2840 584 2891 timore
596 2840 738 2903 perculsos
750 2840 869 2905 magicas
879 2845 952 2893 artes
985 2838 1085 2891 animae
1108 2840 1286 2905 impetratur,
1309 2842 1443 2907 expositis
1469 2844 1574 2897 medico

361 2928 389 2976 et
402 2924 625 2989 superstitionem
638 2937 747 2976 omnem
768 2925 879 2989 penitus
903 2926 952 2978 ab·
984 2922 1154 2975 vulneribus.
1171 2944 1183 2970 ι
1201 2925 1318 2991 lmpium
1336 2932 1397 2990 est,
1417 2948 1431 2974 1
1450 2928 1576 2994 inquiunt

263 3064 266 3069 ,
357 3008 459 3085 ¹jecisse
477 3022 509 3062 ea
528 3010 673 3063 occasione
693 3008 826 3077 contigit,
839 3010 952 3065 adeout
984 3010 1256 3074 Patreslridentinl,
1271 3012 1576 3081 «confessionemque

361 3092 414 3160 ipsi
425 3094 590 3147 accesserint
609 3094 651 3147 ‘sui
662 3101 852 3161 accusatores,
869 3102 898 3150 et
913 3097 952 3149 si·
972 3094 1036 3147 bac
1048 3094 1154 3148 ratione
1168 3095 1227 3149 lieri
1236 3098 1410 3163 praecipitur,
1422 3100 1577 3166 impossibi-

361 3180 475 3249 gillatim
489 3185 566 3233 actus
582 3192 649 3233 suos
659 3185 755 3233 contra
777 3180 899 3235 divinam
910 3182 951 3236 le·
983 3178 1038 3231 lem
1049 3179 1158 3244 dicere,
1168 3187 1215 3234 aut
1225 3182 1413 3235 carnificinam
1426 3184 1502 3236 illam
1515 3198 1577 3238 con·

361 3280 423 3334 gem
445 3267 617 3331 enarrarint,
646 3260 741 3329 libris,
765 3280 835 3333 quos
865 3280 950 3334 pravo
985 3264 1161 3319 scientiarum
1191 3269 1339 3333 appellare.
1365 3269 1481 3323 constat
1503 3270 1576 3323 enirn

359 3352 661 3405 studioconsueverant
683 3352 791 3418 legere,
810 3355 949 3420 apostolis
984 3351 1054 3403 nibil
1065 3350 1139 3404 aliud
1157 3352 1185 3404 in
1193 3352 1315 3407 Ecclesia
1337 3368 1353 3407 a
1378 3356 1577 3421 poenitentibus

360 3438 396 3491 ad
428 3438 646 3491 comburendum
685 3438 821 3493 traditis:
846 3440 949 3494 «Multi
984 3436 1072 3504 exigi,
1091 3443 1229 3503 quamut,
1244 3446 1391 3505 postquam
1405 3441 1577 3508 quisquedi-

360 3525 452 3574 autern
468 3536 501 3573 ex
524 3523 583 3585 eis,
601 3523 648 3587 qui
668 3522 892 3578 inerantcun'osa
905 3541 951 3580 se-
983 3522 1113 3588 ligentius
1126 3536 1156 3576 se
1176 3524 1347 3589 excusserit,
1360 3532 1387 3580 et
1397 3529 1577 3581 conscientia

358 3606 728 3672 etati,contulernntlibr0s,
746 3617 774 3662 et
792 3613 951 3667 combusse·
984 3620 1041 3661 suae
1053 3607 1129 3661 sinus
1145 3620 1242 3661 omnes
1253 3614 1280 3661 et
1289 3611 1409 3665 latebras
1419 3615 1578 3679 explorare-

360 3698 425 3743 runt
441 3703 534 3743 coram
566 3692 696 3745 omnibus
715 3698 767 3745 :et
786 3698 950 3762 computatis
983 3694 1035 3757 rit,
1057 3704 1090 3747 ea
1104 3699 1216 3760 peccata
1237 3695 1415 3761 confiteatur,
1433 3702 1532 3766 quibus
1544 3714 1578 3753 se

359 3776 456 3845 pretiis
478 3776 602 3838 illorum,
624 3776 786 3831 invenerunt
805 3780 949 3845 pecuniam
983 3778 1129 3833 bominum
1142 3786 1169 3833 et
1178 3782 1263 3833 beorn
1276 3794 1358 3835 suum
1369 3786 1520 3839 mortaliter
1533 3787 1579 3839 of-

361 3864 537 3917 denariornm
556 3864 752 3931 quinquaginta
774 3866 899 3919 millium.
913 3866 949 3916 »¹
982 3864 1104 3919 tendisse
1115 3865 1286 3919 meminerit:
1301 3870 1408 3935 reliqua
1418 3876 1580 3937 autempeo-

361 3950 438 4014 Quod
464 3948 622 4003 confessarii
648 3962 749 4002 munus
773 3964 829 4004 non
852 3964 950 4006 reeen-
983 3956 1061 4013 cata,
1075 3961 1136 4017 quae
1145 3952 1293 4019 diligenter
1311 3956 1446 4021 cogitanti
1463 3970 1517 4009 non
1528 3968 1579 4009 oc·

360 4037 447 4090 suerit
463 4038 580 4099 Paulus,
601 4047 656 4088 non
673 4036 763 4089 obstat
780 4052 787 4088 τ
806 4051 858 4091 nec
875 4038 947 4091 enirn
983 4040 1112 4097 cormunt,
1129 4036 1156 4087 in
1174 4038 1334 4091 universum
1356 4042 1580 4095 eademconies-

359 4122 413 4175 sibi
425 4122 569 4189 proposuit
581 4120 687 4187 singula
707 4132 848 4175 sacrorum
868 4122 949 4175 mint·
984 4120 1062 4175 sione
1070 4120 1175 4173 inclusa
1187 4134 1249 4174 esse
1262 4121 1463 4191 intelliguntur.
1475 4144 1487 4173 a
1499 4124 1510 4159 ⁸

388 4400 416 4450 (1)
426 4402 472 4440 dcl.
480 4402 522 4441 xix.
532 4404 564 4441 is.
574 4399 730 4441 Animadvertit
738 4400 863 4443 bloomlield
870 4415 876 4442 :
884 4415 895 4440 a
903 4403 949 4443 'ibe
984 4400 1029 4441 sins
1038 4399 1063 4439 oi
1069 4411 1131 4453 every
1139 4400 1199 4441 kind.
1209 4416 1219 4438 ι

359 4468 496 4519 expressions
515 4480 552 4509 are
570 4470 642 4522 nearly
652 4479 798 4523 synonymous
807 4498 814 4522 ,
822 4472 863 4511 and
871 4470 948 4513 denote
1007 4467 1034 4519 (2)
1043 4466 1123 4508 ibidem
1135 4473 1166 4509 lt·
1176 4471 1202 4520 131
1212 4471 1229 4510 1.
1239 4471 1294 4513 Tim.
1309 4486 1330 4515 1.
1339 4478 1374 4517 tt.

358 4536 420 4575 iranlr
434 4537 475 4575 and
492 4547 549 4587 open
569 4538 689 4579 confession
701 4539 767 4591 ,111111
777 4550 789 4579 a
806 4540 949 4581 narrationes
1007 4536 1033 4589 (1]
1043 4536 1095 4577 inti·
1105 4537 1119 4577 l·
1133 4536 1165 4577 iii·
1176 4548 1194 4578 c·
1205 4538 1232 4579 iv-
1243 4552 1265 4581 n.
1274 4548 1304 4582 11.

357 4603 387 4642 ali
396 4603 571 4645 circumstances.
582 4606 611 4656 111
628 4608 664 4647 the
673 4592 768 4659 πραξυν
779 4622 815 4651 are
830 4611 945 4664 especially
1006 4606 1033 4658 (1)
1043 4609 1100 4647 Sese.
1110 4606 1150 4648 xit.
1160 4618 1207 4660 cap.
1216 4619 1237 4650 1.

358 4678 429 4712 meant
439 4672 530 4725 mugiret
540 4675 657 4729 practices,
674 4678 758 4730 though
775 4681 822 4721 also
838 4681 948 4734 including
