3792 5550
535 571 605 628 nar.
622 570 655 624 rt.
675 568 719 626 nn
736 566 941 624 sannuncurt
961 565 1225 620 urursrulrrnuu.
1437 549 1487 618 soa

283 714 295 741 r
311 692 419 748 interim
450 702 513 757 quae
532 689 677 756 Apostolus
698 686 816 740 lacobus
838 684 865 736 ln
898 689 1016 737 constat.
1032 682 1199 736 Venerabilis
1217 682 1290 738 Beda
1300 681 1328 734 in
1338 687 1417 748 capul
1428 695 1488 735 sen·

281 793 329 836 sua
350 775 482 832 canonica
502 779 609 837 narrat,
630 773 664 825 ab
684 772 793 824 bisnon
810 769 865 821 dis·
901 776 958 821 tum
982 769 1062 823 tlarci
1087 769 1230 833 scribens,
1253 769 1349 824 Jacobl
1370 771 1492 822 testimo·

281 863 416 924 mutiunt,
435 859 529 914 scribit
549 858 622 912 enim
644 872 650 908 ι
670 875 687 906 n
713 856 867 908 lufirmatnn
901 856 977 908 nium
1003 857 1037 909 ad
1066 856 1132 910 illud
1158 856 1350 909 illustrandum
1373 857 1491 919 recitat,

283 949 375 1017 »quis
393 948 421 1002 iu
439 944 540 1000 uobis?
557 949 609 998 etc.
630 941 665 992 »¹
684 941 762 1005 Quod
775 946 867 994 autem
901 942 1071 1008 subjungens
1097 955 1104 992 ι
1129 961 1141 987 r
1165 940 1241 994 Unde
1267 947 1342 1007 patet
1368 941 1402 993 ab
1422 941 1492 1006 ipsis

283 1036 309 1090 tn
328 1029 459 1101 operibns
476 1028 615 1097 plerisque
636 1040 698 1094 quae
718 1030 869 1092 supersunt
901 1029 1038 1094 Apostolis
1052 1030 1235 1083 ltuucsnnctae
1251 1029 1377 1083 Ecclesiae
1386 1041 1490 1082 morem

283 1133 336 1176 nou
358 1120 590 1172 commemoretur
617 1114 709 1166 unctio
732 1118 868 1172 extrema,
902 1129 964 1169 csse
977 1115 1120 1179 traditum,
1141 1122 1172 1169 ut
1191 1115 1493 1183 energumeni,relalli

284 1202 467 1272 0011111111ῑὸ
479 1198 693 1266 adprnpnsitum
705 1197 868 1263 80Γί1110111111
902 1203 1018 1268 quilibet
1034 1203 1129 1268 aegroti
1153 1208 1288 1269 ungantur
1305 1204 1383 1265 oleo,
1405 1203 1493 1268 ponti·

285 1304 336 1346 uon
348 1287 520 1358 pertinebat:
534 1290 599 1338 sunl
616 1285 690 1338 enim
708 1283 870 1349 plerumque
903 1287 974 1342 dcali
983 1287 1173 1342 benedictione
1185 1288 1385 1342 consecrato.»⁸
1399 1291 1493 1341 lltrum

284 1376 583 1432 lideiriudlciaecontra
608 1370 871 1435 ethnicos,velcou·
903 1373 1060 1442 benedictio
1085 1373 1120 1428 sit
1141 1386 1255 1440 prorsus
1281 1375 1435 1428 necessaria
1465 1380 1496 1427 ut

286 1470 323 1518 tra
339 1475 448 1518 errores
471 1467 535 1514 tunc
559 1464 733 1526 grassantes,
759 1463 786 1509 et
810 1455 871 1521 ipsa
904 1457 1118 1523 valcatunctio,
1139 1471 1195 1512 non
1209 1464 1327 1526 constat,
1348 1460 1494 1526 theologis

287 1562 345 1614 quae
367 1548 402 1602 de
420 1546 606 1600 sacramentis
626 1548 729 1610 agunt,
747 1541 783 1596 ad
799 1547 872 1593 cate-
904 1544 980 1599 uarie
1009 1544 1200 1598 sentientibus.
1227 1545 1389 1600 sacerdotes
1410 1546 1496 1600 Graeci

286 1634 499 1690 cbumenoslere
510 1631 614 1685 directa
628 1636 874 1694 supt,ouosopor·
906 1636 933 1682 et
943 1630 1051 1684 Armeni
1066 1630 1117 1696 ipsi
1130 1630 1296 1686 benedicunt
1315 1632 1426 1696 oleum,
1449 1645 1498 1684 an·

286 1720 400 1774 tebalde
412 1718 448 1770 iis
461 1729 522 1784 qum
534 1727 597 1769 mox
610 1712 784 1779 suscipienda
796 1717 874 1764 erant
908 1719 1017 1780 tequam
1042 1721 1144 1782 ungant
1164 1715 1301 1770 infirmum
1315 1755 1323 1781 ,
1339 1717 1350 1751 ⁴
1368 1718 1413 1784 qui
1435 1730 1496 1771 mos

286 1805 407 1860 edocere.
424 1802 558 1869 Equidem
584 1811 646 1852 raro
666 1796 815 1850 admodum
839 1794 874 1847 de
907 1811 963 1852 non
983 1805 1025 1853 cst
1043 1800 1368 1868 improbatuszquamrls
1385 1804 1497 1868 Episco-

287 1894 406 1946 Extrema
432 1889 564 1942 Unctioue
577 1882 825 1951 impraesentiarum
845 1881 873 1935 iu
907 1896 1005 1949 porum
1025 1885 1096 1952 apud
1115 1886 1225 1940 Latinos
1248 1887 1346 1954 jussit
1368 1887 1497 1953 speciale.

287 1977 369 2030 sacris
401 1973 584 2030 concionibus
611 1970 721 2038 agitur,
750 1965 875 2034 qrramris
908 1971 1263 2025 Consecratursolemuiter
1280 1971 1383 2025 leriav.
1401 1973 1498 2025 incle-

290 2062 409 2129 quotidie
441 2059 625 2120 ministretur,
643 2054 743 2122 praeuia
778 2054 876 2107 instru-
908 2055 1072 2109 uallomlui.
1093 2055 1192 2108 Paulus
1212 2057 1231 2108 v
1253 2056 1298 2110 die
1323 2058 1497 2111 tetenderit

290 2147 377 2202 etiem
388 2147 434 2200 bis
446 2145 548 2212 quibus
560 2150 602 2197 est
613 2139 802 2196 ministranda.
910 2143 975 2194 ¹655
1001 2140 1148 2195 declararit
1172 2142 1343 2196 temerariam
1366 2149 1394 2198 et
1411 2144 1499 2209 prori-

320 2232 438 2299 tsorj.
453 2235 485 2284 ld
515 2230 554 2282 nb
577 2227 876 2292 lleracleonitis,quos
909 2240 982 2280 mam
1009 2227 1094 2282 errori
1122 2228 1358 2296 propositionem,
1382 2250 1394 2276 α
1423 2230 1497 2296 rpuod

290 2324 422 2374 memorat
453 2315 612 2380 lrcnaeus,²
629 2315 698 2367 ritus
722 2311 876 2380 inungendi
910 2315 1115 2366 Sacramentum
1151 2316 1284 2368 Extremae
1325 2315 1495 2380 Unctiouis,

291 2403 468 2459 moribundos
492 2402 655 2467 desumptus
680 2399 788 2454 ridetur
809 2414 815 2448 z
838 2398 876 2450 illi
910 2399 972 2452 olco
993 2398 1143 2465 episcopali
1156 2399 1347 2453 benedictione
1359 2413 1414 2454 non
1432 2413 1498 2455 con·

291 2491 361 2544 enirn
374 2492 465 2545 oleum
478 2501 557 2554 aquae
580 2487 732 2540 immixtum
744 2485 825 2550 capiti
839 2485 879 2536 in·
911 2490 1033 2543 secrato,
1060 2485 1209 2537 ministrari
1240 2486 1330 2540 aalide
1361 2487 1458 2552 possit.
1484 2507 1496 2532 a

288 2574 431 2640 liniebant,
450 2571 670 2626 invocationibus
688 2570 811 2636 adjectis.
912 2568 1058 2636 Gregorius
1070 2571 1133 2621 llll.
1148 2571 1193 2622 die
1207 2572 1238 2620 11
1257 2572 1424 2637 septembris
1436 2574 1499 2624 iltis

321 2663 365 2714 ts.
380 2663 458 2724 llcsp.
471 2660 539 2710 ‘loto
548 2657 618 2710 coelo
630 2656 714 2707 distat
724 2655 790 2706 ritus
803 2665 880 2706 sacer
912 2654 1074 2718 approbarit
1102 2653 1242 2707 decretum
1264 2657 1291 2708 S.
1313 2657 1446 2722 congreg.
1470 2659 1499 2709 S.

290 2759 373 2814 quem
393 2744 525 2811 Apostolo
545 2742 767 2809 obtemperantes
777 2738 881 2807 peragi·
914 2738 1101 2807 inquisitionis
1113 2740 1179 2793 illud
1190 2753 1302 2809 negans.

291 2845 367 2896 mus,
378 2844 394 2885 a
406 2830 530 2897 profanis
553 2827 802 2881 lteracleeuitarum
816 2838 881 2879 mo·
946 2828 989 2877 ll.
1007 2846 1019 2872 «
1037 2827 1162 2880 lufirmns
1175 2828 1319 2895 ungendus
1333 2835 1388 2892 est,
1403 2848 1414 2876 n
1426 2829 1502 2897 juxta

292 2918 387 2972 ribus:
406 2928 458 2969 uec
479 2914 552 2969 enim
573 2910 882 2980 aquamoleoinllrmo·
915 2911 1054 2964 decretum
1078 2926 1128 2978 pro
1152 2914 1294 2979 armenis,
1320 2934 1332 2961 1
1356 2914 1383 2967 in
1415 2916 1504 2969 oculis

294 3018 352 3058 rum
364 3002 573 3063 immiscemus,
591 3012 682 3067 neque
692 3010 795 3052 uoces:
811 3000 882 3051 «Ba-
914 3004 1026 3069 propter
1043 2999 1132 3053 visum
1143 3038 1151 3064 ,
1164 3000 1191 3052 in
1210 3001 1323 3061 auribus
1339 3008 1503 3068 propterau·

294 3101 395 3151 sema,
425 3088 581 3149 Chamose,
611 3088 741 3138 Baaeuora
763 3121 772 3147 ,
796 3091 878 3136 etc.»
916 3085 1020 3149 ditum,
1040 3086 1067 3137 in
1085 3086 1323 3154 naribusprepter
1339 3088 1503 3152 odoratum,

295 3173 474 3239 proterimus,
495 3183 586 3236 neque
620 3176 745 3224 mertuos
775 3168 882 3235 inungi·
915 3173 1508 3236 rnorepropterguclnrn,vellocutionem,-

294 3271 364 3313 mus.
916 3254 944 3306 in
955 3254 1081 3307 manibus
1092 3262 1203 3321 propter
1218 3261 1334 3319 lactum,
1348 3256 1374 3307 in
1388 3256 1504 3321 pedibus

917 3347 1029 3406 propter
1052 3353 1195 3406 gressum,
1219 3340 1247 3393 in
1268 3341 1380 3395 reuibus
1394 3348 1504 3408 prepter

503 3429 607 3481 CAPUT
624 3427 656 3479 ll.
917 3424 1129 3479 detentationem
1139 3424 1240 3479 ibidem
1249 3425 1396 3493 rigentem.
1410 3446 1440 3472 »r
1453 3428 1503 3481 lle·

918 3511 1504 3577 numunctio,»lnquitliitnalellomanum,

378 3614 412 3653 ne
427 3612 582 3654 samusart
598 3610 799 3653 arnnrnmrenc.
920 3618 933 3645 α
952 3598 979 3650 ln
999 3598 1160 3651 mulieribus
1178 3598 1328 3653 honestatis
1340 3598 1425 3665 gratia
1438 3611 1507 3652 scm·

817 3740 820 3745 ,
917 3697 968 3751 per
986 3683 1140 3749 omittitur,
1159 3690 1242 3751 atque
1267 3684 1348 3739 etiam
1376 3684 1404 3737 in
1424 3683 1507 3748 siris,

326 3771 520 3824 delictorem
530 3771 698 3824 sacramenti
711 3772 885 3835 esseoleum,
918 3770 1030 3837 quando
1043 3770 1167 3823 infirmus
1179 3769 1324 3823 commode
1333 3768 1436 3824 moveri
1449 3781 1505 3823 non

299 3864 329 3904 ex
348 3853 442 3907 iacobi
455 3853 546 3907 uerbis
567 3854 675 3921 liquet;
695 3869 751 3921 quo
773 3857 885 3911 nomine
919 3862 1045 3922 potest.»
1063 3857 1239 3910 Consuetudo
1259 3855 1412 3921 aliquorum
1435 3855 1509 3908 loco·
1607 3860 1608 3863 ’

299 3937 389 3992 oleum
402 3938 482 3991 olivae
495 3938 667 4004 intelligitur,
677 3939 783 3992 adeout
794 3941 885 3993 oleum
919 3955 980 3993 rum
998 3946 1042 3993 cst
1058 3947 1213 4006 nt·semper
1223 3941 1374 4003 omittatur,
1387 3943 1468 4004 pront
1479 3939 1507 3989 in

299 4027 457 4085 cetaceum,
476 4022 520 4075 rel
545 4022 618 4087 quod
640 4021 816 4075 distillatione
841 4036 886 4075 ex·
919 4024 1069 4077 Foederatis
1083 4025 1125 4076 bis
1139 4024 1296 4089 provinciis.
1308 4024 1394 4077 Pedes
1407 4023 1467 4075 allis
1480 4023 1509 4074 in

298 4109 423 4175 primitur
443 4121 476 4162 ex
488 4121 559 4175 aqna
572 4108 747 4175 oleaginosa,
760 4121 815 4162 non
827 4122 888 4175 pos·
921 4110 989 4163 loeis
1007 4122 1061 4163 non
1083 4114 1232 4176 unguntur.
1246 4107 1470 4176 Magnavarietas
1481 4107 1509 4159 in
1589 4132 1592 4139 ·

299 4193 339 4274 sit
362 4191 496 4247 adbiberi.
521 4193 742 4247 benedicendum
770 4206 833 4247 esse
855 4209 888 4249 ex
921 4194 1036 4250 uetustis
1061 4193 1229 4260 temporibus
1251 4193 1385 4260 permissa
1411 4197 1453 4245 est
1475 4192 1512 4245 tle

299 4280 496 4335 consuetudine
528 4286 557 4334 et
594 4278 724 4334 mandato
760 4282 888 4337 Ecclesiae
920 4281 1044 4349 partibus
1057 4280 1209 4348 ungendis,
1231 4281 1301 4335 adeo
1319 4284 1349 4333 ut
1362 4292 1405 4333 res
1427 4278 1512 4332 sitdi-

322 4560 350 4612 υ)
360 4560 421 4603 Com.
431 4563 452 4603 iu
463 4562 527 4608 liare.
536 4575 560 4617 p.
568 4569 601 4606 st.
616 4562 638 4607 iu
646 4562 822 4627 editlngelstad.
832 4573 885 4610 talto.
950 4568 976 4619 ll)
993 4562 1045 4607 ilde
1055 4565 1171 4609 Arcadium
1182 4566 1196 4607 l.
1206 4573 1225 4608 t.
1235 4565 1358 4607 Concordia
1366 4578 1385 4606 c.
1396 4566 1418 4605 il.
1427 4572 1447 4606 ct
1461 4566 1513 4607 Leo-

324 4630 384 4681 (²)11·
400 4637 421 4671 l.
438 4631 486 4672 adr.
503 4633 551 4673 ber.
570 4645 589 4673 e.
606 4634 664 4676 xviii.
682 4635 763 4677 l'idact
773 4637 852 4688 ‚lug.l.
862 4639 889 4680 do
923 4649 972 4678 ucrn
987 4637 1088 4677 attaliam
1100 4637 1148 4677 tde
1162 4640 1267 4678 consensu
1289 4637 1402 4689 utriusque
1412 4636 1513 4677 Ecclesiae

300 4697 351 4741 bar.
361 4712 381 4740 c.
390 4701 432 4743 xri.
441 4707 463 4741 et
472 4702 617 4756 Epiphaniam
626 4705 678 4747 ltmr'.
688 4706 757 4747 ucri.
923 4718 942 4747 c.
952 4706 980 4745 ri:
992 4706 1129 4748 benedictum
1143 4706 1197 4748 llll.
1211 4706 1238 4748 de
1253 4706 1338 4759 synodo
1356 4705 1481 4747 llioececanc
1497 4704 1513 4742 1.

328 4768 354 4818 lt)
364 4767 386 4809 l..
396 4768 419 4811 ii.
429 4780 449 4810 c.
456 4769 511 4811 azir.
924 4774 969 4816 viii.
979 4786 998 4815 c.
1008 4774 1053 4817 rrii.
