3792 5550
369 542 420 594 266
727 539 841 590 intur.
858 537 921 588 xtv.
941 537 983 588 DE
1001 537 1225 592 ronnlrnnrtl.

368 657 477 723 publiea
503 655 596 708 delicti
626 653 746 722 agnitio;
773 653 822 706 sed
851 657 962 718 peccata
999 653 1058 719 eius
1071 654 1246 720 perceptione
1256 654 1363 709 duxerit
1375 655 1591 710 abstinendum:

370 743 478 796 occulta
498 742 660 807 plerumque
683 738 830 791 luebantur
854 739 963 790 confes·
999 738 1120 804 alioquin
1135 746 1162 792 et
1172 739 1265 794 vivens
1275 741 1309 793 ab
1322 741 1596 808 Ecclesiaeiugressu

370 829 449 881 sione
467 832 582 880 secreta.
610 825 712 877 saitem
737 824 812 876 nulla
829 823 960 876 Ecclesiae
998 830 1132 889 arceatur,
1147 831 1174 878 et
1186 827 1307 880 moriens
1331 827 1481 880 christiana
1501 834 1595 881 eareat

368 912 530 966 universalis
553 912 614 976 lege
644 921 764 976 uuquam
794 916 962 975 praeceptum
998 910 1199 975 sepultura.»¹

370 1006 414 1051 est
430 1003 461 1049 ut
471 995 642 1049 occultorum
653 994 816 1046 delictorum
827 993 905 1046 lieret
916 1007 963 1059 pu-

369 1083 439 1134 bliea
460 1079 614 1139 contessio;
635 1092 827 1144 necunquam
863 1079 963 1131 alieubi
1218 1081 1322 1134 clear
1338 1085 1369 1134 V.

369 1166 489 1221 obtinuit
507 1178 568 1218 mos
578 1164 670 1218 omnia
683 1165 788 1230 absque
802 1163 962 1216 discrimine

368 1258 479 1318 peccata
488 1251 598 1317 publice
612 1251 640 1302 iu
656 1258 729 1303 coetu
742 1250 863 1302 lidelium
876 1248 962 1302 conli-
1112 1269 1115 1276 ¹
1174 1267 1207 1305 nr
1223 1266 1422 1306 sarrsrlcrroue.

369 1339 463 1392 teudi:
478 1337 597 1404 quisaue
607 1337 651 1391 vix
668 1336 750 1390 bonis
763 1335 887 1389 moribus
898 1347 959 1387 cou-
1001 1352 1011 1366 ·

368 1424 488 1485 reniret,
511 1430 539 1476 et
562 1422 692 1475 immania
725 1433 819 1473 seeum
841 1421 961 1471 traheret

369 1509 554 1562 incommoda.
1031 1506 1088 1555 lll.
1109 1507 1175 1556 Tres
1185 1505 1423 1571 essepoeuiteutiae
1435 1509 1529 1570 partes
1540 1510 1591 1558 tra·

404 1597 461 1646 169.
473 1597 511 1645 lix
529 1593 588 1658 ipsa
600 1591 783 1645 confessionis
803 1594 902 1643 natura
915 1603 961 1642 se·
996 1588 1038 1640 dit
1054 1589 1205 1642 concilium
1226 1589 1436 1652 tridentinum,
1451 1591 1591 1644 contritio·

370 1681 475 1747 quitur
492 1679 690 1732 confessarium
705 1677 859 1734 arctissime
873 1675 960 1728 teneri
997 1686 1059 1725 uem
1072 1673 1190 1736 seilicet,
1204 1675 1409 1727 contessionem
1436 1680 1464 1728 et
1486 1677 1592 1728 satisia·

369 1767 402 1819 ad
429 1764 543 1818 celanda
564 1763 656 1816 omnia
678 1775 741 1827 quae
766 1760 866 1814 luerint
886 1760 960 1826 apud
997 1759 1125 1811 ctionem.
1148 1759 1348 1825 satisfactionis
1367 1760 1482 1812 nomine
1495 1761 1591 1813 intelli·

370 1865 433 1905 eum
445 1848 691 1911 sacramentaliter,
703 1847 743 1899 uti
760 1847 852 1908 alunt,
876 1845 961 1910 depo·
997 1845 1070 1911 gitur
1082 1857 1153 1910 opus
1175 1845 1202 1897 in
1223 1858 1333 1910 poenam
1346 1846 1453 1911 peceati
1472 1859 1589 1900 asacer·

1088 1379 1110 1440 i.
1131 1382 1155 1431 l.
1175 1382 1219 1467 De
1237 1381 1322 1433 Poeaa
1341 1381 1498 1445 temporati.

370 1938 441 2000 sita,
460 1936 488 1988 iu
508 1937 687 1988 confessione
704 1933 852 1986 seilicetad
863 1945 960 1997 pecca-
996 1928 1288 1995 dotelujuuotum,eta
1307 1931 1460 1995 poenitente
1471 1937 1591 1997 accepta·

369 2028 460 2074 torum
470 2019 661 2072 remissionem
680 2018 903 2084 consequendam
919 2017 962 2069 di·
996 2019 1063 2066 tum.
1075 2014 1143 2066 lllud
1160 2016 1215 2080 jam
1228 2028 1277 2080 pro
1288 2017 1430 2082 explorato
1440 2017 1590 2081 babemus,

371 2103 700 2157 rectaliinccoucilium
715 2104 898 2154 lateranense
917 2103 958 2152 lV.
997 2100 1136 2152 homiuem
1155 2100 1223 2152 nibil
1249 2114 1332 2166 posse
1352 2101 1444 2155 facere
1470 2115 1526 2168 quo
1554 2104 1592 2156 ob

370 2192 492 2243 decrevit
509 2205 545 2240 :«
557 2192 655 2242 caveat
672 2188 786 2240 omniuo
799 2201 843 2244 ne
858 2187 960 2250 verbo,
997 2185 1123 2251 iniuriam
1146 2189 1201 2240 lleo
1213 2193 1326 2253 peccato
1347 2189 1497 2256 irrogatam
1509 2189 1591 2242 satis·

370 2276 414 2327 vel
426 2274 523 2338 siguo,
541 2274 583 2325 vel
596 2272 650 2324 alio
661 2271 759 2336 quovis
769 2270 852 2324 modo
861 2271 961 2335 prodat
997 2270 1044 2323 liat
1054 2285 1061 2321 :
1071 2276 1099 2323 et
1115 2272 1274 2336 poeuitentis
1298 2286 1413 2339 operum
1437 2279 1525 2327 totam
1536 2274 1590 2327 uir·

370 2357 544 2422 aliquatenus
561 2361 753 2420 peecatorem
776 2355 825 2407 sed
846 2355 869 2406 st
895 2369 961 2420 pru·
996 2360 1082 2408 tutem
1105 2369 1121 2407 a
1142 2357 1228 2422 gratia
1249 2357 1296 2410 llei
1319 2359 1455 2420 derivari,
1474 2359 1589 2412 necuisi

370 2441 488 2495 deutiori
498 2441 615 2494 consilio
626 2439 790 2505 indiguerit,
808 2439 875 2491 illud
895 2440 962 2492 abs·
996 2440 1096 2493 Christi
1122 2441 1282 2494 meritorum
1308 2442 1409 2495 intuitu
1431 2445 1487 2496 ileo
1508 2456 1590 2508 posse
1659 2477 1665 2492 .

352 2540 424 2593 ,que
451 2527 506 2578 ulla
528 2525 705 2592 expressione
727 2536 854 2590 porsouae
882 2529 961 2578 caute
997 2525 1169 2591 aliquatenus
1177 2539 1240 2578 esse
1252 2534 1406 2592 acceptum.
1426 2527 1514 2594 Igitur
1526 2529 1589 2579 dum

369 2611 491 2677 requirat
516 2627 523 2662 ε
548 2610 678 2676 quoniam
699 2610 745 2675 qui
768 2617 910 2675 peceatum
931 2611 960 2661 in
997 2610 1031 2662 de
1043 2611 1234 2676 penitentium
1247 2613 1589 2680 satisfactione,quateuus

370 2697 551 2762 poenitentiali
561 2695 665 2761 judicio
677 2695 877 2748 sibideteetum
889 2708 961 2760 prae-
996 2696 1032 2749 ad
1050 2698 1255 2750 Sacramentum
1274 2699 1408 2764 pertinet,
1430 2700 1463 2751 fit
1484 2713 1587 2761 sermo,

369 2784 518 2847 sumpserit
544 2783 680 2843 revelare,
707 2793 763 2834 uon
787 2781 876 2833 solum
889 2794 905 2833 a
917 2794 961 2833 sa·
996 2783 1022 2834 id
1044 2788 1150 2836 tautum
1166 2784 1361 2851 intelligimus,
1385 2800 1471 2853 opera
1491 2788 1518 2839 iu
1533 2800 1589 2853 poa·

370 2866 503 2918 cerdotali
516 2866 606 2918 olileio
627 2864 822 2929 deponendum
836 2865 961 2917 decerni·
996 2880 1060 2919 nam
1072 2869 1177 2934 peceati
1189 2883 1205 2921 a
1218 2871 1362 2925 sacerdote
1374 2872 1482 2938 iniungi
1493 2885 1587 2937 posse,

370 2961 450 3009 mus,
462 2961 557 2999 verum
575 2948 656 3000 etiam
672 2948 706 3000 ad
720 2948 853 3014 agendam
863 2963 961 3015 perpe·
996 2966 1083 3018 eaque
1101 2954 1151 3007 rite
1164 2963 1290 3021 peracta,
1308 2971 1358 3022 per
1370 2958 1513 3010 christum
1525 2970 1587 3023 pro-

368 3040 445 3089 tuam
465 3032 665 3097 paenitentiam
699 3032 727 3084 iu
762 3034 959 3085 monasterium
996 3038 1077 3091 desse
1101 3040 1134 3092 ad
1156 3054 1253 3106 poeuas
1277 3044 1445 3109 temporales
1471 3043 1588 3110 peccatis

369 3116 581 3170 detrudendum.
594 3135 606 3162 ι
618 3115 627 3148 ¹
996 3123 1235 3180 debitaslueudas.
1258 3131 1294 3180 be
1307 3128 1368 3194 ipso
1377 3136 1457 3183 reatu
1469 3129 1588 3195 peccati,

403 3204 461 3255 litt.
484 3203 555 3255 Nihil
578 3201 652 3255 aliud
670 3214 685 3253 a
710 3201 831 3256 Concilio
851 3205 960 3257 Latera·
997 3209 1077 3262 etde
1095 3212 1237 3277 suppliciis
1249 3215 1446 3266 aeternisnulla
1461 3219 1504 3266 est
1517 3226 1589 3279 quae·

369 3288 448 3342 neusi
464 3287 499 3341 de
517 3288 685 3355 obligatione
702 3288 852 3341 confitendi
877 3295 957 3343 statu·
997 3294 1066 3357 sti03
1086 3308 1118 3348 ea
1139 3297 1213 3349 enim
1237 3300 1313 3351 nullo
1338 3300 1462 3352 hominis
1490 3303 1589 3352 conatu

368 3381 427 3435 tum
439 3374 608 3435 censendum
628 3380 687 3437 est,
710 3388 793 3439 quam
814 3381 845 3427 ut
868 3377 960 3431 divino
995 3380 1069 3441 tolli,
1082 3382 1130 3434 sed
1143 3382 1329 3435 uniusclrristi
1348 3384 1455 3437 meritis
1472 3387 1587 3437 constat.

368 3465 505 3524 praecepto
531 3460 583 3511 hae
606 3459 641 3511 de
660 3473 690 3512 re
710 3461 795 3512 semel
815 3461 912 3513 saltem
930 3462 959 3513 iu
1031 3466 1088 3516 tra.
1102 3468 1178 3530 tam,
1198 3467 1229 3519 ia
1248 3471 1367 3521 tractata
1379 3470 1412 3520 de
1425 3468 1537 3529 Gratia,
1555 3468 1589 3519 de

368 3554 442 3594 auno
468 3544 601 3605 satisfiat,
633 3556 714 3607 poeua
742 3546 960 3597 excommunica·
996 3548 1137 3614 oratione,
1156 3552 1260 3617 ieiunio
1282 3557 1310 3605 et
1330 3554 1517 3621 eleemosynis
1534 3553 1589 3605 dis·

368 3625 452 3678 tionis
462 3626 667 3691 negligentibus
679 3628 829 3711 intentata:
843 3632 960 3685 «Omnis
997 3636 1152 3698 senuimus,
1162 3650 1250 3702 eaque
1262 3639 1335 3691 bona
1352 3652 1439 3705 opera
1451 3640 1588 3693 ritevoaa-

369 3708 513 3773 utriusque
538 3723 619 3762 sexus
640 3710 747 3775 tidelis,
766 3718 910 3779 postquam
923 3718 958 3769 ad
996 3718 1035 3782 ri,
1058 3726 1086 3771 et
1105 3723 1259 3775 mercedem
1288 3724 1360 3788 apud
1380 3727 1468 3777 lleum
1492 3722 1587 3776 mereri

367 3804 457 3845 annos
482 3792 658 3869 discretionis
676 3801 846 3863 pervenerit,
866 3802 959 3856 omnia
996 3804 1178 3858 ostendimus.
1195 3806 1234 3857 Ad
1251 3808 1310 3859 haec
1324 3806 1376 3860 tria
1392 3809 1586 3876 velutigenera

368 3888 419 3939 sua
438 3878 515 3944 solus
536 3884 646 3944 peccata
658 3880 820 3935 confiteatur
832 3884 958 3954 fideliter,
996 3887 1089 3940 omnia
1111 3890 1279 3955 poenitentiae
1298 3905 1383 3958 opera
1405 3901 1569 3949 revocantur

367 3961 466 4028 saltem
479 3966 564 4016 semel
574 3964 601 4016 in
615 3977 687 4019 anno
697 4004 706 4029 ,
716 3969 826 4033 proprio
837 3974 962 4027 sacerdo·
994 3973 1067 4039 quod
1079 3974 1151 4027 euim
1162 3976 1261 4029 dieitur
1271 3978 1343 4042 apud
1356 3979 1475 4033 'lobiam
1492 3995 1500 4032 ε
1515 3982 1588 4031 «lto

366 4046 404 4107 ti,
419 4052 447 4098 et
464 4048 614 4115 injunctam
628 4049 681 4102 sibi
695 4053 884 4115 penitentiam
903 4064 961 4110 stu·
994 4070 1028 4110 na
1039 4064 1082 4110 est
1101 4060 1188 4113 oratio
1201 4074 1263 4113 cum
1278 4063 1386 4128 jejunio
1398 4071 1428 4117 et
1438 4067 1587 4130 eleemosy-

366 4130 431 4198 deat
440 4145 490 4197 pro
516 4133 619 4187 viribus
631 4134 794 4201 adimplere,
807 4140 960 4205 suscipiens
994 4155 1046 4204 ua,
1060 4159 1072 4189 a
1084 4141 1095 4176 ⁸
1105 4146 1197 4198 omnia
1217 4149 1414 4212 complectitur
1430 4166 1437 4201 :
1453 4170 1466 4196 α
1480 4150 1587 4217 ieiunio

366 4225 524 4271 reverenter
542 4219 577 4270 ad
591 4220 683 4272 minus
696 4221 725 4272 iu
739 4223 841 4275 Pascha
853 4225 958 4278 llueha-
994 4226 1100 4283 seilicet
1109 4266 1117 4293 ,
1127 4249 1139 4276 i
1150 4231 1189 4283 uti
1201 4232 1585 4303 animadvertitdugustinus,

366 4298 452 4352 ristiae
461 4304 666 4355 Sacramentum
679 4319 686 4354 ι
698 4305 752 4357 uisi
765 4305 835 4359 sorte
847 4307 883 4359 de
894 4321 960 4361 cou-
992 4310 1028 4366 de
1046 4312 1145 4365 Christi
1158 4327 1286 4368 sermone
1302 4318 1423 4383 loquens
1436 4358 1444 4381 ,
1455 4342 1468 4367 a
1480 4322 1588 4373 univer-

365 4382 429 4435 silio
449 4388 554 4452 proprii
575 4388 744 4449 sacerdotis,
774 4391 811 4443 ob
839 4392 958 4457 aliquam
992 4401 1587 4473 samcorportsgcastlgationemsignificans

366 4466 556 4548 rationabilem
576 4483 704 4536 eausam,
727 4474 760 4525 ad
789 4479 897 4541 tempus
924 4479 960 4530 ab
993 4479 1176 4548 eleemosynis
1196 4496 1306 4538 omnem
1323 4487 1547 4544 benevolentiam
1559 4494 1587 4541 et

393 4703 420 4754 (a
430 4703 483 4757 cap.
492 4705 531 4745 nr.
540 4706 567 4759 (a)
576 4708 666 4753 ibidem.
1020 4721 1047 4774 (a)
1059 4722 1158 4775 rotam.
1174 4730 1193 4768 a
