3792 5550
362 564 395 618 20
749 563 863 615 rltAcl.
881 560 923 613 Xl.
944 562 987 615 nli
1004 563 1172 617 siluistis.

362 677 709 732 adnexuitvirtutemillom
721 678 860 731 ooelestom
871 690 948 729 mun·
981 676 1089 729 Ablutio
1107 677 1218 743 quidem
1236 692 1306 746 aqua
1318 677 1376 732 lieri
1395 688 1450 733 non
1468 680 1567 742 desiit,

360 766 445 820 dandi
457 766 587 818 animam.
599 764 703 817 Nullius
712 764 782 817 foret
794 762 926 816 momenti
938 799 946 826 ,
981 762 1029 815 sed
1048 776 1080 815 ex
1092 764 1264 819 invocatione
1277 768 1387 833 patebat
1399 767 1546 822 discrimen
1558 784 1566 831 ;

360 852 414 905 uisi
438 864 502 905 eum
526 850 586 916 ipse
611 849 738 917 jussisset
758 848 916 900 laciendum
937 863 945 898 ε
980 852 1007 900 et
1021 846 1134 903 effectus
1153 852 1235 919 longe
1249 855 1422 919 praestantior
1443 856 1508 909 inde
1524 870 1568 911 se-

360 940 410 992 sed
431 940 487 1005 jam
509 937 609 989 summi
631 941 673 989 est
692 934 840 996 momenti,
861 947 946 999 quum
980 934 1124 1000 quebatur.
1136 936 1201 991 ldeo
1210 944 1302 992 autem
1311 954 1391 993 suum
1400 942 1567 1008 baptismum

358 1023 469 1078 nonnisi
479 1021 669 1087 amplectendo
682 1020 856 1086 quaepraeltet
865 1018 946 1071 nonis
980 1031 1049 1085 aqua
1067 1022 1125 1075 lieri
1139 1022 1207 1077 dixit
1219 1026 1357 1092 ioannes,
1371 1028 1507 1081 Christum
1521 1043 1567 1084 ve·

359 1109 455 1163 salutis
467 1108 608 1171 subsidia,
620 1107 759 1173 possimus
770 1106 884 1173 gratiam
900 1117 944 1157 as·
979 1117 1010 1159 ro
1028 1106 1130 1172 Spiritu
1144 1116 1239 1163 sancto
1258 1111 1474 1179 baptizaturum,
1487 1119 1518 1169 ut
1534 1116 1568 1169 il-

359 1196 446 1263 sequi.
461 1200 518 1250 lion
530 1196 634 1263 indiget
646 1198 699 1248 ritu
718 1195 810 1259 aliquo
827 1193 945 1259 spiritus
980 1190 1035 1243 lum
1061 1194 1151 1246 omnis
1170 1195 1265 1262 gratiae
1285 1204 1447 1263 agnosceret
1472 1205 1567 1254 anoto-

359 1286 485 1345 sanotus,
508 1294 563 1347 quo
586 1281 728 1333 donastis
749 1279 943 1345 impertiatur:
978 1289 1055 1342 rem,
1079 1280 1242 1346 animosque
1259 1285 1387 1337 eveheret
1404 1285 1439 1337 ad
1457 1285 1568 1340 deside-

360 1368 409 1420 sed
423 1367 626 1433 sapientissimo
644 1366 760 1420 oonsilio
773 1366 870 1418 ritibus
883 1364 946 1430 qui·
979 1361 1094 1415 randum
1124 1366 1291 1431 Baptismum
1320 1372 1376 1421 tam
1408 1370 1490 1437 longe
1515 1385 1566 1426 suo

358 1453 475 1506 busdam
496 1453 551 1508 vim
569 1451 687 1515 indidit,
709 1457 740 1503 ut
760 1450 887 1503 homines
907 1449 946 1500 in·
978 1450 1191 1513 praecellentem.

359 1544 511 1593 strumenta
540 1543 568 1591 et
596 1538 711 1604 pignora
738 1536 833 1603 gratiae
861 1534 944 1588 lrabe-
1010 1534 1052 1585 83.
1084 1534 1144 1600 otj.
1164 1536 1205 1589 26.
1231 1540 1384 1606 Baptismus
1406 1556 1476 1610 aqua
1507 1552 1567 1599 orsi

359 1631 429 1678 pent,
979 1616 1051 1681 apud
1068 1620 1179 1675 tudaeos
1197 1624 1265 1677 ritus
1288 1626 1412 1680 initiandi
1440 1632 1564 1698 prosely-

391 1713 434 1763 79.
453 1710 512 1775 obj.
530 1710 572 1761 st.
591 1728 607 1758 α
625 1712 699 1762 linus
720 1709 872 1773 Dominus,
890 1720 944 1761 una
978 1706 1036 1765 tas,
1059 1717 1141 1770 quem
1164 1707 1199 1759 ab
1213 1710 1385 1765 ethnicorum
1400 1715 1486 1769 sacris
1502 1730 1564 1769 mu·

357 1796 442 1860 tides,
461 1810 546 1847 unum
565 1794 710 1861 baptisma,
728 1793 767 1841 »¹
784 1795 858 1861 turta
877 1795 945 1859 Apo
978 1790 1045 1841 tuati
1059 1790 1194 1848 videntur.
1218 1798 1320 1852 liorem
1346 1800 1422 1853 illum
1444 1804 1500 1869 jam
1523 1804 1564 1858 vi-

358 1884 468 1935 stolum.
482 1882 534 1935 Sed
546 1882 603 1935 duo
624 1887 705 1935 erunt
720 1880 904 1946 baptismate,
920 1880 944 1933 si
978 1880 1087 1938 sentem
1099 1878 1134 1931 ad
1148 1885 1256 1948 tempus
1273 1892 1414 1939 servarunt
1426 1888 1563 1954 Apostoli,
1650 1910 1652 1915 v

356 1967 460 2021 apruno
474 1980 543 2034 aqua
562 1966 739 2032 fi21‚‘spiritu
761 1971 856 2020 sancto
871 1965 946 2019 inte-
978 1964 1007 2011 ut
1025 1962 1076 2015 hos
1095 1964 1130 2015 ad
1149 1966 1248 2020 cirristi
1267 1971 1370 2023 cultum
1387 1972 1497 2026 facilius
1509 1980 1562 2027 tra·

357 2055 414 2107 rins
431 2054 549 2107 animam
574 2055 712 2106 abluente.
977 2045 1117 2099 ducerent.

389 2142 431 2191 80.
450 2140 528 2203 lisso.
541 2140 615 2190 llens
625 2143 668 2190 est
679 2137 800 2204 Apostoli
812 2138 943 2191 christia·
1009 2130 1050 2181 8i.
1069 2126 1146 2196 liesn.
1171 2135 1247 2189 Docti
1272 2137 1397 2190 homines
1420 2138 1455 2191 de
1484 2153 1562 2196 more

357 2237 409 2278 nos
422 2237 520 2278 omnes
532 2223 659 2277 eumdem
676 2226 766 2278 colere
777 2221 942 2288 Dominum,
977 2212 1024 2266 i¹¹0
1052 2215 1222 2281 disceptant,
1250 2225 1341 2273 uirum
1369 2228 1432 2277 anie
1462 2227 1562 2281 Christi

357 2310 613 2377 eamdemppofloepi
626 2309 943 2376 fldem‚0p00demah1u1
978 2302 1100 2363 tempora
1120 2301 1245 2365 extiterit,
1265 2306 1309 2357 vel
1321 2307 1409 2363 serius
1431 2309 1560 2367 inductus

357 2400 477 2452 lavam-0·
492 2398 605 2450 Unicum
629 2402 671 2450 est
694 2398 847 2463 Baptism,
867 2397 944 2448 ablu.
977 2383 1021 2435 sii·
1036 2384 1111 2445 Quod
1124 2386 1295 2452 Sispfflloefo
1307 2394 1561 2452 assentirivelimlls

356 2483 396 2536 tio
409 2482 513 2536 scilieet
527 2496 597 2548 aqua
610 2482 837 2546 iaeta‚invooatis
849 2484 940 2544 Patre,
976 2466 1119 2522 affirmanti
1137 2483 1199 2523 eum
1218 2474 1294 2538 illitis
1317 2478 1456 2547 extitisse,
1478 2482 1490 2516 ¹
1513 2497 1562 2538 ne·

358 2568 442 2630 Filio,
456 2574 484 2623 et
495 2569 595 2635 Spiritu
613 2575 717 2623 saneto.
732 2569 809 2633 Quod
827 2567 942 2620 interius
976 2566 1112 2618 <iniquam
1142 2559 1349 2614 eoncedendum
1379 2570 1421 2618 est
1449 2567 1561 2621 tudaeos

357 2653 438 2706 simu
457 2654 583 2708 intuatur
610 2656 699 2709 anima
718 2655 833 2720 Spiritus
854 2654 941 2706 saneti
976 2638 1166 2708 ethnicorum,
1190 2657 1206 2696 a
1234 2659 1352 2712 quorum
1378 2651 1563 2705 abhorrebant

357 2740 462 2806 gratia,
478 2744 521 2795 est
533 2741 704 2808 Baptismatis
717 2738 845 2802 effectus,
858 2750 941 2804 ouem
975 2725 1114 2794 mribus,
1128 2729 1209 2783 ilium
1227 2737 1366 2790 mutuatos
1388 2750 1459 2793 esse·
1474 2742 1562 2804 Quum

356 2825 478 2879 christus
513 2827 644 2881 pominus
672 2824 849 2878 artemonis
877 2823 941 2876 ritui
974 2812 1093 2867 lotiones
1121 2817 1246 2881 plurime
1265 2821 1325 2886 rega
1350 2825 1561 2888 praescriberen-

356 2911 485 2976 aliigavit.
500 2911 632 2978 Baptizari
649 2913 739 2962 autem
761 2907 822 2972 quis
840 2906 940 2971 Spiritu
975 2903 1028 2964 tur,
1044 2900 1109 2954 indo
1127 2903 1195 2954 ritus
1210 2904 1365 2970 baptizandi
1389 2910 1561 2976 proselytus,

355 3004 450 3051 sancto
471 2997 571 3052 dieitur
598 3009 680 3048 sensu
709 2993 840 3046 translato
862 3006 868 3043 :
889 3006 941 3046 nee
975 2985 998 3038 si
1016 2987 1127 3051 quidem
1144 2990 1284 3055 extiterit,
1308 2994 1473 3058 repetendus
1497 3002 1561 3062 ost,

355 3085 428 3138 enim
447 3084 533 3137 abluit
546 3081 660 3147 Spiritus
680 3082 791 3129 sanetus
806 3078 940 3142 animam,
975 3076 1004 3122 ut
1021 3073 1125 3127 seilicet
1146 3076 1306 3130 munditiem
1334 3079 1388 3131 illis
1416 3093 1562 3134 oommeu-

353 3176 436 3235 prout
453 3164 672 3224 somniumne,
694 3161 743 3214 sed
757 3162 827 3215 tollit
846 3176 941 3228 pecca.
974 3159 1079 3212 darent.
1106 3164 1240 3214 Caeterum
1272 3165 1394 3228 Apostoli
1421 3167 1559 3222 christum

354 3259 411 3308 tum
423 3294 431 3318 ‚
444 3260 471 3308 et
483 3254 602 3306 animam
622 3247 719 3310 efficit,
738 3249 813 3304 dono
826 3251 937 3316 gratiae,
973 3243 1126 3299 habuerunt
1149 3247 1326 3313 magistrum,
1344 3251 1458 3318 eiusque
1479 3254 1560 3308 obse-

353 3345 408 3396 iieo
427 3347 574 3406 acceptam.
973 3331 1028 3384 outi
1046 3338 1110 3386 sunt
1121 3334 1261 3387 mandato.

386 3431 428 3480 el.
448 3426 507 3490 0ij.
526 3425 567 3475 ²5.
596 3423 749 3488 Baptismus
767 3438 837 3492 aqua
859 3427 943 3480 oolla.
1004 3416 1558 3486 enodis-1.apostolieiroumeisionem

354 3519 425 3565 tusa
443 3513 548 3562 ioanne
566 3506 651 3574 ligura
670 3507 721 3560 suit
737 3510 835 3562 christi
851 3511 940 3576 sapti—
973 3503 1096 3568 legisque
1112 3504 1181 3557 iiius
1200 3508 1442 3573 00mm01¹d³lffllis
1456 3515 1483 3564 θῑ
1501 3523 1561 3564 sel·

354 3596 458 3657 smatis‚
468 3595 513 3648 oui
529 3593 644 3660 proinde
655 3594 753 3646 cedere
764 3595 855 3648 debet.
868 3598 939 3664 Ergo
972 3595 1085 3652 varum,
1106 3590 1171 3654 quin
1191 3590 1254 3643 ideo
1272 3602 1367 3643 eorum
1381 3594 1458 3660 sequi
1480 3608 1558 3664 eoga-

353 3681 458 3735 clrristo
474 3679 628 3746 baptizante
645 3680 701 3746 jam
715 3680 814 3745 Spiritu
832 3687 937 3744 sancto,
973 3687 1035 3726 mur
1046 3677 1213 3741 exemplum.

353 3764 433 3819 desiit
444 3764 597 3830 Baptismus
609 3777 689 3830 aqua.
820 3803 826 3816 .
1005 3759 1048 3811 86.
1074 3761 1151 3826 desp.
1176 3763 1295 3815 immane
1322 3769 1364 3817 est
1385 3765 1555 3821 discrimen:

384 3853 427 3903 82.
455 3851 535 3915 desp.
564 3853 649 3915 Quam
675 3851 793 3904 laoielsat
816 3854 938 3908 ioannes
971 3847 1073 3899 iudaeis
1090 3847 1191 3914 quippe
1207 3849 1276 3915 logis
1288 3850 1388 3920 rituum
1409 3853 1560 3907 observen-

353 3949 422 4002 aqua
440 3936 554 3998 ablutio,
572 3947 606 3987 eo
619 3935 734 3990 oonsilio
752 3938 894 4012 estruem,
908 3945 938 3992 ut
971 3931 1038 3984 tiam
1060 3933 1182 3998 Apostoli
1209 3936 1411 4000 permiserunt,
1434 3939 1559 3993 ethnicos

351 4020 477 4074 homines
489 4019 647 4085 poenitendo
660 4021 758 4074 animae
775 4023 937 4076 munditiem
972 4018 1006 4070 ab
1019 4018 1065 4072 illo
1079 4032 1162 4073 onere
1181 4020 1317 4075 immunes
1335 4023 1483 4088 facientes,
1497 4025 1559 4090 qui-

351 4112 520 4174 quererent,
542 4111 570 4160 et
593 4107 629 4159 ita
649 4115 809 4172 pararentur
838 4109 937 4162 christi
972 4104 1024 4157 bus
1046 4105 1081 4158 ad
1101 4104 1184 4159 fidem
1208 4108 1348 4162 conversis
1366 4117 1403 4161 ne·
1419 4109 1560 4163 oireumoi·

351 4192 488 4247 adventui.
514 4191 598 4246 ltesiit
618 4192 664 4246 ille
686 4193 770 4257 ritus,
792 4201 936 4260 postquam
972 4191 1101 4245 darentur
1113 4191 1243 4247 dissuasit
1258 4194 1374 4258 Paulus,
1388 4194 1399 4228 ⁵
1414 4195 1461 4261 qui
1474 4195 1560 4261 pluri·

350 4279 473 4332 Christus
486 4279 560 4332 misit
571 4279 718 4345 Apostolos
736 4278 763 4330 in
778 4279 936 4333 universnm
971 4277 1023 4331 mis
1046 4279 1137 4332 verbis
1154 4279 1224 4346 legis
1245 4277 1327 4331 tinem
1343 4279 1488 4334 advenisse
1506 4294 1559 4334 sae·

350 4365 498 4430 mundum&
512 4365 646 4418 mandans
657 4364 876 4432 uthaptizarent‚
888 4365 938 4418 Pa·
971 4365 1085 4431 pissime
1103 4365 1260 4430 urgebatll
1277 4369 1372 4418 contra
1390 4365 1557 4431 Baptismum

350 4449 452 4514 tris,et
463 4451 576 4517 Filii,et
587 4451 702 4519 spiritus
711 4451 801 4506 saneti
812 4452 933 4506 nomine.
970 4451 1117 4517 unicuique
1137 4450 1329 4517 injunxerunt,
1354 4456 1492 4516 tamqnam
1515 4465 1557 4505 ra·

376 4695 403 4748 (l)
415 4694 506 4748 tiphis.
519 4701 539 4735 A.
969 4696 1010 4737 bus
1019 4724 1026 4746 ‚
1035 4696 1050 4736 l.
1059 4696 1088 4735 iv.
1097 4706 1116 4736 e.
1130 4693 1175 4736 xiii.

378 4764 406 4818 (t)
414 4765 535 4817 sponsores
551 4763 578 4805 do
594 4761 679 4814 legibus
697 4762 835 4804 liebreomm
853 4763 935 4805 rimed-
996 4765 1022 4817 (³)
1032 4765 1084 4806 Vide
1089 4764 1151 4818 spiri.
1160 4764 1187 4806 ud
1194 4763 1280 4806 thttu
1290 4769 1327 4816 ‚et
1336 4765 1400 4818 epist.
1408 4766 1435 4807 ud
1446 4766 1555 4808 liebreot.
