3792 5550
373 564 431 615 adt-
691 566 806 618 runci.
826 563 901 615 xlii.
920 563 963 615 bd
980 563 1092 615 stellis
1109 566 1289 618 caninibus,

373 697 429 751 quo
441 685 523 737 homo
542 697 557 737 a
574 682 713 737 consortio
729 680 826 733 marito
840 692 870 733 se
880 678 966 731 absti·
994 679 1068 731 enim
1081 686 1161 733 aucto
1179 679 1208 732 iu
1220 680 1385 733 immensum
1398 696 1518 737 numero
1531 699 1600 752 gra-

374 778 435 834 net,
450 776 554 823 araturae
564 772 710 835 repugnat,
725 766 842 831 ideoque
854 764 961 817 tristem
993 763 1070 818 viora
1086 766 1153 816 iant
1165 778 1248 817 onera
1266 766 1435 831 reipublicae.
1454 772 1595 823 Caeterum

373 858 621 913 lacitbominemet
637 860 793 917 austerum,
809 859 836 906 et
848 852 961 906 morbos
995 852 1078 916 longe
1098 851 1186 915 magis
1207 858 1323 916 augetur
1350 867 1507 917 numerus,
1526 870 1589 909 san·

373 945 544 1011 plurimaque
557 940 731 994 incommoda
751 954 844 993 secum
863 939 958 997 trahit,
995 936 1592 1008 ctissimismorumpraeoepusserratisquae

373 1038 403 1083 ut
431 1029 621 1095 depereatis,
651 1040 768 1093 quorum
792 1033 834 1079 est
862 1038 961 1089 causa,
996 1021 1109 1073 coelibes
1127 1021 1225 1073 cbristl
1248 1025 1408 1077 sacerdotes
1426 1027 1592 1081 sedulotra·

373 1116 513 1169 sileamus.
996 1106 1075 1158 dunt.
1095 1108 1149 1159 Nec
1162 1106 1288 1158 imbelles
1309 1108 1378 1159 liunt
1398 1110 1447 1174 qui
1469 1118 1597 1165 sanctam

408 1201 466 1253 255.
486 1200 563 1263 desp.
581 1200 688 1251 llaturae
706 1210 761 1250 non
776 1202 964 1264 repugnarunt
997 1191 1069 1244 banc
1088 1191 1219 1243 insistunt
1238 1192 1387 1256 semitam,
1405 1196 1456 1246 sed
1476 1210 1527 1261 pro
1551 1199 1596 1249 sui·

374 1292 488 1351 uterque
505 1286 646 1348 loannes,
665 1285 782 1345 Paulus,
802 1290 829 1337 et
845 1289 886 1336 tot
899 1296 965 1335 san·
997 1282 1085 1329 slatus
1108 1276 1266 1329 conditione
1292 1278 1452 1343 reipublicae
1470 1282 1591 1335 student.

373 1371 488 1425 ctissimi
501 1371 551 1423 riri
570 1372 617 1436 uui
630 1370 787 1423 coelibatum
801 1369 963 1427 coluerunt;

373 1457 422 1509 sed
443 1455 639 1521 cupiditatibus
662 1455 838 1511 restiterunt,
862 1453 963 1505 mentis

372 1540 509 1593 exercitiis
530 1552 591 1605 quae
610 1540 749 1592 bominem
761 1578 769 1601 ‚
782 1538 962 1592 christianum
1030 1535 1089 1587 258.
1109 1537 1316 1589 sanctissimam
1329 1545 1357 1591 et
1374 1540 1593 1593 vetustissimam

372 1625 522 1691 praesertim
534 1662 541 1687 ,
555 1625 672 1687 decent,
695 1630 834 1677 vacantes.
856 1625 963 1686 Quanto
997 1621 1142 1674 coelibatus
1153 1623 1327 1688 disciplinam
1336 1631 1434 1678 contra
1447 1632 1591 1679 novatores

373 1723 451 1762 mens
472 1710 580 1775 corpori
598 1715 725 1774 prestat,
744 1709 897 1774 eopotiora
919 1709 966 1761 lra-
998 1709 1102 1774 nuptiis
1131 1709 1269 1762 inhiantes
1298 1711 1478 1763 vindicarunt
1501 1719 1589 1777 patres

373 1796 462 1848 benda
487 1794 676 1857 sumamma,
698 1801 725 1847 et
737 1795 825 1861 magis
841 1807 963 1859 congrua
997 1792 1168 1845 Tridentini:
1185 1794 1237 1845 «si
1263 1795 1326 1859 quis
1350 1796 1451 1848 dixerit
1476 1797 1589 1849 clericos

373 1887 498 1943 naturae,
521 1892 583 1945 qum
606 1881 689 1934 bomo
710 1880 789 1941 lacit,
811 1880 917 1931 ratione
934 1885 963 1930 et
997 1875 1024 1925 in
1040 1875 1126 1926 sacris
1138 1875 1287 1928 Ordinibus
1300 1878 1484 1941 constitutos,
1497 1880 1541 1931 vel
1553 1893 1589 1929 re-

372 1966 455 2017 animi
476 1964 618 2018 affectibus
629 1969 717 2016 utens.
733 1962 963 2015 llilaresmaxime
997 1961 1596 2028 gularescastitatemsolemnitorprolessos

372 2056 477 2103 suntet
494 2048 604 2116 benigni
625 2049 735 2115 plurimi
753 2048 886 2101 castitatis
902 2049 964 2100 cul·
997 2058 1080 2111 posse
1102 2047 1307 2099 matrimonium
1328 2050 1511 2112 contrahere,
1524 2062 1588 2101 con-

373 2142 463 2199 tores‚
478 2136 567 2201 iisque
585 2136 692 2188 viribus
707 2136 834 2187 lruurntur
852 2140 879 2186 et
889 2135 963 2187 uale-
995 2136 1167 2197 tractumque
1177 2131 1298 2183 validum
1311 2146 1384 2193 esse,
1395 2133 1591 2185 nonobstante

371 2221 484 2280 tudine,
499 2235 552 2286 qua
566 2228 659 2275 carent
680 2227 829 2275 sectatores
837 2221 963 2285 volupta·
999 2220 1060 2283 lege
1075 2217 1275 2281 ecelesiastica,
1298 2219 1342 2270 vel
1359 2225 1443 2278 uoto,
1462 2226 1490 2272 ct
1501 2232 1590 2285 oppo-

370 2306 414 2357 tis.
430 2306 506 2367 Quod
525 2307 560 2357 de
579 2305 699 2370 peccatis
721 2307 866 2367 asseritur,
888 2311 963 2357 caret
996 2302 1078 2353 situm
1103 2303 1141 2353 nil
1165 2302 1239 2355 aliud
1263 2316 1431 2369 essequam
1458 2304 1595 2357 damnare·

369 2389 562 2443 fundamento:
576 2403 639 2443 nam
654 2390 798 2443 coelibatus
811 2389 962 2455 quemrin-
995 2386 1220 2447 matrimonium3
1242 2400 1382 2453 posseque
1401 2401 1501 2441 omnes
1525 2403 1587 2443 con·

369 2476 491 2529 dicamus
509 2478 555 2531 illc
572 2478 675 2543 estqui
689 2490 789 2542 corpus
803 2482 830 2529 et
842 2477 960 2529 animam
995 2473 1104 2525 trabere
1113 2472 1330 2539 matrimonium,
1338 2472 1385 2538 qui
1398 2486 1456 2525 non
1469 2476 1591 2527 sentiunt

369 2562 567 2628 amplectitur:
588 2577 603 2616 a
625 2576 681 2630 quo
706 2562 767 2630 quis
786 2563 963 2627 peccatode·
996 2571 1026 2611 se
1044 2557 1199 2621 castitatis,
1218 2558 1326 2610 etiamsi
1357 2572 1419 2610 eam
1445 2560 1583 2620 voverint.

373 2646 449 2699 cidit.
995 2643 1097 2695 babere
1106 2642 1220 2703 donum;
1230 2644 1376 2695 anathema
1387 2645 1587 2698 sitzcumlleus

403 2736 462 2788 teti.
483 2735 542 2802 obj.
570 2739 594 2789 5.
623 2736 773 2790 coelihatus
801 2734 960 2802 perlectus,
995 2730 1023 2784 id
1040 2734 1114 2783 recte
1133 2728 1291 2795 petentibus
1310 2742 1366 2783 non
1381 2730 1519 2798 deneget,
1539 2744 1588 2784 nec

369 2820 458 2886 qualis
478 2821 658 2874 acatholicis
681 2819 848 2887 depingitur,
863 2821 960 2874 nullibi
994 2815 1113 2881 patiatur
1129 2827 1181 2867 nos
1203 2827 1285 2878 supra
1304 2815 1331 2865 ld
1350 2816 1425 2880 quod
1440 2829 1591 2881 possumus

370 2903 524 2968 reperitur:
539 2917 604 2969 ergo
622 2911 678 2958 tota
703 2907 820 2970 quaestto
833 2906 868 2958 de
885 2919 961 2958 mera
995 2900 1102 2954 lentari.
1117 2898 1151 2946 ι’

1031 1402 1052 1463 l.
1073 1404 1119 1453 lll.
1137 1404 1178 1455 De
1195 1403 1334 1456 coelilratos
1359 1406 1558 1459 conuenientia.

371 2987 484 3040 notione
505 2993 568 3052 est,
588 2987 626 3040 rei
646 2989 760 3042 veritate
780 3001 835 3042 non
848 3002 962 3055 respon·
1203 2989 1367 3054 propositio.

369 3073 462 3126 dente.
833 3066 835 3070 ’
1028 3070 1204 3124 sanctissima
1217 3074 1589 3141 estcoellbatusdisciplinar

342 3163 345 3168 ’
401 3159 460 3211 tto.
488 3158 569 3223 desp.
596 3153 655 3210 Nor'a
685 3171 758 3211 mera
786 3162 829 3212 est
858 3161 959 3214 notio:
993 3157 1582 3212 etsacrisOrdinibusmaaimeconveniens.

368 3245 494 3312 quamvis
504 3244 577 3298 enim
592 3257 624 3296 ea
637 3244 673 3297 sit
685 3246 828 3297 bominum
837 3245 959 3299 conditio
1025 3245 1083 3296 259.
1102 3245 1240 3298 Probatur
1264 3250 1288 3298 l.
1313 3261 1349 3300 ear
1370 3248 1534 3312 scriptoris.
1557 3249 1582 3298 s.

367 3337 397 3384 ut
413 3331 491 3383 facile
511 3331 599 3384 labeni
611 3331 755 3383 contrabat
765 3331 891 3396 quisquis
904 3345 961 3384 ma·
992 3331 1091 3382 Paulus
1098 3330 1133 3384 ad
1144 3331 1375 3389 'litumscribens
1386 3332 1585 3384 continentiam
1633 3391 1637 3398 ¹

365 3418 436 3470 nima
450 3429 507 3471 non
528 3431 595 3470 usus
608 3416 689 3469 luerit
699 3416 850 3482 uigilantia,
860 3417 956 3469 humili
992 3413 1063 3466 inter
1080 3413 1160 3468 dotes
1173 3427 1314 3468 sacrorum
1334 3416 1525 3469 ministrorum
1543 3429 1586 3468 re·

359 3503 452 3557 'eflusa
482 3516 586 3568 prece;
617 3509 709 3556 tamen
740 3502 787 3556 liei
819 3502 957 3568 adiutorio
991 3500 1332 3564 censet2«0portereuim
1345 3501 1514 3565 Episcopum
1525 3501 1584 3552 sine

367 3587 457 3653 grauis
489 3587 580 3639 omnis
609 3588 689 3652 culpa
720 3586 821 3652 poterit
850 3586 956 3639 evitari.
991 3584 1105 3636 crimine
1114 3583 1277 3645 esse‚sicut
1287 3585 1332 3637 liei
1343 3584 1564 3650 dispensatorem
1574 3601 1585 3635 ε.

366 3669 732 3734 Exemplanumerointinito
744 3670 957 3734 suppeditarim
993 3706 999 3719 .
1037 3706 1043 3719 .
1080 3707 1087 3720 .
1123 3705 1130 3721 .
1166 3668 1584 3735 sobrium,justum,sanctum,

366 3753 457 3806 clesiae
466 3753 591 3814 historia,
601 3759 629 3805 et
642 3753 722 3804 eliam
734 3754 866 3806 lrodierna
878 3768 957 3820 expe·
990 3753 1238 3807 continentemn-
1245 3755 1358 3824 ipssa-¹
1367 3783 1400 3793 -
1409 3757 1497 3822 liujus
1506 3756 1585 3809 vocis·

366 3839 485 3902 rientia,
515 3845 596 3904 prout
625 3845 733 3892 constat
760 3839 832 3894 veris
862 3854 953 3895 rerum
989 3840 1031 3894 vis
1045 3841 1126 3896 obvia
1137 3843 1325 3897 omnimodam
1345 3844 1500 3897 castitatem
1514 3844 1586 3896 indi·

365 3925 587 3980 aestimatoribus.
991 3933 1052 3991 ont,
1070 3942 1125 3994 quo
1142 3943 1225 3982 sensu
1238 3930 1353 3983 uerbum
1377 3938 1527 3996 usurpatur
1546 3930 1584 3982 ab·

397 4013 455 4065 tao.
477 4011 536 4078 dij.
555 4015 580 4066 6.
600 4014 667 4065 Cum
680 4012 838 4080 reipublice
861 4020 887 4068 et
906 4017 957 4068 Ec·
990 4015 1140 4079 Apostolo:
1160 4021 1192 4066 nt
1208 4017 1233 4064 tl
1245 4020 1272 4066 t»
1291 4019 1579 4084 εμμηύηηιμμκι·

364 4097 955 4164 cleslaedetrimentopraedicaturcoelibatus
990 4121 1076 4172 νοω,
1098 4121 1110 4147 u
1136 4103 1208 4168 quod
1234 4102 1258 4156 si
1282 4117 1338 4156 non
1361 4117 1392 4156 sc
1420 4103 1584 4160 continebar

363 4184 540 4247 excellentia,
554 4198 638 4250 uuum
658 4199 789 4238 numerus
806 4185 905 4239 ciuium
919 4187 957 4239 ita
991 4187 1114 4247 nubant;
1128 4206 1140 4233 ι
1154 4186 1166 4220 ⁸
1179 4188 1214 4240 de
1229 4187 1264 4240 iis
1277 4190 1424 4253 loquentes
1441 4187 1490 4252 qui
1507 4187 1585 4238 nulla

254 4247 256 4254 ¹
323 4319 326 4330 Α
363 4269 518 4330 minuatur,
545 4275 573 4321 et
603 4269 755 4322 imbellium
777 4275 876 4323 turma
902 4271 957 4324 buc
990 4271 1051 4337 lege
1062 4273 1105 4324 vel
1116 4276 1180 4325 roto
1193 4271 1228 4324 ad
1245 4272 1446 4326 continentiam
1462 4272 1582 4324 adstrin-

363 4353 428 4405 illuo
445 4360 654 4418 congregentur.
990 4357 1132 4422 gebantur.

396 4436 454 4486 257.
469 4437 546 4500 llasp.
557 4438 650 4490 luania
661 4443 726 4490 sunt
737 4451 799 4505 qum
810 4439 954 4494 deciviam
1024 4442 1083 4495 260.
1104 4463 1117 4488 ι
1135 4443 1184 4506 Qui
1194 4442 1255 4497 sine
1274 4457 1360 4498 uxore
1380 4449 1442 4506 est.
1456 4441 1585 4506 solicitus

363 4520 545 4572 diminutione
571 4522 737 4587 objiciuntur
758 4540 765 4575 :
792 4527 953 4591 plerumque
989 4531 1031 4579 est
1044 4539 1106 4592 quat
1117 4529 1222 4581 bomini
1234 4535 1315 4593 suut,
1326 4530 1578 4596 quomodoplaceat

391 4759 420 4812 tl)
431 4759 490 4800 Sess.
500 4757 553 4800 niv.
561 4770 609 4801 can.
619 4760 645 4801 ir,
655 4762 681 4814 (ll
691 4763 733 4803 Tit.
743 4762 757 4804 i.
768 4769 788 4804 t.
1012 4769 1039 4822 (tl
1051 4770 1066 4810 l.
1079 4771 1128 4812 Cor.
1138 4772 1175 4813 rii.
1183 4779 1204 4814 t.
