3792 5550
627 547 698 601 CAP.
716 546 771 599 xil.
789 546 832 599 tili
848 546 952 599 SACRO
968 546 1160 599 coelibatu.
1450 550 1499 601 otii

292 665 429 733 sprcimus.
458 668 537 718 Pater
564 664 647 717 etiarn
676 664 736 729 ejns
764 662 792 714 in
815 661 876 716 vico
909 666 979 715 trem
1016 662 1183 716 desiderium
1217 666 1300 732 bajus
1332 665 1501 718 sacramenti

294 752 363 805 fame
379 758 518 816 mortuus,
531 758 558 804 et
571 752 605 803 ab
621 762 655 803 eo
667 749 695 801 in
706 755 794 803 morte
804 754 878 814 post·
910 747 1025 801 Leontio
1037 747 1243 813 manifestasse,
1256 751 1330 817 quud
1344 752 1501 818 paulopost

294 837 401 890 modum
427 850 478 889 nec
498 836 633 902 sepultus.
658 837 756 888 Uterus
783 833 879 887 uxoris
912 833 1201 899 recepit,saccrdoti0
1224 835 1334 888 nonnisi
1357 836 1504 903 interjecto

291 924 533 989 caieopereussus,
545 928 620 975 etc.»
635 922 769 974 Castorum
782 918 880 983 siquis
910 917 1044 983 temporis
1053 920 1142 984 spatio
1155 920 1304 974 initiandus
1318 935 1352 971 :u
1364 923 1423 974 lion
1434 922 1503 974 mui-

291 1008 436 1060 contendat
464 1020 527 1059 eum
556 1005 710 1059 sacerdotio
741 1004 880 1057 initiatum
910 1009 969 1056 turn
994 1005 1126 1071 temporis
1153 1006 1356 1068 imminuerat,
1384 1020 1449 1060 cnm
1466 1006 1501 1059 ad

293 1092 344 1145 boc
362 1092 474 1145 sceleris
496 1096 640 1158 patrasse,
657 1088 825 1143 schismatici
850 1094 879 1141 et
911 1102 979 1141 eam·
991 1090 1244 1157 regenerationem,
1257 1103 1320 1157 quae
1340 1105 1390 1158 per
1402 1104 1504 1158 aquarn-

293 1176 409 1229 iraeretici
429 1176 551 1230 bominis
569 1176 725 1242 exemplum
753 1175 792 1228 nil
815 1174 879 1229 iacit
910 1168 1083 1241 etspiritum
1098 1175 1223 1239 edicitur,
1237 1176 1296 1243 ipse
1313 1177 1418 1229 accedit
1438 1216 1444 1227 .
1466 1215 1473 1229 .
1494 1216 1500 1227 .

291 1266 384 1313 contra
400 1256 709 1314 Ecclesiae'univcrsaiis
726 1274 827 1314 mores.
911 1260 1102 1314 Sacerdotium
1131 1268 1223 1314 autem
1250 1261 1366 1327 suscipit
1392 1274 1446 1314 non
1469 1272 1503 1314 ea

324 1344 380 1395 ill.
402 1345 461 1410 obj.
475 1348 500 1397 8.
516 1346 698 1399 Tertullianus
711 1346 805 1400 uxoris
815 1358 879 1400 eon·
910 1347 1502 1414 facilitateaccoulusione,quaenuncriget,

292 1430 374 1484 sertio
397 1446 464 1484 usus
490 1431 617 1495 videtur,
641 1445 724 1498 quam
754 1434 878 1486 hortatus
911 1433 961 1485 sed
984 1434 1118 1486 nonnullo
1136 1433 1279 1499 interjecto
1300 1432 1504 1498 temporisspa·

289 1522 332 1567 est
342 1530 377 1570 ne
389 1525 454 1583 post
467 1525 583 1571 mortem
591 1519 636 1572 aiii
650 1518 783 1582 nuberet,
796 1518 879 1572 ratio·
911 1517 960 1571 tio.
973 1517 1008 1566 »⁴
1021 1526 1089 1575 bete
1108 1532 1211 1572 annum
1230 1520 1282 1571 328
1301 1519 1327 1570 id
1353 1518 1503 1584 contigisse

289 1602 369 1656 nibus
380 1605 492 1657 consilii
503 1605 574 1658 libro
588 1605 729 1671 expositis.
774 1604 783 1621 '
911 1603 954 1656 viu
965 1604 1176 1657 existimandum
1186 1610 1238 1658 cst.
1251 1607 1309 1656 ism
1321 1617 1386 1657 vero
1395 1608 1504 1657 constat

320 1687 377 1741 illi.
397 1690 479 1755 liesp.
498 1690 652 1743 doctissimi
666 1689 754 1743 critici
764 1695 880 1743 censent
912 1700 949 1739 ex
965 1689 1196 1755 chronologorum
1219 1690 1405 1742 consensione
1418 1689 1503 1740 lilium

288 1770 371 1827 libros
383 1776 417 1827 ud
430 1789 544 1829 uxorem
557 1776 675 1842 scriptos
687 1788 703 1829 a
713 1776 879 1830 'tertulliano
913 1784 987 1825 anno
1009 1776 1061 1826 oso
1083 1776 1126 1826 rol
1145 1776 1196 1827 356
1219 1775 1332 1826 Athenis
1347 1774 1375 1825 in
1389 1774 1504 1841 patriam

289 1858 376 1913 adbuc
384 1860 482 1913 laico.¹
492 1863 625 1915 Caeternm
637 1862 881 1916 niliiscontinetur
912 1859 1042 1911 reducem
1054 1858 1155 1920 luisse,
1175 1859 1379 1925 trigintaannis
1389 1860 1504 1913 vitaevel

289 1956 342 2008 quo
366 1947 502 2012 probetur
527 1960 590 2000 cnm
620 1948 760 2003 consortio
781 1949 880 2002 marito
913 1943 1067 1997 studiorum
1079 1943 1139 1997 iere
1148 1944 1267 2009 elapsis:

288 2028 347 2082 irni.
360 2033 436 2085 Alias
447 2034 578 2099 praedicat
591 2035 788 2089 continentiam
801 2035 881 2089 cieri-
947 2031 997 2081 [ai
1009 2034 1055 2100 γὰρ
1067 2033 1138 2106 roris
1152 2030 1252 2099 ‚epm
1263 2036 1310 2083 ‚us
1323 2047 1400 2096 aspre
1411 2041 1490 2099 xpm

287 2128 402 2180 corum,
429 2132 500 2183 quos
529 2125 609 2173 vocat
635 2121 740 2175 cviros
760 2122 880 2189 virgines
946 2115 1471 2187 Hiurprnrrerrrpuexrdirrarr'irinr.⁸

287 2212 321 2253 ac
342 2204 515 2257 voluntarios
538 2206 687 2271 spadones.
711 2207 770 2256 »²«
783 2209 881 2272 Quanti
913 2202 976 2256 lam
999 2210 1028 2257 et
1050 2206 1166 2258 multum
1187 2211 1381 2271 consumptum
1399 2209 1458 2257 erat
1476 2200 1505 2254 in

290 2285 317 2337 in
327 2288 523 2342 ecelesiasticis
535 2290 678 2345 ordinibus
689 2292 724 2346 de
739 2294 882 2347 contineri·
947 2290 1048 2343 modiis
1063 2296 1190 2356 tempus,
1445 2299 1447 2303 ·

290 2370 505 2439 incensentur,
518 2376 564 2441 qni
585 2378 640 2430 beo
658 2378 763 2431 nubere
782 2379 882 2432 maine
913 2376 973 2427 iarn
996 2375 1154 2441 trigesimus
1179 2376 1246 2429 mibi
1268 2390 1355 2443 prope
1377 2376 1424 2430 bic
1448 2380 1506 2429 erut

288 2463 369 2522 runt,
382 2460 430 2525 qui
442 2461 535 2513 carnis
544 2474 602 2514 suae
613 2464 746 2516 honorem
758 2464 883 2517 restitue·
949 2474 1049 2512 annus.

290 2550 367 2608 runt,
392 2547 497 2611 quique
513 2560 543 2599 se
563 2548 620 2613 jam
644 2549 718 2601 illius
735 2549 787 2603 arvi
812 2549 881 2602 iiiios
949 2543 979 2594 id
1008 2550 1104 2597 auctor
1130 2544 1190 2609 ejus
1213 2543 1277 2597 vitae
1295 2542 1507 2596 confirmat:—

288 2630 467 2691 dicaverunt,
482 2631 646 2685 occidentes
674 2634 701 2685 in
728 2646 759 2686 se
781 2646 884 2687 concn-
915 2628 1505 2697 membranam-mimtrfozrpettperu,

289 2714 456 2782 placentiam
484 2714 622 2778 libidinis,
653 2722 681 2770 ci
706 2724 791 2771 tolum
815 2718 884 2771 iilud
915 2715 969 2765 in·
984 2724 1009 2777 ri
1026 2718 1118 2784 torpida
1135 2712 1207 2764 iussu
1225 2716 1360 2765 &tillim
1383 2740 1413 2752 ·-·
1436 2734 1450 2759 ⁶
1467 2716 1507 2767 lta

286 2800 365 2867 quod
387 2799 459 2853 intra
480 2801 638 2866 paradisum
650 2816 708 2856 non
727 2803 815 2870 potnit
834 2805 884 2857 ad-
916 2801 1028 2854 demum
1040 2840 1048 2867 ,
1060 2802 1203 2868 trigesimo
1212 2803 1269 2868 jam
1287 2815 1360 2854 anno
1370 2801 1398 2853 in
1407 2803 1508 2854 artium

288 2887 372 2940 mitti.
388 2885 426 2935 »ὅ
917 2887 1017 2940 studiis
1030 2894 1138 2948 exacto,
1153 2888 1248 2954 putriae
1260 2901 1324 2941 sese
1336 2887 1465 2941 restituit.
1476 2886 1510 2933 »⁸

322 2972 383 3024 ito.
405 2959 463 3038 obj.
483 2975 509 3024 a.
529 2973 557 3024 S.
577 2974 726 3041 Gregorius
743 2975 886 3031 Nazianze-
918 2976 1004 3043 igitur
1012 2988 1085 3028 anno
1104 2976 1157 3028 528
1168 2977 1224 3043 iam
1237 2977 1309 3030 duos
1325 2978 1368 3030 vel
1387 2977 1508 3029 tressal-

289 3071 362 3122 nus,
380 3059 541 3124 ‘theologus
563 3066 756 3125 nuncupatus,
775 3073 790 3113 a
808 3067 886 3127 patre
916 3067 973 3114 tom
983 3073 1071 3114 annos
1085 3067 1166 3113 natus
1178 3067 1251 3124 erat,
1265 3059 1289 3112 si
1301 3060 1410 3126 triginta
1420 3073 1508 3119 annos

283 3145 344 3211 jam
356 3143 498 3210 Episcopo
510 3143 619 3209 genitus
631 3151 691 3207 est,
704 3145 742 3197 uti
755 3145 840 3211 liquet
852 3160 884 3198 ex
918 3159 936 3198 a
952 3147 1093 3198 nativitate
1103 3153 1310 3210 computemus3
1322 3146 1404 3211 louge
1416 3147 1510 3210 piures

288 3229 383 3282 verbis
404 3227 554 3292 carminis,
574 3229 602 3280 in
619 3229 725 3296 utribus
739 3229 826 3282 illium
845 3232 885 3285 sic
918 3243 985 3283 vero
1001 3233 1025 3282 si
1037 3236 1126 3283 totum
1145 3229 1211 3281 iliud
1232 3236 1340 3294 tempus
1361 3229 1389 3280 in
1410 3228 1510 3280 studiis

286 3315 461 3382 alloquitur:
919 3316 1076 3381 impensum
1106 3315 1307 3381 intelligamus,
1328 3314 1403 3380 qnod
1432 3326 1511 3367 vero·

390 3409 553 3451 ornatorum
565 3399 730 3470 eugipium,
742 3404 787 3458 itio
919 3399 1010 3452 simile
1029 3398 1101 3452 est⁷
1112 3400 1244 3465 Equidem
1267 3404 1438 3452 seneclutem
1451 3398 1512 3464 ipse

392 3495 455 3540 oris
469 3493 551 3538 arras·
562 3494 643 3539 sort„
656 3489 704 3551 spir
714 3500 803 3559 aprio.
919 3485 1085 3539 causabatur
1095 3485 1223 3551 cur'patri
1233 3490 1398 3551 repugnaret
1408 3485 1511 3551 episeo

288 3575 421 3628 Nondum
441 3581 545 3627 tanum
566 3587 695 3630 emensus
709 3577 853 3641 sevilam,
920 3577 1014 3638 patum
1032 3571 1057 3625 ei
1071 3571 1212 3636 imponere
1232 3570 1343 3625 uolenti.

288 3661 430 3724 Quantum
455 3662 587 3727 praeteriit
603 3662 669 3716 milri
688 3663 885 3718 sacrificiorum
953 3658 1013 3710 m
1028 3657 1085 3724 obj.
1099 3658 1138 3708 10.
1148 3658 1274 3710 Socrates
1283 3659 1376 3708 narrat
1387 3656 1512 3722 Paphnu-

324 3752 448 3813 iempus.
920 3744 989 3797 tium
1008 3743 1122 3797 concilii
1143 3741 1243 3795 dicaeui
1264 3741 1389 3808 patribus
1405 3741 1508 3793 dissua-

325 3832 388 3884 227.
409 3833 487 3895 licam
507 3834 648 3886 liemcule
668 3833 811 3899 scriptoris
830 3845 887 3886 nou
921 3829 1092 3896 sisselegem
1109 3829 1302 3889 docelinum,
1321 3838 1403 3892 quem
1424 3827 1513 3892 cujus·

291 3917 364 3971 satis
382 3922 492 3969 constat
506 3931 513 3967 z
527 3917 555 3968 id
566 3930 631 3970 vero
649 3919 817 3983 exploratum
829 3924 871 3970 est
880 3907 893 3979 ,'
922 3928 977 3980 qne
988 3915 1102 3967 arbitrio
1115 3913 1326 3979 permittendum
1343 3911 1439 3963 soluit.
1453 3910 1465 3945 ⁸

294 4001 463 4070 Gregorium
477 4013 533 4053 non
547 4008 609 4054 ante
622 4014 725 4055 annum
737 4003 788 4055 sat·
799 4002 888 4068 Bapti·
956 3999 1015 4052 229.
1028 3999 1105 4063 Reap.
1127 3996 1237 4048 Plurimi
1258 3994 1445 4047 narrationem
1463 3994 1513 4046 So·

267 4143 269 4150 ,
293 4101 391 4142 smum
416 4087 572 4152 suscepisse
588 4102 595 4138 :
611 4099 674 4139 nam
696 4087 780 4140 refert
799 4087 888 4152 lilius,
903 4075 909 4088 '
922 4084 1006 4138 eratis
1024 4083 1080 4135 ilde
1099 4082 1170 4134 baud
1194 4081 1306 4148 dignam
1326 4078 1513 4140 contendunt,

295 4173 446 4241 Episcopis
458 4173 573 4226 Nicaeam
586 4173 890 4241 contendentibus,pa·
923 4168 1078 4224 rationibus
1098 4166 1171 4219 baud
1198 4163 1408 4219 contemnendis
1431 4163 1516 4216 addu-

322 4437 419 4489 tribon
435 4437 522 4490 Cellier,
536 4437 686 4481 miliciades
701 4445 793 4481 auteurs
807 4437 890 4479 uerus
949 4436 977 4486 (oi
992 4433 1056 4484 (ἓως.
1066 4430 1138 4484 presb.
1152 4428 1226 4471 invita
1237 4427 1260 4469 8.
1268 4425 1376 4479 Gregorii.
1409 4485 1413 4489 ‚

292 4511 313 4550 t.
322 4506 378 4559 inp.
388 4510 435 4546 stt.
951 4502 1041 4555 (libide
1054 4499 1150 4541 Natalem
1166 4499 1225 4538 illex.
1238 4497 1291 4538 bist.
1309 4496 1367 4536 licei.
1384 4501 1401 4536 t.
1418 4495 1454 4536 vii.
1463 4496 1517 4538 diu.

323 4576 352 4628 (¹)
363 4575 388 4616 l..
399 4574 425 4615 de
433 4575 528 4616 velandis
537 4576 616 4628 virgin.
925 4572 967 4613 xix.
977 4583 1039 4624 prop.
1054 4570 1085 4610 iii.
1099 4574 1185 4621 etopus
1201 4566 1282 4608 dictum
1293 4577 1299 4604 ε
1310 4565 1339 4606 ιο
1349 4565 1435 4608 coibat
1444 4565 1520 4607 ilceto

323 4647 355 4697 (ti
372 4645 396 4686 l..
406 4643 433 4684 de
442 4645 523 4685 exhort.
533 4651 586 4686 caat.
926 4642 1049 4694 siastique,
1065 4652 1104 4694 par
1119 4640 1146 4679 ll.
1158 4637 1231 4679 tuboe
1243 4637 1321 4689 leger,
1329 4633 1389 4678 reris
1399 4639 1457 4675 tato.

323 4713 353 4765 (i)
364 4711 427 4753 otri.
434 4713 493 4753 xviii.
502 4725 523 4753 n.
535 4719 565 4754 tt.
575 4719 605 4755 ld.
616 4718 648 4755 to.
953 4711 981 4763 (a)
991 4711 1047 4751 iiiut.
1056 4708 1115 4751 licei.
1124 4706 1241 4751 licuit.

322 4781 356 4836 (iti
367 4780 477 4822 carimde
485 4781 529 4825 rita
537 4792 578 4824 sua
585 4794 606 4825 r.
613 4787 656 4825 tta.
