3792 5550
368 562 416 612 118
678 559 792 616 innui.
811 560 878 611 xlll.
897 565 925 613 P.
945 565 966 614 1.
985 560 1029 611 bt:
1044 556 1269 610 bouflnutsrlt.

396 678 456 731 414.
476 678 535 745 obj.
555 680 596 732 45,
626 680 657 731 ln
678 678 742 732 fidei
763 678 878 731 formula
908 678 954 731 cui
987 680 1098 737 tamen,
1118 674 1205 725 instar
1221 672 1340 738 plurium
1358 685 1421 740 quae
1441 684 1474 725 ex
1496 671 1582 736 Chry·

363 764 543 831 Berengarius
562 763 725 830 subscripsit
745 775 817 815 auno
832 764 911 826 toto,
925 762 953 814 in
987 767 1112 815 sostomo
1126 760 1314 822 laudavimus,
1334 760 1524 825 intelliguntur
1545 757 1582 808 de

363 848 483 903 Concilio
495 852 618 904 Romano
628 855 738 903 eentum
748 848 880 901 tredecim
895 847 954 913 dpi·
988 859 1102 912 corpore
1124 845 1224 898 Christi
1249 845 1301 897 sub
1323 844 1470 910 speciebus
1490 854 1583 895 sacra·

363 920 527 998 scoporum,
540 934 657 1000 praeside
668 934 777 988 Nicolao
789 935 821 986 11.
834 933 951 986 dicitur:
986 932 1162 987 mentalibus.
1177 930 1247 983 tlibil
1266 931 1350 998 igitur
1372 932 1400 983 in
1412 943 1445 983 ea
1462 929 1581 982 formula

362 1030 457 1071 verum
485 1032 585 1085 corpus
611 1027 638 1073 et
667 1019 829 1085 sanguinem
852 1018 952 1071 christi
986 1016 1222 1082 affirmaturquod
1239 1016 1385 1069 catholicae
1400 1014 1530 1067 iideinon
1544 1012 1581 1065 sit

366 1122 379 1149 a
397 1104 561 1157 sensualiter
581 1118 637 1159 non
652 1107 741 1159 solum
758 1107 952 1166 sacramento,
986 1114 1149 1155 consonum.
1174 1101 1280 1167 optime
1309 1103 1337 1153 s.
1361 1102 1479 1153 Thomas
1508 1098 1576 1151 ait:

365 1188 415 1241 sed
438 1188 467 1240 in
489 1190 604 1244 veritate
629 1190 756 1245 manibus
778 1190 953 1243 sacerdotum
990 1190 1079 1241 «lioc
1096 1188 1180 1241 modo
1193 1186 1371 1255 intelligenda
1383 1190 1426 1240 est
1438 1185 1580 1239 contessio

365 1272 490 1338 tractari,
503 1273 609 1343 frangi,
630 1282 658 1329 et
677 1276 798 1329 fidelium
822 1274 952 1327 dentibus
986 1275 1186 1341 berengarii,ut
1196 1274 1292 1327 tractio
1300 1279 1329 1327 et
1338 1272 1441 1326 attritio
1451 1272 1579 1325 dentium

365 1358 454 1411 atteri.
468 1359 503 1405 ιιί
525 1360 555 1413 ld
578 1366 668 1415 autem
685 1372 766 1414 nemo
787 1361 844 1426 jam
866 1364 951 1411 tenet.
985 1359 1118 1412 referatur
1140 1360 1175 1411 ad
1193 1360 1313 1425 speciem
1327 1358 1576 1419 sacramentalem,

397 1442 456 1495 275.
476 1444 556 1510 Itesp.
575 1464 591 1494 α
609 1446 790 1513 intelligentia
815 1444 951 1497 dictorum
985 1444 1038 1496 sub
1049 1457 1103 1510 qua
1116 1457 1180 1497 rere
1199 1450 1242 1497 est
1254 1456 1355 1509 corpus
1368 1441 1477 1494 christi.
1489 1440 1524 1486 »ι’

364 1540 397 1579 ex
420 1529 511 1583 causis
530 1537 573 1583 est
593 1531 727 1585 sumenda
741 1530 858 1584 dicendi.
873 1550 885 1575 ιι
900 1532 951 1582 Be-
1019 1530 1088 1580 274.
1131 1528 1190 1593 ooj.
1227 1530 1270 1580 bd.
1310 1526 1578 1580 transubstantiatio

362 1615 521 1679 rengarius,
541 1620 569 1667 ut
591 1629 670 1668 suam
692 1615 817 1669 baeresim
831 1614 950 1677 celaret,
985 1611 1493 1669 nomisiaconciliotateranensilv.
1508 1616 1577 1663 tam·
1610 1682 1614 1689 ,
1703 1599 1704 1618 ’

362 1709 464 1762 corpus
476 1705 504 1751 et
522 1699 684 1767 sanguinem
708 1700 806 1753 adesse
827 1700 855 1751 in
873 1698 950 1751 altari
985 1714 1067 1767 quam
1081 1700 1181 1767 dogma
1193 1699 1336 1766 proposita
1354 1704 1381 1751 et
1392 1696 1504 1750 delinita
1516 1703 1576 1749 est:

362 1787 428 1846 post
446 1784 684 1837 consecrationem
697 1784 845 1851 aliquando
865 1785 954 1850 prob·
984 1785 1089 1838 nudum
1106 1792 1198 1838 aulem
1218 1786 1371 1839 concilium
1385 1771 1576 1838 valet'novum
1596 1816 1599 1820 -

361 1866 469 1919 tebatur
479 1904 487 1931 ,
499 1867 655 1936 intelligens
668 1882 700 1923 ea
714 1871 891 1923 sacramento
904 1869 951 1921 ad·
984 1883 1036 1923 suo
1055 1871 1167 1925 arbitrio
1179 1872 1280 1925 cudere
1296 1872 1406 1938 dogma.

324 1982 325 1985 =
363 1953 538 2021 esse,signo
552 1955 760 2021 scilicet,baud
775 1955 813 2008 rei
826 1954 951 2008 veritate.
1016 1957 1074 2009 275.
1094 1958 1171 2023 desp.
1203 1960 1307 2024 bogma
1335 1956 1408 2024 quod
1438 1967 1506 2011 voce
1530 1953 1576 2005 illa

361 2038 394 2089 llt
412 2037 494 2105 igitur
514 2052 578 2093 vera
598 2046 627 2093 et
652 2040 841 2094 substantialis
866 2051 951 2106 agno·
984 2041 1144 2107 exprimitur
1161 2043 1196 2095 ab
1217 2042 1294 2096 initio
1312 2040 1441 2095 Ecclesiae
1461 2044 1503 2093 est
1521 2043 1577 2090 tra·

315 2158 316 2161 η
360 2129 483 2177 secratur
501 2126 661 2190 praesentia,
674 2133 785 2180 coactus
807 2131 849 2178 est
871 2124 949 2177 fateri
983 2126 1087 2189 ditum,
1100 2128 1140 2179 uti
1153 2140 1187 2180 ex
1206 2132 1247 2181 tot
1262 2140 1326 2194 qoae
1346 2125 1519 2179 laudavimus
1538 2130 1576 2176 te

359 2207 497 2262 illudvere
506 2210 633 2263 manibus
643 2212 816 2264 sacerdotum
828 2208 947 2273 tractari,
982 2211 1120 2265 stimoniis
1136 2212 1242 2279 liquet:
1258 2224 1309 2265 vos
1331 2212 1390 2278 ipsa
1402 2215 1465 2263 ante
1474 2208 1594 2282 Conci-1

358 2292 456 2379 frangi,
470 2298 497 2346 et
509 2293 629 2347 fidelium
644 2295 773 2349 dentibus
785 2295 872 2349 atteri.
885 2297 948 2347 ilaec
982 2296 1048 2348 lium
1060 2300 1242 2350 lateranense
1256 2303 1300 2351 est
1310 2302 1452 2362 usurpata,
1463 2299 1574 2347 eentum

366 2563 368 2571 ¹
384 2583 404 2619 ³.
415 2578 432 2619 11
439 2578 484 2619 taut
492 2588 606 2631 earpposer,
614 2588 658 2631 que
668 2584 722 2620 cette
736 2580 835 2621 nouvelle
845 2579 949 2633 doctrine,
1008 2586 1028 2621 s.
1041 2580 1058 2621 11
1071 2580 1117 2621 iant
1132 2580 1330 2633 snppoeea,‹pn'un
1344 2581 1466 2632 tres-grand
1486 2579 1577 2621 nombre
1593 2566 1596 2571 ¹

357 2646 377 2688 ei
386 2647 491 2687 contraiis
499 2646 512 2689 4
521 2646 635 2700 leonissa,
644 2658 686 2689 aua
694 2659 758 2701 sens,
773 2654 795 2689 st
810 2661 838 2690 au
860 2660 949 2692 cenaen-
981 2649 1139 2703 d'eaprseeione
1148 2650 1330 2691 mesanum
1337 2678 1344 2701 ,
1352 2648 1546 2702 trespopulairea,
1556 2655 1580 2689 et

357 2706 437 2756 tentem
453 2716 540 2769 public,
549 2717 601 2757 n'ait
614 2717 693 2769 jamaia
709 2720 743 2759 444
758 2719 891 2762 condemnes
908 2731 948 2772 par
981 2720 1020 2771 qni
1028 2718 1109 2759 etaient
1117 2718 1172 2760 dane
1186 2718 1207 2760 ia
1216 2718 1301 2759 Mnebe
1308 2718 1335 2759 ds
1351 2723 1401 2760 tone
1415 2719 1447 2759 les
1464 2717 1579 2759 Chretieoe

358 2796 429 2826 aucun
445 2785 557 2838 jugement
574 2787 750 2840 ecclesiastique,
765 2795 787 2828 et
799 2789 878 2842 qu'eile
895 2789 947 2831 n'ait
981 2789 1010 2830 dn
1027 2790 1119 2841 monde,
1133 2789 1232 2830 auraient
1248 2789 1332 2840 change
1341 2788 1369 2829 de
1378 2799 1429 2830 sens
1438 2799 1479 2840 par
1488 2793 1548 2828 toute
1557 2789 1577 2827 la

357 2864 397 2906 pas
407 2856 476 2893 menae
482 2855 515 2894 414
523 2854 606 2896 deleres
614 2856 627 2896 4
636 2867 708 2896 aucun
718 2857 822 2899 tribunal.
980 2864 1045 2911 terre,
1052 2871 1154 2911 unaque
1162 2870 1269 2912 personne
1277 2861 1323 2900 s'en
1331 2858 1374 2899 soit
1381 2869 1469 2912 aperpu,
1478 2864 1501 2898 et
1509 2860 1577 2911 qn'on

384 2927 403 2961 t.
420 2921 437 2961 11
451 2922 497 2962 isut
511 2933 629 2975 supposer,
645 2931 746 2976 quetoua
756 2926 787 2966 les
797 2925 870 2969 fideles
880 2934 946 2981 ayant
980 2928 1051 2969 aurait
1066 2930 1192 2969 commeans
1209 2928 1244 2981 d'p
1259 2929 1379 2971 substituer
1395 2939 1439 2968 une
1455 2928 1502 2968 ides
1515 2933 1576 2968 tonte

356 2991 591 3044 passedel'dtatdene
601 3005 641 3046 pas
651 2995 721 3036 croire
732 2996 753 3037 la
769 2999 872 3049 presence
881 2998 947 3039 rasile
980 2997 1092 3049 nouvelle,
1103 3009 1131 3038 en
1148 2997 1264 3038 enundant
1280 2999 1300 3038 le
1316 2998 1363 3038 rrai
1379 3008 1443 3050 corpe
1458 2997 1486 3038 de
1503 2997 1577 3037 lesus

357 3060 370 3099 a
381 3059 440 3099 l'etat
454 3059 481 3100 de
497 3060 518 3101 la
531 3062 615 3114 croire,
633 3074 704 3110 ancon
722 3066 775 3107 n'ait
789 3067 850 3119 parle
865 3067 892 3108 de
906 3078 945 3109 eon
980 3065 1052 3106 ebriat
1064 3078 1117 3108 sons
1127 3067 1158 3108 ies
1177 3069 1259 3108 memes
1268 3071 1347 3110 termes
1356 3078 1396 3120 par
1403 3067 1499 3119 desquels
1511 3077 1541 3106 on
1550 3077 1578 3105 ne

355 3127 509 3180 ebanpement,
519 3129 571 3170 n'ait
580 3131 667 3184 deploro
679 3133 699 3174 le
708 3139 778 3190 temps
786 3137 813 3177 de
826 3147 867 3178 son
883 3138 945 3190 igno-
980 3136 1112 3189 comprenait
1120 3136 1224 3178 autrefois
1233 3147 1276 3189 que
1285 3149 1310 3178 aa
1319 3137 1395 3188 figure.

356 3207 434 3248 rauce,
446 3203 468 3238 el
480 3199 532 3239 n'ait
540 3200 648 3253 &moigne
655 3201 682 3243 de
691 3203 712 3244 la
723 3203 768 3256 p'oie
780 3205 861 3246 d’sroir
870 3205 943 3258 appris
1004 3210 1035 3246 to.
1049 3206 1066 3246 lt
1081 3205 1128 3246 faut
1144 3217 1265 3258 supposes,
1282 3217 1325 3257 que
1343 3210 1412 3246 toules
1426 3205 1458 3244 lea
1467 3203 1570 3258 passione

356 3277 386 3308 nn
401 3273 469 3308 secret
478 3268 498 3310 si
507 3268 634 3322 important.
976 3265 1110 3327 'qniportent
1125 3274 1138 3314 4
1155 3273 1276 3315 eontredire
1292 3287 1345 3316 ceux
1361 3274 1399 3327 qni
1417 3285 1472 3314 noua
1486 3272 1575 3314 venient

380 3341 400 3376 dc
414 3336 430 3376 11
448 3336 494 3378 iant
513 3349 635 3393 sappam,
652 3352 695 3395 que
711 3343 738 3384 de
753 3344 788 3385 dia
806 3344 901 3388 milliens
916 3347 943 3388 de
978 3349 1081 3396 montrer,
1093 3355 1138 3396 qne
1152 3355 1208 3384 noua
1217 3355 1284 3386 arone
1297 3344 1393 3384 sudans
1402 3343 1538 3394 l’ipnorancs
1547 3348 1570 3382 et

358 3417 476 3458 personnes
494 3408 532 3461 qui
544 3411 643 3452 auraient
656 3413 684 3454 dt
698 3415 945 3468 a'emploperdperaua·
976 3413 1128 3457 danal'erreur
1144 3413 1240 3466 pendant
1250 3425 1294 3454 nne
1302 3413 1371 3466 partie
1379 3413 1477 3453 denouc
1488 3411 1535 3462 rie,
1546 3422 1572 3451 ae

355 3475 393 3516 der
402 3487 443 3517 aux
451 3483 524 3519 autres
537 3479 558 3519 la
575 3482 677 3532 presence
695 3483 772 3534 rsetle,
791 3484 828 3524 nul
836 3502 839 3505 ·
848 3495 875 3525 ne
892 3487 945 3527 e'est
977 3482 1070 3522 seraient
1078 3481 1182 3533 escientes,
1191 3487 1212 3522 et
1219 3482 1340 3522 n'auraient
1347 3480 1409 3534 point
1415 3479 1455 3520 iait
1464 3479 1512 3520 ienr
1521 3478 1572 3520 edet

355 3545 397 3587 mis
410 3558 436 3587 en
445 3549 508 3599 peine
516 3547 543 3588 de
552 3548 605 3589 iuire
613 3561 686 3590 aucun
695 3551 747 3593 livre
756 3564 812 3604 pour
820 3553 919 3594 l’smblir.
977 3550 1086 3590 ordinaire
1094 3550 1148 3590 dans
1157 3561 1181 3590 ω
1190 3550 1263 3590 sidvle·

380 3621 401 3654 o.
415 3616 432 3655 ll
445 3615 491 3656 iant
506 3614 613 3668 supposer
629 3620 820 3670 quedixmillions
833 3623 860 3663 ds
875 3623 944 3675 predi·
1003 3624 1034 3658 tt.
1048 3618 1065 3658 11
1083 3618 1129 3659 taut
1145 3629 1267 3671 aopposer,
1282 3629 1325 3671 que
1342 3617 1375 3658 les
1391 3617 1482 3668 baines,
1499 3621 1521 3656 et
1539 3617 1569 3656 les

354 3691 440 3726 cateurs
449 3686 476 3726 de
488 3687 509 3726 la
519 3689 621 3735 presence
632 3689 696 3734 reelle
705 3690 803 3731 auraient
812 3697 860 3732 tous
870 3693 942 3733 resolu
976 3685 1114 3739 animalia,
1125 3687 1163 3739 qui
1173 3689 1275 3740 saperem
1287 3687 1318 3727 les
1332 3685 1423 3727 sociates
1437 3685 1535 3726 d'0ricot
1543 3685 1570 3724 de

354 3754 406 3795 d'un
416 3765 516 3794 commun
525 3757 602 3797 accord
610 3757 637 3798 ds
645 3768 672 3797 ne
681 3757 726 3798 rien
735 3758 811 3810 scrire,
819 3759 841 3799 ni
850 3759 876 3800 ds
886 3761 943 3801 leurs
977 3757 1065 3808 l’bctiss
1085 3758 1204 3810 Romaim,
1221 3757 1343 3798 n'auraient
1363 3755 1467 3809 emptcbd
1483 3765 1570 3796 ancone

354 3823 459 3874 prognes,
468 3821 490 3866 ni
499 3821 526 3862 de
535 3823 553 3864 la
563 3825 680 3868 resistance
689 3826 753 3878 qu'on
763 3828 810 3868 leur
818 3827 904 3880 laiseis,
917 3830 943 3872 de
976 3825 1050 3881 d'entr'
1059 3825 1112 3867 elles
1126 3826 1153 3867 de
1166 3827 1261 3868 receroir
1276 3825 1378 3878 l'opinion
1396 3825 1423 3866 de
1433 3825 1452 3865 la
1465 3825 1570 3877 presence

355 3901 382 3930 ne
395 3891 456 3954 point
468 3903 493 3932 ss
502 3891 598 3945 plaindre
610 3895 637 3935 de
645 3894 665 3934 la
674 3894 749 3935 duretd
758 3895 795 3936 dee
803 3897 893 3949 peuples
900 3926 909 3949 ,
922 3905 943 3940 et
977 3895 1054 3947 reside,
1062 3895 1100 3947 qui
1109 3895 1181 3935 sursit
1186 3897 1220 3935 416
1226 3895 1324 3935 inventes
1330 3895 1384 3935 dans
1394 3892 1483 3946 i'ssglise
1494 3892 1569 3934 Latine

355 3962 382 4003 de
392 3973 419 4002 ne
428 3962 489 4016 point
504 3975 528 4005 se
541 3965 622 4016 rejouir
633 3966 671 4007 dea
683 3965 828 4009 Maedictions
837 3979 880 4020 quc
889 3969 942 4012 bien
972 3965 1006 4004 ’441
1016 3964 1128 4006 [1041141414
1137 3964 1210 4004 444114·
1444 3977 1447 3981 “

359 4032 690 4084 repandaitsurleuratravaua.
1004 4039 1036 4074 14.
1049 4035 1067 4075 11
1080 4035 1126 4074 faut
1143 4043 1323 4086 anpposer,„qoe
1338 4043 1374 4072 ces
1393 4029 1484 4072 sociates
1502 4041 1530 4070 ne
1544 4039 1569 4069 ae

370 4103 409 4143 t.ll
420 4102 632 4157 iautsupposer,que
639 4105 719 4146 decent
726 4105 820 4146 milliens
827 4106 947 4151 d'hommes
978 4102 1072 4144 lenient
1089 4101 1287 4143 monltffloessffl
1305 4102 1370 4153 qu'en
1387 4112 1417 4141 on
1432 4101 1479 4141 ml
1495 4100 1570 4152 4101413

354 4171 368 4225 a
382 4172 420 4223 qui
432 4183 459 4213 on
469 4172 540 4213 sursit
550 4171 578 4212 uu
587 4184 691 4227 proposes
700 4179 753 4214 coos
761 4174 944 4218 doctrinedurant
977 4172 1085 4224 quereum
1092 4170 1569 4225 pssstonsn’suraisnscsrssuagquuedans
1618 4208 1621 4213 .

355 4241 376 4280 ie
386 4241 477 4282 dirieme
493 4241 573 4293 siecle,
587 4242 624 4282 nui
640 4251 667 4281 ne
675 4252 699 4281 se
714 4241 780 4282 serait
793 4243 870 4284 misen
880 4245 943 4298 peine
978 4254 1008 4283 un
1021 4243 1068 4283 seul
1083 4242 1156 4296 point;
1167 4249 1187 4282 et
1197 4243 1301 4296 qu'apant
1309 4247 1380 4283 tontes
1390 4241 1435 4295 pris
1444 4241 1471 4282 de
1481 4241 1570 4292 l'ttplise

355 4310 383 4351 de
397 4312 417 4352 la
426 4313 543 4352 combuttre
558 4323 598 4364 par
606 4310 667 4352 ecrit.
977 4311 1082 4353 ilomaine
1097 4313 1118 4352 ia
1130 4312 1159 4352 ioi
1175 4313 1202 4353 de
1220 4312 1242 4353 la
1265 4310 1500 4362 transubstantiatione,
1516 4309 1570 4350 elisa

381 4387 401 4422 s.
416 4382 431 4422 11
447 4382 494 4423 iant
511 4393 628 4436 supposes,
644 4394 687 4435 que
702 4383 784 4437 l'esprit
799 4384 826 4425 dc
839 4391 887 4426 cent
897 4386 945 4427 mii-
977 4382 1098 4423 n'auraient
1106 4383 1171 4424 vouln
1182 4383 1202 4424 la
1212 4383 1285 4424 suirre
1298 4383 1352 4424 dane
1366 4393 1437 4423 aucun
1448 4381 1487 4422 dea
1493 4385 1570 4421 autres
1587 4427 1595 4442 ι

357 4451 413 4492 lions
430 4451 549 4492 d'bomrnes
562 4463 585 4492 se
601 4453 668 4493 serait
682 4455 759 4495 trourd
777 4457 854 4495 tournd
870 4455 883 4495 4
901 4468 945 4497 ern·
976 4451 1048 4506 points
1057 4463 1113 4505 pour
1121 4453 1215 4504 lesquela
1224 4453 1366 4494 ellesseeont
1374 4453 1475 4504 separese
1484 4449 1570 4490 d'eile.»

356 4520 445 4560 brasser-
455 4521 533 4561 durant
543 4532 571 4562 un
580 4521 645 4562 siecle
654 4533 696 4564 une
711 4523 799 4576 opinion
816 4524 923 4566 contraire
932 4526 944 4566 4
976 4523 1010 4563 Lu
1017 4522 1178 4575 perpetuasse
1186 4523 1264 4574 tami,
1273 4529 1289 4563 t.
1297 4523 1311 4562 i.
1321 4522 1336 4562 l.
1343 4522 1372 4562 ir.
1380 4533 1398 4562 c.
1407 4533 1436 4561 ar.

356 4589 404 4628 leur
412 4589 483 4630 raison
491 4590 518 4642 ,4
528 4591 575 4632 leur
582 4602 632 4632 sens
639 4592 667 4643 ,4
676 4591 723 4632 leur
732 4596 832 4633 coutume
840 4592 869 4644 ,4
886 4593 944 4634 leurs
1004 4593 1032 4643 (1)
1045 4592 1106 4645 Apud
1124 4592 1240 4635 baronium
1254 4592 1369 4633 Annalium
1379 4597 1395 4630 t.
1404 4590 1433 4630 xi.
1446 4589 1473 4630 ad
1483 4599 1568 4629 annum

355 4657 491 4710 prejupes,i
502 4659 522 4701 la
538 4661 567 4701 toi
582 4661 636 4702 dans
652 4661 746 4714 laquelle
762 4661 789 4702 ils
808 4662 893 4702 avaient
911 4665 944 4704 ets
978 4666 1034 4704 totl-
1091 4707 1095 4719 ,

355 4728 451 4772 nourris.
499 4719 501 4724 ’
1003 4732 1029 4782 (t)
1040 4736 1059 4774 s.
1068 4741 1135 4783 pqu.
1145 4729 1214 4769 invii.
1222 4735 1262 4769 art.
1272 4729 1308 4770 rii.
1317 4729 1371 4768 adt.
