3792 5550
824 559 1069 615 ebubboolttirts.
1536 570 1552 620 5

341 686 409 727 nom
428 677 526 729 vocant
543 672 732 729 intentionem.
754 674 928 729 scholasticae
962 674 1026 729 dine
1039 674 1168 731 Ecclesia
1181 674 1338 732 didicimus.
1351 663 1553 739 Matrimonium

340 760 553 827 disputationis,
578 774 628 827 pro
646 773 724 815 more
754 765 782 814 et
804 760 928 814 instituto
962 762 1044 815 etiam
1056 801 1063 828 ,
1077 764 1113 817 ob
1132 764 1279 832 specialem
1296 772 1453 823 contractus
1474 779 1555 826 uatu-

340 853 456 910 uostro,
476 847 548 900 baud
558 847 680 912 soliciti,
698 846 878 901 intentionem
891 845 929 899 la·
964 860 1069 911 ram,a
1089 850 1227 915 plerisque
1248 854 1440 906 censeturvim
1463 870 1553 911 sacra·

340 932 432 987 ciendi
450 932 525 999 quod
536 931 601 985 lacit
612 933 734 986 Ecclesia
743 931 845 997 requiri
868 943 930 997 pro
963 935 1114 988 mentalem
1137 936 1254 1002 babere,
1269 937 1292 990 si
1312 943 1427 1005 uterquc
1444 948 1552 997 coutra-

339 1019 459 1082 litentur,
468 1025 551 1085 prout
560 1024 655 1073 contra
666 1019 813 1081 lutherum
824 1018 852 1069 in
861 1019 929 1080 ,con
961 1021 1030 1073 bens
1042 1020 1077 1073 sit
1089 1021 1251 1087 baptizatus,
1259 1025 1306 1089 qui
1320 1023 1422 1079 idcirco
1433 1026 1552 1081 babetur

338 1106 403 1159 cilio
412 1106 572 1159 tridentino
584 1104 728 1176 delinitum
747 1110 806 1166 est;
822 1104 928 1157 bicsci·
961 1106 1229 1160 minister.caeterum
1240 1109 1552 1173 Eucharistla,Poeuilen·

339 1191 405 1246 licet
417 1197 573 1245 asseruerat
584 1190 623 1243 nil
645 1190 747 1244 reterre
765 1194 856 1243 utrum
874 1188 926 1241 mi·
961 1190 997 1243 tia
1008 1192 1550 1259 atExtrematJnctio,postulantomnino

339 1276 427 1330 nister
438 1276 511 1329 serio
533 1289 568 1329 an
584 1277 648 1342 joco
661 1267 737 1342 apat,
751 1288 837 1341 quum
850 1279 926 1328 totus
960 1280 990 1329 ut
1003 1276 1156 1330 sacerdotio
1175 1276 1210 1331 sit
1228 1277 1374 1345 insignitus
1385 1280 1431 1345 qui
1448 1293 1479 1333 ea
1489 1293 1552 1335 cou-

340 1358 927 1427 sacramentorumeffectusadsusctpicntis
959 1360 1021 1415 lert.
1052 1362 1168 1417 Ordines
1200 1364 1336 1431 majores,
1367 1365 1551 1419 sacerdotium

338 1446 422 1503 tidem
434 1449 502 1503 toret
516 1448 688 1503 referendus.
959 1448 1057 1501 saltem
1078 1453 1106 1503 ct
1126 1449 1298 1514 diaconatus,
1311 1449 1422 1503 nonnisi
1442 1451 1476 1503 ab
1490 1451 1552 1518 Epi·

372 1534 456 1587 istd
471 1532 543 1599 apud
559 1545 657 1587 omnes
672 1533 816 1599 theologos
835 1543 926 1598 prore
960 1546 1044 1600 scopo
1083 1534 1272 1599 conseruntur.
1305 1534 1480 1590 Confirmatio
1516 1536 1551 1589 ab

338 1618 478 1683 explorata
498 1618 625 1682 babetur,
643 1630 757 1677 neccsse
774 1630 831 1670 nou
847 1630 927 1687 esse,
960 1619 1254 1687 Episcopu,tamquam
1264 1619 1403 1673 ordinario
1413 1620 1551 1685 ministro,

339 1708 369 1755 ut
386 1702 448 1768 quis
458 1702 524 1757 velit
543 1701 670 1775 ellectum
687 1691 853 1759 sacramenti
868 1714 928 1767 pro·
961 1706 1003 1770 iit,
1017 1706 1206 1760 sacerdotibus
1216 1718 1424 1773 nonnumquam
1440 1720 1473 1759 ex
1485 1716 1552 1772 spo·

338 1786 512 1851 ducerc,vel
530 1789 659 1851 Ecclesiae
676 1787 822 1840 catholicae
844 1787 926 1839 ritum
961 1790 1065 1845 stolicae
1082 1792 1160 1845 sedis
1184 1792 1356 1859 delegatione
1385 1804 1445 1845 eam
1464 1791 1553 1845 admi·

338 1871 456 1934 imitari,
474 1872 517 1925 vel
530 1884 679 1937 peragere3
700 1884 785 1936 quum
807 1871 928 1924 Ecclesia
962 1876 1144 1929 nistrantibus
1168 1878 1195 1929 in
1223 1876 1343 1929 Ecclesia
1365 1876 1549 1937 Occidentali3

338 1961 471 2022 agnoscat
491 1956 583 2009 valore
606 1955 773 2022 baptismum
792 1956 827 2008 ab
841 1956 930 2009 baere-
961 1960 1030 2024 apud
1051 1962 1203 2013 Graecosex
1216 1959 1414 2013 consuetudine
1428 1962 1551 2025 tolerata,

337 2039 400 2093 ticis
417 2040 561 2103 collatum,
579 2041 633 2094 ritu
648 2054 729 2107 quem
748 2041 871 2094 christus
884 2042 929 2093 iu·
961 2058 1010 2099 scu
1030 2046 1154 2112 probata.

337 2124 428 2178 stituit
441 2131 564 2189 servato,
578 2137 648 2191 quos
660 2131 769 2180 constat
780 2125 927 2180 catholicae
995 2132 1033 2183 li.
1056 2130 1232 2183 Sacramenta
1264 2135 1436 2183 mortuorum
1460 2130 1552 2196 Bapti-

338 2210 466 2265 Ecclcsiae
483 2222 576 2264 mores
603 2212 674 2264 baud
699 2211 751 2265 sibi
771 2224 927 2278 proponere
960 2228 1037 2268 smus
1050 2220 1078 2269 et
1090 2214 1250 2269 Paenitentia
1263 2228 1277 2268 a
1292 2215 1429 2283 theologis
1447 2229 1550 2269 nuncu·

336 2296 504 2362 sequendos.
535 2296 602 2351 lude
625 2296 708 2352 etiam
736 2297 822 2364 liquet
845 2297 926 2350 tidem
959 2306 1066 2367 pautur,
1088 2301 1151 2368 quia
1169 2301 1197 2354 in
1215 2300 1407 2355 remissionem
1427 2309 1551 2368 peccato-

337 2380 528 2446 miuistri,vel
546 2383 605 2448 ejus
625 2382 789 2449 probitatem
809 2395 866 2435 nou
885 2396 927 2435 re·
960 2401 1020 2439 rum
1053 2387 1249 2452 conseruntur,
1278 2387 1397 2455 ideoque
1430 2388 1548 2441 animam

336 2466 446 2532 quiriut
458 2468 547 2520 valeat
558 2468 774 2529 Sacramentum
786 2466 926 2533 ¹quamuis
960 2473 1015 2525 beo
1035 2477 1172 2525 mortuam
1190 2472 1365 2526 resuscitant.
1382 2474 1485 2526 Caetera
1503 2474 1551 2525 Sa-

337 2556 432 2615 peccet
448 2551 495 2617 qui
508 2552 612 2617 absque
625 2552 692 2616 tide,
705 2553 747 2606 vel
758 2552 850 2605 animo
864 2562 926 2618 pec·
959 2560 1098 2609 eramenta
1114 2556 1238 2611 vivorum
1253 2561 1326 2618 sunt,
1339 2569 1390 2609 nec
1399 2556 1551 2621 suscipien-

337 2639 398 2687 cato
421 2634 563 2701 inquinato
581 2649 613 2689 ea
639 2636 821 2691 administret.
844 2637 927 2703 Equi·
959 2640 994 2693 da
1007 2641 1040 2694 ab
1058 2640 1092 2693 ils
1111 2640 1158 2706 qui
1171 2640 1256 2707 qratia
1269 2640 1361 2694 divina
1382 2653 1436 2693 non
1457 2641 1551 2693 fruun-

338 2718 401 2772 dem
424 2721 597 2776 sacramenta
610 2727 695 2776 totam
708 2722 925 2778 suamtirtutem
959 2730 1011 2780 tur.
1034 2726 1169 2780 caeterum
1188 2724 1238 2779 etsi
1257 2729 1351 2791 peccet
1368 2723 1414 2792 qui
1437 2730 1558 2792 peccato

337 2807 478 2862 achristo
492 2809 629 2874 derivant,
650 2809 694 2863 cui
716 2815 806 2862 tamen
823 2809 926 2876 irrogat
960 2812 1118 2879 inquinatus
1139 2825 1169 2865 ca
1201 2809 1348 2878 suscipiat,
1369 2823 1424 2863 non
1457 2806 1551 2865 obstat

336 2906 445 2960 gravem
463 2893 589 2962 injuriam
601 2894 647 2961 qui
660 2896 719 2962 ejus
734 2893 846 2953 nominc
859 2895 925 2962 agit,
958 2897 1077 2964 pravitas
1097 2895 1181 2950 animi
1206 2896 1292 2950 valori
1318 2897 1504 2960 sacramenti,
1526 2899 1549 2950 si

335 2979 427 3034 animo
444 2981 540 3036 lovcus
553 2987 705 3048 peccatum.
960 2982 1079 3049 excipias
1102 2980 1312 3046 Poenitentiam‚
1342 2982 1391 3034 scd
1415 2981 1549 3035 fructibus

370 3064 410 3117 lo.
430 3066 560 3140 Pleraque
578 3067 751 3120 Sacramenta
769 3072 799 3119 ut
817 3066 926 3120 ualeant
958 3070 1018 3136 ejus
1042 3080 1104 3121 eum
1126 3079 1242 3121 vacuum
1260 3065 1407 3133 relinquit,
1430 3068 1485 3121 imo
1502 3068 1549 3122 ob-

336 3163 444 3204 sacrum
453 3151 582 3204 Ordinem
596 3151 623 3203 iu
636 3150 792 3204 conferente
801 3150 922 3217 exiguntt
959 3152 1068 3220 stringit
1082 3149 1217 3218 sacrilegii
1229 3151 1351 3204 crimine.
1367 3152 1415 3216 Qui
1428 3153 1549 3219 baptiza-

336 3248 387 3288 nec
411 3236 485 3290 enim
508 3236 606 3289 christi
629 3235 740 3289 nomine
763 3247 845 3300 agere
863 3234 925 3299 quis
958 3236 1548 3303 tusnonestnullisacramentosuscipiendo

334 3324 445 3386 potest,
463 3320 518 3373 nisi
539 3319 760 3379 communicata,
785 3332 818 3370 ea
843 3331 925 3382 quam
959 3327 1002 3374 est
1011 3321 1138 3382 idoneus,
1150 3333 1201 3371 nec
1213 3319 1330 3384 aliquem
1340 3321 1547 3384 experiturellc·

334 3407 430 3460 statuit
447 3406 571 3468 ratione,
586 3406 729 3470 potestate.
742 3404 865 3454 Attamen
879 3415 927 3454 va·
960 3410 1033 3459 ctum
1050 3403 1166 3455 aliorum
1179 3404 1426 3465 sacramentorum,
1435 3403 1485 3456 cisi
1494 3403 1550 3457 lor-

333 3492 373 3545 let
393 3491 547 3556 baptismus
564 3503 579 3542 a
597 3488 682 3554 laico,
704 3488 785 3542 etiam
804 3487 925 3554 infideli,
959 3493 986 3542 te
1003 3493 1132 3543 externus
1156 3487 1225 3540 ritus
1250 3493 1403 3555 peragatur.
1416 3489 1546 3543 SlcOrdi-

334 3574 468 3637 collatus;
488 3576 524 3629 ob
547 3559 683 3628 summam
720 3574 821 3641 quippe
843 3575 924 3641 buius
958 3573 1091 3629 nosnullo
1104 3573 1187 3627 modo
1201 3571 1238 3624 illl
1251 3572 1370 3627 conferri
1382 3575 1482 3640 valent,
1495 3589 1547 3630 nco

334 3659 502 3714 sacramenti
540 3659 747 3723 necessitatem,
777 3658 924 3724 cbristus,
957 3659 1142 3722 confirmatio,
1157 3657 1293 3712 ncceulm
1307 3660 1504 3726 augeripotest
1518 3668 1545 3715 ct

332 3747 396 3800 licet
416 3745 483 3798 illud
504 3745 678 3799 ministrandi
700 3745 836 3811 apostolis
856 3759 924 3812 spe·
957 3744 991 3798 ad
1004 3748 1137 3797 maturam
1149 3742 1242 3796 venire
1259 3747 1377 3808 aetatem,
1392 3747 1439 3810 qut
1457 3745 1546 3798 adbuc

333 3830 438 3884 cialiter
457 3830 665 3884 demandaverit
680 3845 798 3895 munus,
821 3830 923 3884 nemini
959 3835 1041 3882 natus
1054 3841 1110 3882 non
1128 3831 1169 3880 cst
1181 3827 1329 3893 baptismo,
1342 3841 1393 3882 nec
1412 3829 1439 3880 in
1455 3831 1546 3883 Eccle-

333 3921 423 3970 tamcn
442 3917 509 3970 iilud
529 3918 639 3985 penitus
657 3917 820 3985 denegavit,
833 3916 873 3969 uti
890 3929 922 3970 ca
958 3915 998 3969 sia
1010 3901 1124 3968 nruner'e
1142 3912 1252 3979 alioque
1270 3924 1348 3967 sacro
1370 3914 1445 3982 iungi
1456 3917 1545 3979 ualet,

296 4051 303 4058 .
333 4000 517 4057 vetustissima
544 4002 690 4056 traditione
715 4008 743 4057 et
774 4008 924 4057 consuctu-
958 4000 1005 4068 qui
1018 4001 1105 4066 ipsam
1117 3999 1228 4066 januam
1238 3999 1310 4052 baud
1323 4005 1365 4053 est
1374 4000 1546 4068 ingressus.²

357 4276 384 4328 (ll
398 4277 422 4318 ld
431 4278 525 4323 latentur
533 4275 646 4330 anglicani
656 4281 697 4317 art.
706 4274 764 4318 usi.
958 4270 1081 4324 suscepisse
1093 4267 1213 4312 censendus
1221 4273 1254 4310 cst
1271 4277 1314 4310 una
1332 4279 1381 4310 cum
1397 4269 1506 4325 barnaba,
1518 4285 1543 4316 ea

357 4345 383 4399 (t)
392 4347 444 4388 Tota
451 4351 508 4388 errat
517 4358 540 4388 re
549 4347 663 4399 Staumoo,
671 4343 794 4400 Episcopal.
804 4343 835 4396 (iu
843 4354 919 4398 opere:
954 4340 1067 4382 occasione
1077 4349 1126 4392 que
1135 4340 1238 4378 sotorum
1246 4336 1291 4377 aiii.
1304 4337 1374 4390 capite
1382 4339 1480 4382 retertur.
1488 4343 1543 4384 Eum

332 4415 494 4470 Adictiomry
511 4416 539 4468 os
548 4416 585 4457 tte
602 4415 693 4464 citaret,
709 4414 764 4456 Nece
779 4413 919 4462 loretum,
954 4410 1021 4464 paulo
1039 4413 1089 4462 post
1111 4405 1245 4460 ltaptismum
1269 4405 1390 4448 Sacerdotio
1416 4409 1544 4462 insignitum

332 4491 378 4526 ort
389 4486 433 4539 Lsp
446 4484 553 4538 Baptista)
568 4485 608 4538 qui
619 4484 712 4525 Paulum
721 4480 861 4536 Apostoiatus
872 4493 919 4522 mu·
954 4479 1075 4522 verosimile
1084 4477 1175 4528 ridetur,
1184 4487 1252 4528 quum
1267 4477 1406 4519 concionibus
1417 4478 1480 4520 iidem
1498 4493 1544 4522 ma·

333 4565 383 4596 bers
391 4554 491 4607 gavisum
503 4560 608 4596 esseame
627 4551 921 4606 Baptismumdicithnam·
957 4561 999 4602 qno
1020 4549 1065 4590 selo
1082 4546 1228 4590 vindicaverit.
1254 4547 1374 4589 audiantur
1398 4549 1542 4592 oxonienses:

333 4624 365 4666 ris
373 4625 431 4665 cuim
440 4624 540 4667 Christus
548 4635 598 4665 cum
608 4623 630 4664 in
640 4623 660 4663 id
670 4620 771 4672 elegerit,
779 4620 837 4661 band
850 4626 921 4660 tamen
956 4635 967 4660 e
981 4621 1043 4660 were
1052 4619 1115 4666 there,
1129 4628 1171 4670 sup
1181 4627 1222 4657 oue
1237 4628 1314 4670 person
1329 4617 1378 4659 who
1392 4617 1462 4669 might
1472 4619 1543 4670 ,lrom

335 4693 444 4746 suscipere
452 4694 512 4735 iltius
520 4692 645 4734 exercitium
654 4690 742 4737 debuit,
752 4689 795 4732 nisi
803 4689 922 4743 baptismo,
954 4690 992 4730 the
1001 4701 1051 4742 very
1060 4687 1157 4741 peculias
1165 4687 1332 4729 circumstances
1350 4686 1375 4727 oi
1389 4687 1424 4727 bis
1441 4687 1481 4728 call
1499 4688 1542 4728 and

335 4767 356 4803 et
365 4762 445 4804 Ordine
456 4762 570 4814 susceptis.
585 4762 651 4803 Porro
666 4760 809 4814 Episcopatus
819 4759 920 4802 Ordinem
956 4759 1097 4810 conversios,
1113 4757 1168 4798 lrsre
1185 4757 1228 4800 bad
1253 4758 1348 4812 grounds
1365 4757 1399 4799 ios
1417 4755 1543 4806 conceiring
