<?xml version="1.0" encoding="UTF-8"?>
<!DOCTYPE html PUBLIC "-//W3C//DTD XHTML 1.0 Transitional//EN"
    "http://www.w3.org/TR/xhtml1/DTD/xhtml1-transitional.dtd">
<html xmlns="http://www.w3.org/1999/xhtml" xml:lang="en" lang="en">
 <head>
  <title>
</title>
<meta http-equiv="Content-Type" content="text/html;charset=utf-8" />
  <meta name='ocr-system' content='tesseract 3.04.00' />
  <meta name='ocr-capabilities' content='ocr_page ocr_carea ocr_par ocr_line ocrx_word'/>
</head>
<body>
  <div class='ocr_page' id='page_1' title='image "./theologiadogmat02kenrgoog/theologiadogmat02kenrgoog_0080.png"; bbox 0 0 3792 5550; ppageno 0'>
   <div class='ocr_carea' id='block_1_1' title="bbox 378 563 1245 622">
    <p class='ocr_par' dir='ltr' id='par_1_1' title="bbox 378 563 1245 622">
     <span class='ocr_line' id='line_1_1' title="bbox 378 563 1245 622; baseline -0.009 0"><span class='ocrx_word' id='word_1_1' title='bbox 378 567 414 622; x_wconf 77' lang='grc'><strong>66</strong></span> <span class='ocrx_word' id='word_1_2' title='bbox 450 586 453 593; x_wconf 94' lang='grc'><em>·</em></span> <span class='ocrx_word' id='word_1_3' title='bbox 711 565 826 616; x_wconf 76' lang='lat' dir='ltr'><strong>lutet.</strong></span> <span class='ocrx_word' id='word_1_4' title='bbox 844 565 898 615; x_wconf 83' lang='lat' dir='ltr'><strong>llll.</strong></span> <span class='ocrx_word' id='word_1_5' title='bbox 915 565 958 617; x_wconf 73' lang='grc' dir='ltr'><strong>ΜΞ</strong></span> <span class='ocrx_word' id='word_1_6' title='bbox 975 563 1245 617; x_wconf 69' lang='lat' dir='ltr'><strong>coartantibus.</strong></span> 
     </span>
    </p>
   </div>
   <div class='ocr_carea' id='block_1_2' title="bbox 335 678 1601 3130">
    <p class='ocr_par' dir='ltr' id='par_1_2' title="bbox 335 678 1601 3130">
     <span class='ocr_line' id='line_1_2' title="bbox 381 678 1595 751; baseline -0.001 -14"><span class='ocrx_word' id='word_1_7' title='bbox 381 683 561 751; x_wconf 83' lang='lat' dir='ltr'><strong>perlicerent,</strong></span> <span class='ocrx_word' id='word_1_8' title='bbox 572 682 617 735; x_wconf 91' lang='lat' dir='ltr'><strong>sui</strong></span> <span class='ocrx_word' id='word_1_9' title='bbox 633 680 740 735; x_wconf 80' lang='lat' dir='ltr'><strong>ordinis</strong></span> <span class='ocrx_word' id='word_1_10' title='bbox 752 678 924 745; x_wconf 79' lang='lat' dir='ltr'><strong>privilegium</strong></span> <span class='ocrx_word' id='word_1_11' title='bbox 942 683 971 731; x_wconf 90' lang='lat' dir='ltr'><strong>et</strong></span> <span class='ocrx_word' id='word_1_12' title='bbox 1003 678 1115 745; x_wconf 78' lang='lat' dir='ltr'><strong>cuidem</strong></span> <span class='ocrx_word' id='word_1_13' title='bbox 1126 678 1262 741; x_wconf 85' lang='lat' dir='ltr'><strong>universi,</strong></span> <span class='ocrx_word' id='word_1_14' title='bbox 1276 692 1359 734; x_wconf 90' lang='lat' dir='ltr'><strong>nemo</strong></span> <span class='ocrx_word' id='word_1_15' title='bbox 1370 681 1449 735; x_wconf 88' lang='lat' dir='ltr'><strong>lacile</strong></span> <span class='ocrx_word' id='word_1_16' title='bbox 1457 682 1595 737; x_wconf 77' lang='lat' dir='ltr'><strong>suadebit.</strong></span> 
     </span>
     <span class='ocr_line' id='line_1_3' title="bbox 381 763 1599 833; baseline -0.002 -10"><span class='ocrx_word' id='word_1_17' title='bbox 381 771 476 823; x_wconf 90' lang='lat' dir='ltr'><strong>decus.</strong></span> <span class='ocrx_word' id='word_1_18' title='bbox 489 770 624 822; x_wconf 85' lang='lat' dir='ltr'><strong>Constans</strong></span> <span class='ocrx_word' id='word_1_19' title='bbox 636 766 706 819; x_wconf 89' lang='lat' dir='ltr'><strong>adeo</strong></span> <span class='ocrx_word' id='word_1_20' title='bbox 718 764 886 818; x_wconf 89' lang='lat' dir='ltr'><strong>etsolemnis</strong></span> <span class='ocrx_word' id='word_1_21' title='bbox 897 775 969 827; x_wconf 90' lang='lat' dir='ltr'><strong>mos,</strong></span> <span class='ocrx_word' id='word_1_22' title='bbox 1004 764 1115 831; x_wconf 79' lang='lat' dir='ltr'><strong>Singula</strong></span> <span class='ocrx_word' id='word_1_23' title='bbox 1139 763 1303 817; x_wconf 75' lang='lat' dir='ltr'><strong>narrationis</strong></span> <span class='ocrx_word' id='word_1_24' title='bbox 1326 766 1453 833; x_wconf 79' lang='lat' dir='ltr'><strong>adjuncta</strong></span> <span class='ocrx_word' id='word_1_25' title='bbox 1479 768 1599 822; x_wconf 83' lang='lat' dir='ltr'><strong>suadent</strong></span> 
     </span>
     <span class='ocr_line' id='line_1_4' title="bbox 381 848 1598 921; baseline -0.002 -12"><span class='ocrx_word' id='word_1_26' title='bbox 381 856 460 921; x_wconf 73' lang='lat' dir='ltr'><strong>cuius</strong></span> <span class='ocrx_word' id='word_1_27' title='bbox 487 853 564 919; x_wconf 77' lang='lat' dir='ltr'><strong>origo</strong></span> <span class='ocrx_word' id='word_1_28' title='bbox 592 851 627 903; x_wconf 87' lang='lat' dir='ltr'><strong>ad</strong></span> <span class='ocrx_word' id='word_1_29' title='bbox 650 850 843 917; x_wconf 78' lang='lat' dir='ltr'><strong>Apostolorum</strong></span> <span class='ocrx_word' id='word_1_30' title='bbox 860 851 982 905; x_wconf 76' lang='lat' dir='ltr'><strong>aetatem.</strong></span> <span class='ocrx_word' id='word_1_31' title='bbox 1004 848 1146 901; x_wconf 85' lang='lat' dir='ltr'><strong>ministerii</strong></span> <span class='ocrx_word' id='word_1_32' title='bbox 1159 862 1259 902; x_wconf 89' lang='lat' dir='ltr'><strong>munus</strong></span> <span class='ocrx_word' id='word_1_33' title='bbox 1274 848 1382 912; x_wconf 85' lang='lat' dir='ltr'><strong>reterri,</strong></span> <span class='ocrx_word' id='word_1_34' title='bbox 1401 856 1428 904; x_wconf 88' lang='lat' dir='ltr'><strong>et</strong></span> <span class='ocrx_word' id='word_1_35' title='bbox 1440 851 1521 905; x_wconf 90' lang='lat' dir='ltr'><strong>ritum</strong></span> <span class='ocrx_word' id='word_1_36' title='bbox 1533 852 1598 909; x_wconf 87' lang='lat' dir='ltr'><strong>ideo</strong></span> 
     </span>
     <span class='ocr_line' id='line_1_5' title="bbox 380 933 1599 1004; baseline -0.001 -11"><span class='ocrx_word' id='word_1_37' title='bbox 380 939 588 1000; x_wconf 82' lang='lat' dir='ltr'><strong>retrotrahitur,</strong></span> <span class='ocrx_word' id='word_1_38' title='bbox 608 936 690 990; x_wconf 88' lang='lat' dir='ltr'><strong>debet</strong></span> <span class='ocrx_word' id='word_1_39' title='bbox 718 933 875 988; x_wconf 90' lang='lat' dir='ltr'><strong>necessario</strong></span> <span class='ocrx_word' id='word_1_40' title='bbox 900 934 970 985; x_wconf 90' lang='lat' dir='ltr'><strong>inter</strong></span> <span class='ocrx_word' id='word_1_41' title='bbox 1003 939 1142 1000; x_wconf 89' lang='lat' dir='ltr'><strong>peractum</strong></span> <span class='ocrx_word' id='word_1_42' title='bbox 1153 946 1215 987; x_wconf 85' lang='lat' dir='ltr'><strong>esse</strong></span> <span class='ocrx_word' id='word_1_43' title='bbox 1226 972 1235 998; x_wconf 94' lang='lat'><strong>,</strong></span> <span class='ocrx_word' id='word_1_44' title='bbox 1247 939 1277 987; x_wconf 93' lang='lat' dir='ltr'><strong>ut</strong></span> <span class='ocrx_word' id='word_1_45' title='bbox 1285 934 1401 1001; x_wconf 91' lang='lat' dir='ltr'><strong>Spiritus</strong></span> <span class='ocrx_word' id='word_1_46' title='bbox 1414 942 1526 990; x_wconf 89' lang='lat' dir='ltr'><strong>sauctus</strong></span> <span class='ocrx_word' id='word_1_47' title='bbox 1538 938 1599 1004; x_wconf 88' lang='lat' dir='ltr'><strong>ipse</strong></span> 
     </span>
     <span class='ocr_line' id='line_1_6' title="bbox 381 1018 1601 1086; baseline -0.002 -8"><span class='ocrx_word' id='word_1_48' title='bbox 381 1026 474 1078; x_wconf 85' lang='lat' dir='ltr'><strong>munia</strong></span> <span class='ocrx_word' id='word_1_49' title='bbox 498 1023 641 1077; x_wconf 90' lang='lat' dir='ltr'><strong>ministerii</strong></span> <span class='ocrx_word' id='word_1_50' title='bbox 670 1020 827 1084; x_wconf 78' lang='lat' dir='ltr'><strong>recenseri,</strong></span> <span class='ocrx_word' id='word_1_51' title='bbox 855 1018 970 1086; x_wconf 85' lang='lat' dir='ltr'><strong>proinde</strong></span> <span class='ocrx_word' id='word_1_52' title='bbox 1004 1019 1131 1072; x_wconf 86' lang='lat' dir='ltr'><strong>fidelibus</strong></span> <span class='ocrx_word' id='word_1_53' title='bbox 1149 1018 1316 1073; x_wconf 82' lang='lat' dir='ltr'><strong>illaberetur.</strong></span> <span class='ocrx_word' id='word_1_54' title='bbox 1334 1020 1411 1083; x_wconf 82' lang='lat' dir='ltr'><strong>Quod</strong></span> <span class='ocrx_word' id='word_1_55' title='bbox 1427 1026 1519 1075; x_wconf 88' lang='lat' dir='ltr'><strong>autem</strong></span> <span class='ocrx_word' id='word_1_56' title='bbox 1537 1024 1601 1077; x_wconf 86' lang='lat' dir='ltr'><strong>Cal·</strong></span> 
     </span>
     <span class='ocr_line' id='line_1_7' title="bbox 381 1103 1599 1173; baseline -0.001 -10"><span class='ocrx_word' id='word_1_57' title='bbox 381 1109 563 1164; x_wconf 77' lang='lat' dir='ltr'><strong>interemisti</strong></span> <span class='ocrx_word' id='word_1_58' title='bbox 582 1107 705 1161; x_wconf 89' lang='lat' dir='ltr'><strong>instituta</strong></span> <span class='ocrx_word' id='word_1_59' title='bbox 712 1110 726 1170; x_wconf 70' lang='lat' dir='ltr'><strong>j:</strong></span> <span class='ocrx_word' id='word_1_60' title='bbox 740 1106 830 1173; x_wconf 71' lang='lat' dir='ltr'><strong>agitur</strong></span> <span class='ocrx_word' id='word_1_61' title='bbox 846 1104 921 1158; x_wconf 90' lang='lat' dir='ltr'><strong>enim</strong></span> <span class='ocrx_word' id='word_1_62' title='bbox 934 1103 970 1156; x_wconf 95' lang='lat' dir='ltr'><strong>de</strong></span> <span class='ocrx_word' id='word_1_63' title='bbox 1003 1104 1083 1158; x_wconf 88' lang='lat' dir='ltr'><strong>vinus</strong></span> <span class='ocrx_word' id='word_1_64' title='bbox 1095 1104 1194 1157; x_wconf 88' lang='lat' dir='ltr'><strong>asserit</strong></span> <span class='ocrx_word' id='word_1_65' title='bbox 1212 1104 1246 1157; x_wconf 86' lang='lat' dir='ltr'><strong>de</strong></span> <span class='ocrx_word' id='word_1_66' title='bbox 1264 1117 1393 1157; x_wconf 87' lang='lat' dir='ltr'><strong>manuum</strong></span> <span class='ocrx_word' id='word_1_67' title='bbox 1410 1105 1599 1172; x_wconf 87' lang='lat' dir='ltr'><strong>impositionis</strong></span> 
     </span>
     <span class='ocr_line' id='line_1_8' title="bbox 380 1188 1598 1262; baseline -0.001 -14"><span class='ocrx_word' id='word_1_68' title='bbox 380 1197 434 1249; x_wconf 90' lang='lat' dir='ltr'><strong>ritu</strong></span> <span class='ocrx_word' id='word_1_69' title='bbox 456 1207 510 1261; x_wconf 88' lang='lat' dir='ltr'><strong>quo</strong></span> <span class='ocrx_word' id='word_1_70' title='bbox 535 1195 621 1262; x_wconf 77' lang='lat' dir='ltr'><strong>gratia</strong></span> <span class='ocrx_word' id='word_1_71' title='bbox 645 1194 761 1260; x_wconf 87' lang='lat' dir='ltr'><strong>Spiritus</strong></span> <span class='ocrx_word' id='word_1_72' title='bbox 785 1191 871 1245; x_wconf 89' lang='lat' dir='ltr'><strong>sancti</strong></span> <span class='ocrx_word' id='word_1_73' title='bbox 902 1203 971 1243; x_wconf 85' lang='lat' dir='ltr'><strong>con·</strong></span> <span class='ocrx_word' id='word_1_74' title='bbox 1003 1190 1223 1257; x_wconf 82' lang='lat' dir='ltr'><strong>significatione,</strong></span> <span class='ocrx_word' id='word_1_75' title='bbox 1243 1188 1326 1255; x_wconf 80' lang='lat' dir='ltr'><strong>gratis</strong></span> <span class='ocrx_word' id='word_1_76' title='bbox 1352 1190 1484 1257; x_wconf 83' lang='lat' dir='ltr'><strong>fingitur,</strong></span> <span class='ocrx_word' id='word_1_77' title='bbox 1511 1208 1598 1259; x_wconf 83' lang='lat' dir='ltr'><strong>qrrum</strong></span> 
     </span>
     <span class='ocr_line' id='line_1_9' title="bbox 380 1273 1598 1341; baseline -0.002 -8"><span class='ocrx_word' id='word_1_78' title='bbox 380 1282 475 1335; x_wconf 87' lang='lat' dir='ltr'><strong>lertur.</strong></span> <span class='ocrx_word' id='word_1_79' title='bbox 1002 1279 1099 1341; x_wconf 89' lang='lat' dir='ltr'><strong>postea</strong></span> <span class='ocrx_word' id='word_1_80' title='bbox 1119 1288 1151 1327; x_wconf 84' lang='lat' dir='ltr'><strong>ex</strong></span> <span class='ocrx_word' id='word_1_81' title='bbox 1165 1288 1246 1340; x_wconf 90' lang='lat' dir='ltr'><strong>prece</strong></span> <span class='ocrx_word' id='word_1_82' title='bbox 1260 1275 1342 1327; x_wconf 92' lang='lat' dir='ltr'><strong>simul</strong></span> <span class='ocrx_word' id='word_1_83' title='bbox 1359 1273 1445 1328; x_wconf 74' lang='lat' dir='ltr'><strong>effusa</strong></span> <span class='ocrx_word' id='word_1_84' title='bbox 1467 1276 1598 1331; x_wconf 80' lang='lat' dir='ltr'><strong>delinitur</strong></span> 
     </span>
     <span class='ocr_line' id='line_1_10' title="bbox 413 1357 1597 1425; baseline -0.002 -7"><span class='ocrx_word' id='word_1_85' title='bbox 413 1368 455 1418; x_wconf 82' lang='lat' dir='ltr'><strong>ld.</strong></span> <span class='ocrx_word' id='word_1_86' title='bbox 467 1362 637 1418; x_wconf 83' lang='lat' dir='ltr'><strong>conveniunt</strong></span> <span class='ocrx_word' id='word_1_87' title='bbox 648 1360 733 1414; x_wconf 83' lang='lat' dir='ltr'><strong>Graeci</strong></span> <span class='ocrx_word' id='word_1_88' title='bbox 743 1358 910 1413; x_wconf 84' lang='lat' dir='ltr'><strong>schismatici</strong></span> <span class='ocrx_word' id='word_1_89' title='bbox 919 1360 966 1425; x_wconf 86' lang='lat' dir='ltr'><strong>qui</strong></span> <span class='ocrx_word' id='word_1_90' title='bbox 1003 1358 1038 1411; x_wconf 89' lang='lat' dir='ltr'><strong>ad</strong></span> <span class='ocrx_word' id='word_1_91' title='bbox 1048 1359 1102 1412; x_wconf 90' lang='lat' dir='ltr'><strong>vim</strong></span> <span class='ocrx_word' id='word_1_92' title='bbox 1113 1357 1228 1425; x_wconf 89' lang='lat' dir='ltr'><strong>Spiritus</strong></span> <span class='ocrx_word' id='word_1_93' title='bbox 1241 1361 1328 1413; x_wconf 87' lang='lat' dir='ltr'><strong>sancti</strong></span> <span class='ocrx_word' id='word_1_94' title='bbox 1342 1359 1442 1413; x_wconf 84' lang='lat' dir='ltr'><strong>animae</strong></span> <span class='ocrx_word' id='word_1_95' title='bbox 1458 1362 1597 1417; x_wconf 90' lang='lat' dir='ltr'><strong>illabentis</strong></span> 
     </span>
     <span class='ocr_line' id='line_1_11' title="bbox 379 1442 1188 1511; baseline -0.009 -7"><span class='ocrx_word' id='word_1_96' title='bbox 379 1450 463 1505; x_wconf 77' lang='lat' dir='ltr'><strong>ritum</strong></span> <span class='ocrx_word' id='word_1_97' title='bbox 474 1450 547 1501; x_wconf 92' lang='lat' dir='ltr'><strong>hunc</strong></span> <span class='ocrx_word' id='word_1_98' title='bbox 558 1446 585 1499; x_wconf 94' lang='lat' dir='ltr'><strong>in</strong></span> <span class='ocrx_word' id='word_1_99' title='bbox 595 1446 653 1499; x_wconf 91' lang='lat' dir='ltr'><strong>suis</strong></span> <span class='ocrx_word' id='word_1_100' title='bbox 664 1446 765 1497; x_wconf 89' lang='lat' dir='ltr'><strong>babent</strong></span> <span class='ocrx_word' id='word_1_101' title='bbox 782 1442 968 1511; x_wconf 78' lang='lat' dir='ltr'><strong>Euchologiis,</strong></span> <span class='ocrx_word' id='word_1_102' title='bbox 1003 1444 1188 1498; x_wconf 90' lang='lat' dir='ltr'><strong>indicandam.</strong></span> 
     </span>
     <span class='ocr_line' id='line_1_12' title="bbox 377 1528 1598 1598; baseline -0.002 -10"><span class='ocrx_word' id='word_1_103' title='bbox 377 1542 407 1588; x_wconf 90' lang='lat' dir='ltr'><strong>et</strong></span> <span class='ocrx_word' id='word_1_104' title='bbox 434 1536 492 1588; x_wconf 89' lang='lat' dir='ltr'><strong>suis</strong></span> <span class='ocrx_word' id='word_1_105' title='bbox 518 1533 580 1585; x_wconf 85' lang='lat' dir='ltr'><strong>fidei</strong></span> <span class='ocrx_word' id='word_1_106' title='bbox 604 1530 823 1585; x_wconf 81' lang='lat' dir='ltr'><strong>confessionibus</strong></span> <span class='ocrx_word' id='word_1_107' title='bbox 848 1530 970 1582; x_wconf 88' lang='lat' dir='ltr'><strong>inserue-</strong></span> <span class='ocrx_word' id='word_1_108' title='bbox 1038 1531 1080 1582; x_wconf 83' lang='lat' dir='ltr'><strong>le.</strong></span> <span class='ocrx_word' id='word_1_109' title='bbox 1100 1528 1160 1595; x_wconf 82' lang='lat' dir='ltr'><strong>obj.</strong></span> <span class='ocrx_word' id='word_1_110' title='bbox 1178 1528 1204 1583; x_wconf 77' lang='lat'><strong>2.</strong></span> <span class='ocrx_word' id='word_1_111' title='bbox 1228 1528 1379 1595; x_wconf 76' lang='lat' dir='ltr'><strong>«Apostoli</strong></span> <span class='ocrx_word' id='word_1_112' title='bbox 1399 1542 1498 1585; x_wconf 88' lang='lat' dir='ltr'><strong>manus</strong></span> <span class='ocrx_word' id='word_1_113' title='bbox 1511 1531 1598 1598; x_wconf 89' lang='lat' dir='ltr'><strong>impo-</strong></span> 
     </span>
     <span class='ocr_line' id='line_1_13' title="bbox 335 1614 1597 1683; baseline -0.002 -11"><span class='ocrx_word' id='word_1_114' title='bbox 335 1659 339 1665; x_wconf 88' lang='lat'>.</span> <span class='ocrx_word' id='word_1_115' title='bbox 378 1624 464 1683; x_wconf 93' lang='lat' dir='ltr'><strong>runt,</strong></span> <span class='ocrx_word' id='word_1_116' title='bbox 485 1619 524 1670; x_wconf 89' lang='lat' dir='ltr'><strong>uti</strong></span> <span class='ocrx_word' id='word_1_117' title='bbox 543 1617 629 1683; x_wconf 86' lang='lat' dir='ltr'><strong>liquet</strong></span> <span class='ocrx_word' id='word_1_118' title='bbox 646 1616 717 1668; x_wconf 90' lang='lat' dir='ltr'><strong>inter</strong></span> <span class='ocrx_word' id='word_1_119' title='bbox 734 1620 832 1668; x_wconf 77' lang='lat' dir='ltr'><strong>caetera</strong></span> <span class='ocrx_word' id='word_1_120' title='bbox 857 1628 891 1667; x_wconf 85' lang='lat' dir='ltr'><strong>ex</strong></span> <span class='ocrx_word' id='word_1_121' title='bbox 910 1614 971 1666; x_wconf 85' lang='lat' dir='ltr'><strong>llic-</strong></span> <span class='ocrx_word' id='word_1_122' title='bbox 1003 1614 1106 1667; x_wconf 89' lang='lat' dir='ltr'><strong>nebant</strong></span> <span class='ocrx_word' id='word_1_123' title='bbox 1120 1626 1169 1679; x_wconf 91' lang='lat' dir='ltr'><strong>pro</strong></span> <span class='ocrx_word' id='word_1_124' title='bbox 1186 1626 1220 1666; x_wconf 91' lang='lat' dir='ltr'><strong>eo</strong></span> <span class='ocrx_word' id='word_1_125' title='bbox 1239 1617 1380 1679; x_wconf 89' lang='lat' dir='ltr'><strong>tempore,</strong></span> <span class='ocrx_word' id='word_1_126' title='bbox 1399 1627 1454 1680; x_wconf 86' lang='lat' dir='ltr'><strong>quo</strong></span> <span class='ocrx_word' id='word_1_127' title='bbox 1471 1615 1597 1669; x_wconf 82' lang='lat' dir='ltr'><strong>risibiles</strong></span> 
     </span>
     <span class='ocr_line' id='line_1_14' title="bbox 379 1697 1598 1770; baseline -0.002 -14"><span class='ocrx_word' id='word_1_128' title='bbox 379 1703 570 1770; x_wconf 83' lang='lat' dir='ltr'><strong>rosolymitana</strong></span> <span class='ocrx_word' id='word_1_129' title='bbox 583 1702 694 1769; x_wconf 84' lang='lat' dir='ltr'><strong>Synodo</strong></span> <span class='ocrx_word' id='word_1_130' title='bbox 706 1713 779 1754; x_wconf 91' lang='lat' dir='ltr'><strong>anno</strong></span> <span class='ocrx_word' id='word_1_131' title='bbox 792 1702 857 1752; x_wconf 79' lang='lat'><strong>1670</strong></span> <span class='ocrx_word' id='word_1_132' title='bbox 866 1700 969 1764; x_wconf 86' lang='lat' dir='ltr'><strong>habita,</strong></span> <span class='ocrx_word' id='word_1_133' title='bbox 1003 1699 1119 1765; x_wconf 88' lang='lat' dir='ltr'><strong>Spiritus</strong></span> <span class='ocrx_word' id='word_1_134' title='bbox 1131 1697 1216 1751; x_wconf 88' lang='lat' dir='ltr'><strong>sancti</strong></span> <span class='ocrx_word' id='word_1_135' title='bbox 1228 1698 1329 1763; x_wconf 82' lang='lat' dir='ltr'><strong>gratias</strong></span> <span class='ocrx_word' id='word_1_136' title='bbox 1339 1698 1373 1750; x_wconf 85' lang='lat' dir='ltr'><strong>ad</strong></span> <span class='ocrx_word' id='word_1_137' title='bbox 1385 1712 1480 1752; x_wconf 89' lang='lat' dir='ltr'><strong>eorum</strong></span> <span class='ocrx_word' id='word_1_138' title='bbox 1500 1714 1598 1767; x_wconf 89' lang='lat' dir='ltr'><strong>preces</strong></span> 
     </span>
     <span class='ocr_line' id='line_1_15' title="bbox 377 1784 1598 1853; baseline -0.002 -11"><span class='ocrx_word' id='word_1_139' title='bbox 377 1790 431 1842; x_wconf 93' lang='lat' dir='ltr'><strong>sub</strong></span> <span class='ocrx_word' id='word_1_140' title='bbox 449 1788 577 1842; x_wconf 81' lang='lat' dir='ltr'><strong>Dositheo</strong></span> <span class='ocrx_word' id='word_1_141' title='bbox 593 1787 754 1853; x_wconf 86' lang='lat' dir='ltr'><strong>patriarcha.</strong></span> <span class='ocrx_word' id='word_1_142' title='bbox 776 1789 813 1839; x_wconf 86' lang='lat' dir='ltr'><strong>be</strong></span> <span class='ocrx_word' id='word_1_143' title='bbox 834 1784 969 1838; x_wconf 83' lang='lat' dir='ltr'><strong>chaldaeis</strong></span> <span class='ocrx_word' id='word_1_144' title='bbox 1003 1784 1188 1838; x_wconf 89' lang='lat' dir='ltr'><strong>administrari</strong></span> <span class='ocrx_word' id='word_1_145' title='bbox 1221 1784 1337 1838; x_wconf 86' lang='lat' dir='ltr'><strong>bomino</strong></span> <span class='ocrx_word' id='word_1_146' title='bbox 1357 1786 1509 1851; x_wconf 85' lang='lat' dir='ltr'><strong>placebat,</strong></span> <span class='ocrx_word' id='word_1_147' title='bbox 1539 1799 1598 1840; x_wconf 91' lang='lat' dir='ltr'><strong>non</strong></span> 
     </span>
     <span class='ocr_line' id='line_1_16' title="bbox 377 1869 1598 1940; baseline -0.002 -14"><span class='ocrx_word' id='word_1_148' title='bbox 377 1875 493 1940; x_wconf 84' lang='lat' dir='ltr'><strong>aliisque</strong></span> <span class='ocrx_word' id='word_1_149' title='bbox 515 1873 597 1927; x_wconf 89' lang='lat' dir='ltr'><strong>sectis</strong></span> <span class='ocrx_word' id='word_1_150' title='bbox 617 1871 799 1926; x_wconf 84' lang='lat' dir='ltr'><strong>Orientalibus</strong></span> <span class='ocrx_word' id='word_1_151' title='bbox 817 1872 890 1924; x_wconf 89' lang='lat' dir='ltr'><strong>idem</strong></span> <span class='ocrx_word' id='word_1_152' title='bbox 901 1882 970 1924; x_wconf 91' lang='lat' dir='ltr'><strong>con·</strong></span> <span class='ocrx_word' id='word_1_153' title='bbox 1003 1876 1032 1923; x_wconf 91' lang='lat' dir='ltr'><strong>ut</strong></span> <span class='ocrx_word' id='word_1_154' title='bbox 1046 1869 1148 1937; x_wconf 87' lang='lat' dir='ltr'><strong>posteri</strong></span> <span class='ocrx_word' id='word_1_155' title='bbox 1166 1882 1283 1924; x_wconf 88' lang='lat' dir='ltr'><strong>vacuum</strong></span> <span class='ocrx_word' id='word_1_156' title='bbox 1299 1876 1326 1923; x_wconf 89' lang='lat' dir='ltr'><strong>et</strong></span> <span class='ocrx_word' id='word_1_157' title='bbox 1342 1871 1468 1937; x_wconf 73' lang='lat' dir='ltr'><strong>frigidum</strong></span> <span class='ocrx_word' id='word_1_158' title='bbox 1486 1871 1598 1939; x_wconf 78' lang='lat' dir='ltr'><strong>signum</strong></span> 
     </span>
     <span class='ocr_line' id='line_1_17' title="bbox 377 1955 1598 2023; baseline 0 -11"><span class='ocrx_word' id='word_1_159' title='bbox 377 1960 464 2013; x_wconf 87' lang='lat' dir='ltr'><strong>stat.¹</strong></span> <span class='ocrx_word' id='word_1_160' title='bbox 1003 1956 1094 2023; x_wconf 83' lang='lat' dir='ltr'><strong>(quod</strong></span> <span class='ocrx_word' id='word_1_161' title='bbox 1122 1955 1209 2009; x_wconf 83' lang='lat' dir='ltr'><strong>simiae</strong></span> <span class='ocrx_word' id='word_1_162' title='bbox 1238 1956 1297 2009; x_wconf 83' lang='lat' dir='ltr'><strong>istae</strong></span> <span class='ocrx_word' id='word_1_163' title='bbox 1327 1956 1445 2022; x_wconf 81' lang='lat' dir='ltr'><strong>iaciunt)</strong></span> <span class='ocrx_word' id='word_1_164' title='bbox 1487 1959 1598 2013; x_wconf 87' lang='lat' dir='ltr'><strong>mimice</strong></span> 
     </span>
     <span class='ocr_line' id='line_1_18' title="bbox 586 2040 1597 2108; baseline 0 -12"><span class='ocrx_word' id='word_1_165' title='bbox 586 2042 761 2108; x_wconf 78' lang='lat' dir='ltr'><strong>objectiones.</strong></span> <span class='ocrx_word' id='word_1_166' title='bbox 1003 2047 1109 2093; x_wconf 89' lang='lat' dir='ltr'><strong>tantum</strong></span> <span class='ocrx_word' id='word_1_167' title='bbox 1126 2047 1153 2095; x_wconf 87' lang='lat' dir='ltr'><strong>et</strong></span> <span class='ocrx_word' id='word_1_168' title='bbox 1167 2042 1226 2095; x_wconf 92' lang='lat' dir='ltr'><strong>sine</strong></span> <span class='ocrx_word' id='word_1_169' title='bbox 1239 2055 1269 2095; x_wconf 88' lang='lat' dir='ltr'><strong>re</strong></span> <span class='ocrx_word' id='word_1_170' title='bbox 1282 2041 1429 2096; x_wconf 83' lang='lat' dir='ltr'><strong>efficerent.</strong></span> <span class='ocrx_word' id='word_1_171' title='bbox 1449 2064 1462 2091; x_wconf 70' lang='lat' dir='ltr'><strong>a</strong></span> <span class='ocrx_word' id='word_1_172' title='bbox 1479 2040 1490 2073; x_wconf 80' lang='lat'>⁸</span> <span class='ocrx_word' id='word_1_173' title='bbox 1508 2044 1597 2098; x_wconf 82' lang='lat' dir='ltr'><strong>Calvi·</strong></span> 
     </span>
     <span class='ocr_line' id='line_1_19' title="bbox 412 2123 1598 2193; baseline 0.001 -13"><span class='ocrx_word' id='word_1_174' title='bbox 412 2132 452 2181; x_wconf 84' lang='lat' dir='ltr'><strong>ll.</strong></span> <span class='ocrx_word' id='word_1_175' title='bbox 467 2129 564 2193; x_wconf 62' lang='lat' dir='ltr'><strong>obit.</strong></span> <span class='ocrx_word' id='word_1_176' title='bbox 580 2126 728 2179; x_wconf 76' lang='lat' dir='ltr'><strong>«visibiles</strong></span> <span class='ocrx_word' id='word_1_177' title='bbox 739 2125 801 2177; x_wconf 85' lang='lat' dir='ltr'><strong>illas</strong></span> <span class='ocrx_word' id='word_1_178' title='bbox 812 2128 839 2176; x_wconf 91' lang='lat' dir='ltr'><strong>et</strong></span> <span class='ocrx_word' id='word_1_179' title='bbox 852 2123 970 2176; x_wconf 90' lang='lat' dir='ltr'><strong>admira·</strong></span> <span class='ocrx_word' id='word_1_180' title='bbox 1002 2140 1056 2178; x_wconf 91' lang='lat' dir='ltr'><strong>nus</strong></span> <span class='ocrx_word' id='word_1_181' title='bbox 1079 2125 1140 2191; x_wconf 88' lang='lat' dir='ltr'><strong>ita,</strong></span> <span class='ocrx_word' id='word_1_182' title='bbox 1163 2141 1196 2180; x_wconf 85' lang='lat' dir='ltr'><strong>ex</strong></span> <span class='ocrx_word' id='word_1_183' title='bbox 1226 2140 1260 2180; x_wconf 91' lang='lat' dir='ltr'><strong>eo</strong></span> <span class='ocrx_word' id='word_1_184' title='bbox 1293 2128 1368 2193; x_wconf 85' lang='lat' dir='ltr'><strong>quod</strong></span> <span class='ocrx_word' id='word_1_185' title='bbox 1394 2126 1516 2181; x_wconf 87' lang='lat' dir='ltr'><strong>visibiles</strong></span> <span class='ocrx_word' id='word_1_186' title='bbox 1540 2127 1598 2181; x_wconf 85' lang='lat' dir='ltr'><strong>illae</strong></span> 
     </span>
     <span class='ocr_line' id='line_1_20' title="bbox 376 2209 1598 2285; baseline -0.002 -18"><span class='ocrx_word' id='word_1_187' title='bbox 376 2216 447 2269; x_wconf 88' lang='lat' dir='ltr'><strong>biles</strong></span> <span class='ocrx_word' id='word_1_188' title='bbox 477 2213 593 2281; x_wconf 85' lang='lat' dir='ltr'><strong>Spiritus</strong></span> <span class='ocrx_word' id='word_1_189' title='bbox 626 2211 712 2264; x_wconf 87' lang='lat' dir='ltr'><strong>sancti</strong></span> <span class='ocrx_word' id='word_1_190' title='bbox 741 2210 868 2278; x_wconf 80' lang='lat' dir='ltr'><strong>gratias,</strong></span> <span class='ocrx_word' id='word_1_191' title='bbox 899 2220 968 2275; x_wconf 81' lang='lat' dir='ltr'><strong>quas</strong></span> <span class='ocrx_word' id='word_1_192' title='bbox 1004 2209 1097 2277; x_wconf 74' lang='lat' dir='ltr'><strong>gratiae</strong></span> <span class='ocrx_word' id='word_1_193' title='bbox 1117 2211 1363 2285; x_wconf 71' lang='lat' dir='ltr'><strong>impresentiarum</strong></span> <span class='ocrx_word' id='word_1_194' title='bbox 1384 2212 1456 2265; x_wconf 87' lang='lat' dir='ltr'><strong>baud</strong></span> <span class='ocrx_word' id='word_1_195' title='bbox 1477 2225 1598 2279; x_wconf 83' lang='lat' dir='ltr'><strong>sequan-</strong></span> 
     </span>
     <span class='ocr_line' id='line_1_21' title="bbox 375 2293 1599 2364; baseline -0.002 -11"><span class='ocrx_word' id='word_1_196' title='bbox 375 2308 442 2353; x_wconf 88' lang='lat' dir='ltr'><strong>tunc</strong></span> <span class='ocrx_word' id='word_1_197' title='bbox 454 2300 481 2352; x_wconf 90' lang='lat' dir='ltr'><strong>in</strong></span> <span class='ocrx_word' id='word_1_198' title='bbox 494 2298 624 2364; x_wconf 90' lang='lat' dir='ltr'><strong>populum</strong></span> <span class='ocrx_word' id='word_1_199' title='bbox 636 2309 716 2349; x_wconf 91' lang='lat' dir='ltr'><strong>suum</strong></span> <span class='ocrx_word' id='word_1_200' title='bbox 730 2293 901 2355; x_wconf 80' lang='lat' dir='ltr'><strong>effundebat,</strong></span> <span class='ocrx_word' id='word_1_201' title='bbox 920 2306 969 2347; x_wconf 89' lang='lat' dir='ltr'><strong>vo·</strong></span> <span class='ocrx_word' id='word_1_202' title='bbox 1002 2297 1047 2346; x_wconf 93' lang='lat' dir='ltr'><strong>tur</strong></span> <span class='ocrx_word' id='word_1_203' title='bbox 1054 2307 1185 2347; x_wconf 86' lang='lat' dir='ltr'><strong>manuum</strong></span> <span class='ocrx_word' id='word_1_204' title='bbox 1197 2294 1400 2362; x_wconf 87' lang='lat' dir='ltr'><strong>impositionem</strong></span> <span class='ocrx_word' id='word_1_205' title='bbox 1411 2334 1419 2360; x_wconf 97' lang='lat'><strong>,</strong></span> <span class='ocrx_word' id='word_1_206' title='bbox 1432 2298 1503 2351; x_wconf 89' lang='lat' dir='ltr'><strong>banc</strong></span> <span class='ocrx_word' id='word_1_207' title='bbox 1515 2298 1599 2352; x_wconf 89' lang='lat' dir='ltr'><strong>omit-</strong></span> 
     </span>
     <span class='ocr_line' id='line_1_22' title="bbox 376 2379 1598 2448; baseline -0.002 -10"><span class='ocrx_word' id='word_1_208' title='bbox 376 2387 428 2439; x_wconf 91' lang='lat' dir='ltr'><strong>luit</strong></span> <span class='ocrx_word' id='word_1_209' title='bbox 440 2386 593 2440; x_wconf 87' lang='lat' dir='ltr'><strong>bominusa</strong></span> <span class='ocrx_word' id='word_1_210' title='bbox 611 2384 668 2437; x_wconf 90' lang='lat' dir='ltr'><strong>suis</strong></span> <span class='ocrx_word' id='word_1_211' title='bbox 685 2381 820 2448; x_wconf 86' lang='lat' dir='ltr'><strong>Apostolis</strong></span> <span class='ocrx_word' id='word_1_212' title='bbox 840 2393 890 2446; x_wconf 94' lang='lat' dir='ltr'><strong>per</strong></span> <span class='ocrx_word' id='word_1_213' title='bbox 905 2393 969 2432; x_wconf 90' lang='lat' dir='ltr'><strong>ma·</strong></span> <span class='ocrx_word' id='word_1_214' title='bbox 1002 2380 1111 2433; x_wconf 86' lang='lat' dir='ltr'><strong>tendam</strong></span> <span class='ocrx_word' id='word_1_215' title='bbox 1126 2417 1134 2445; x_wconf 99' lang='lat'><strong>,</strong></span> <span class='ocrx_word' id='word_1_216' title='bbox 1149 2384 1243 2447; x_wconf 87' lang='lat' dir='ltr'><strong>utpote</strong></span> <span class='ocrx_word' id='word_1_217' title='bbox 1257 2393 1370 2434; x_wconf 90' lang='lat' dir='ltr'><strong>vacuam</strong></span> <span class='ocrx_word' id='word_1_218' title='bbox 1386 2379 1504 2445; x_wconf 80' lang='lat' dir='ltr'><strong>ellectu,</strong></span> <span class='ocrx_word' id='word_1_219' title='bbox 1527 2392 1598 2435; x_wconf 92' lang='lat' dir='ltr'><strong>con-</strong></span> 
     </span>
     <span class='ocr_line' id='line_1_23' title="bbox 376 2464 1098 2535; baseline -0.01 -11"><span class='ocrx_word' id='word_1_220' title='bbox 376 2485 463 2524; x_wconf 92' lang='lat' dir='ltr'><strong>nuum</strong></span> <span class='ocrx_word' id='word_1_221' title='bbox 491 2469 695 2535; x_wconf 88' lang='lat' dir='ltr'><strong>impositionem</strong></span> <span class='ocrx_word' id='word_1_222' title='bbox 725 2464 909 2518; x_wconf 86' lang='lat' dir='ltr'><strong>administrari</strong></span> <span class='ocrx_word' id='word_1_223' title='bbox 940 2468 968 2517; x_wconf 92' lang='lat' dir='ltr'><strong>et</strong></span> <span class='ocrx_word' id='word_1_224' title='bbox 1001 2466 1098 2518; x_wconf 89' lang='lat' dir='ltr'><strong>tendit.</strong></span> 
     </span>
     <span class='ocr_line' id='line_1_24' title="bbox 375 2548 1599 2617; baseline -0.001 -10"><span class='ocrx_word' id='word_1_225' title='bbox 375 2554 513 2607; x_wconf 89' lang='lat' dir='ltr'><strong>distribui.</strong></span> <span class='ocrx_word' id='word_1_226' title='bbox 529 2553 595 2605; x_wconf 91' lang='lat' dir='ltr'><strong>llinc</strong></span> <span class='ocrx_word' id='word_1_227' title='bbox 615 2558 707 2604; x_wconf 82' lang='lat' dir='ltr'><strong>autem</strong></span> <span class='ocrx_word' id='word_1_228' title='bbox 722 2548 889 2616; x_wconf 87' lang='lat' dir='ltr'><strong>impositioni</strong></span> <span class='ocrx_word' id='word_1_229' title='bbox 909 2562 968 2601; x_wconf 91' lang='lat' dir='ltr'><strong>ma·</strong></span> <span class='ocrx_word' id='word_1_230' title='bbox 1035 2550 1078 2602; x_wconf 74' lang='lat'><strong>20.</strong></span> <span class='ocrx_word' id='word_1_231' title='bbox 1101 2550 1179 2617; x_wconf 81' lang='lat' dir='ltr'><strong>liesp.</strong></span> <span class='ocrx_word' id='word_1_232' title='bbox 1202 2550 1324 2616; x_wconf 91' lang='lat' dir='ltr'><strong>Apostoli</strong></span> <span class='ocrx_word' id='word_1_233' title='bbox 1343 2552 1520 2617; x_wconf 88' lang='lat' dir='ltr'><strong>imponebant</strong></span> <span class='ocrx_word' id='word_1_234' title='bbox 1540 2566 1599 2606; x_wconf 88' lang='lat' dir='ltr'><strong>ma·</strong></span> 
     </span>
     <span class='ocr_line' id='line_1_25' title="bbox 376 2631 1599 2702; baseline 0.001 -10"><span class='ocrx_word' id='word_1_235' title='bbox 376 2653 462 2692; x_wconf 92' lang='lat' dir='ltr'><strong>nuum</strong></span> <span class='ocrx_word' id='word_1_236' title='bbox 485 2651 540 2691; x_wconf 93' lang='lat' dir='ltr'><strong>non</strong></span> <span class='ocrx_word' id='word_1_237' title='bbox 571 2637 653 2689; x_wconf 89' lang='lat' dir='ltr'><strong>altius</strong></span> <span class='ocrx_word' id='word_1_238' title='bbox 675 2635 789 2687; x_wconf 89' lang='lat' dir='ltr'><strong>subesse</strong></span> <span class='ocrx_word' id='word_1_239' title='bbox 809 2631 967 2701; x_wconf 82' lang='lat' dir='ltr'><strong>mysterium</strong></span> <span class='ocrx_word' id='word_1_240' title='bbox 1001 2649 1054 2688; x_wconf 92' lang='lat' dir='ltr'><strong>nus</strong></span> <span class='ocrx_word' id='word_1_241' title='bbox 1068 2642 1099 2688; x_wconf 93' lang='lat' dir='ltr'><strong>ut</strong></span> <span class='ocrx_word' id='word_1_242' title='bbox 1119 2636 1213 2689; x_wconf 87' lang='lat' dir='ltr'><strong>fideles</strong></span> <span class='ocrx_word' id='word_1_243' title='bbox 1228 2648 1323 2689; x_wconf 88' lang='lat' dir='ltr'><strong>eorum</strong></span> <span class='ocrx_word' id='word_1_244' title='bbox 1339 2647 1423 2701; x_wconf 88' lang='lat' dir='ltr'><strong>opera</strong></span> <span class='ocrx_word' id='word_1_245' title='bbox 1440 2637 1599 2702; x_wconf 86' lang='lat' dir='ltr'><strong>acciperent</strong></span> 
     </span>
     <span class='ocr_line' id='line_1_26' title="bbox 374 2719 1599 2792; baseline -0.001 -14"><span class='ocrx_word' id='word_1_246' title='bbox 374 2724 476 2792; x_wconf 74' lang='lat' dir='ltr'><strong>cogito,</strong></span> <span class='ocrx_word' id='word_1_247' title='bbox 490 2722 539 2776; x_wconf 88' lang='lat' dir='ltr'><strong>sed</strong></span> <span class='ocrx_word' id='word_1_248' title='bbox 549 2719 706 2788; x_wconf 88' lang='lat' dir='ltr'><strong>hujusmodi</strong></span> <span class='ocrx_word' id='word_1_249' title='bbox 719 2720 910 2772; x_wconf 86' lang='lat' dir='ltr'><strong>caeremoniam</strong></span> <span class='ocrx_word' id='word_1_250' title='bbox 922 2719 969 2771; x_wconf 92' lang='lat' dir='ltr'><strong>ad·</strong></span> <span class='ocrx_word' id='word_1_251' title='bbox 1002 2720 1131 2788; x_wconf 88' lang='lat' dir='ltr'><strong>Spiritum</strong></span> <span class='ocrx_word' id='word_1_252' title='bbox 1142 2726 1284 2786; x_wconf 88' lang='lat' dir='ltr'><strong>sanctum,</strong></span> <span class='ocrx_word' id='word_1_253' title='bbox 1298 2722 1376 2788; x_wconf 90' lang='lat' dir='ltr'><strong>cujus</strong></span> <span class='ocrx_word' id='word_1_254' title='bbox 1388 2722 1543 2788; x_wconf 85' lang='lat' dir='ltr'><strong>praesentiae</strong></span> <span class='ocrx_word' id='word_1_255' title='bbox 1558 2724 1599 2778; x_wconf 92' lang='lat' dir='ltr'><strong>in·</strong></span> 
     </span>
     <span class='ocr_line' id='line_1_27' title="bbox 376 2805 1598 2875; baseline -0.001 -12"><span class='ocrx_word' id='word_1_256' title='bbox 376 2811 491 2863; x_wconf 83' lang='lat' dir='ltr'><strong>bibitam</strong></span> <span class='ocrx_word' id='word_1_257' title='bbox 515 2809 549 2860; x_wconf 89' lang='lat' dir='ltr'><strong>ab</strong></span> <span class='ocrx_word' id='word_1_258' title='bbox 572 2807 625 2859; x_wconf 90' lang='lat' dir='ltr'><strong>illis</strong></span> <span class='ocrx_word' id='word_1_259' title='bbox 651 2807 833 2872; x_wconf 90' lang='lat' dir='ltr'><strong>interpretor,</strong></span> <span class='ocrx_word' id='word_1_260' title='bbox 854 2811 884 2860; x_wconf 92' lang='lat' dir='ltr'><strong>ut</strong></span> <span class='ocrx_word' id='word_1_261' title='bbox 906 2805 967 2872; x_wconf 92' lang='lat' dir='ltr'><strong>ipso</strong></span> <span class='ocrx_word' id='word_1_262' title='bbox 1001 2806 1073 2859; x_wconf 90' lang='lat' dir='ltr'><strong>dicia</strong></span> <span class='ocrx_word' id='word_1_263' title='bbox 1083 2805 1127 2858; x_wconf 91' lang='lat' dir='ltr'><strong>illa</strong></span> <span class='ocrx_word' id='word_1_264' title='bbox 1138 2811 1258 2868; x_wconf 85' lang='lat' dir='ltr'><strong>externa,</strong></span> <span class='ocrx_word' id='word_1_265' title='bbox 1272 2806 1429 2872; x_wconf 89' lang='lat' dir='ltr'><strong>primordiis</strong></span> <span class='ocrx_word' id='word_1_266' title='bbox 1444 2809 1598 2875; x_wconf 72' lang='lat' dir='ltr'><strong>Ecclesiae,</strong></span> 
     </span>
     <span class='ocr_line' id='line_1_28' title="bbox 375 2892 1599 2962; baseline 0.001 -14"><span class='ocrx_word' id='word_1_267' title='bbox 375 2901 454 2962; x_wconf 75' lang='lat' dir='ltr'><strong>gestu</strong></span> <span class='ocrx_word' id='word_1_268' title='bbox 476 2892 678 2959; x_wconf 78' lang='lat' dir='ltr'><strong>significarent,</strong></span> <span class='ocrx_word' id='word_1_269' title='bbox 699 2904 729 2944; x_wconf 89' lang='lat' dir='ltr'><strong>se</strong></span> <span class='ocrx_word' id='word_1_270' title='bbox 749 2892 804 2944; x_wconf 84' lang='lat' dir='ltr'><strong>beo</strong></span> <span class='ocrx_word' id='word_1_271' title='bbox 826 2903 969 2944; x_wconf 92' lang='lat' dir='ltr'><strong>commen·</strong></span> <span class='ocrx_word' id='word_1_272' title='bbox 1001 2893 1149 2958; x_wconf 87' lang='lat' dir='ltr'><strong>aliquando</strong></span> <span class='ocrx_word' id='word_1_273' title='bbox 1173 2892 1328 2956; x_wconf 89' lang='lat' dir='ltr'><strong>prodibant.</strong></span> <span class='ocrx_word' id='word_1_274' title='bbox 1360 2893 1494 2943; x_wconf 85' lang='lat' dir='ltr'><strong>Caeterum</strong></span> <span class='ocrx_word' id='word_1_275' title='bbox 1518 2893 1599 2949; x_wconf 87' lang='lat' dir='ltr'><strong>haud</strong></span> 
     </span>
     <span class='ocr_line' id='line_1_29' title="bbox 375 2975 1597 3042; baseline 0.002 -10"><span class='ocrx_word' id='word_1_276' title='bbox 375 2983 442 3033; x_wconf 89' lang='lat' dir='ltr'><strong>dare</strong></span> <span class='ocrx_word' id='word_1_277' title='bbox 454 2985 481 3031; x_wconf 90' lang='lat' dir='ltr'><strong>et</strong></span> <span class='ocrx_word' id='word_1_278' title='bbox 492 2979 566 3032; x_wconf 88' lang='lat' dir='ltr'><strong>velut</strong></span> <span class='ocrx_word' id='word_1_279' title='bbox 578 2975 676 3031; x_wconf 84' lang='lat' dir='ltr'><strong>offerre</strong></span> <span class='ocrx_word' id='word_1_280' title='bbox 697 2990 760 3030; x_wconf 91' lang='lat' dir='ltr'><strong>eum</strong></span> <span class='ocrx_word' id='word_1_281' title='bbox 775 3015 782 3039; x_wconf 90' lang='lat'><strong>,</strong></span> <span class='ocrx_word' id='word_1_282' title='bbox 807 2975 851 3030; x_wconf 86' lang='lat' dir='ltr'><strong>cui</strong></span> <span class='ocrx_word' id='word_1_283' title='bbox 869 2989 967 3029; x_wconf 90' lang='lat' dir='ltr'><strong>manus</strong></span> <span class='ocrx_word' id='word_1_284' title='bbox 1000 2978 1087 3042; x_wconf 84' lang='lat' dir='ltr'><strong>liquet</strong></span> <span class='ocrx_word' id='word_1_285' title='bbox 1096 2976 1165 3028; x_wconf 87' lang='lat' dir='ltr'><strong>mira</strong></span> <span class='ocrx_word' id='word_1_286' title='bbox 1173 2975 1296 3027; x_wconf 85' lang='lat' dir='ltr'><strong>illadona</strong></span> <span class='ocrx_word' id='word_1_287' title='bbox 1305 2988 1413 3040; x_wconf 89' lang='lat' dir='ltr'><strong>semper</strong></span> <span class='ocrx_word' id='word_1_288' title='bbox 1421 2975 1485 3029; x_wconf 86' lang='lat' dir='ltr'><strong>data</strong></span> <span class='ocrx_word' id='word_1_289' title='bbox 1497 2977 1597 3035; x_wconf 86' lang='lat' dir='ltr'><strong>luisse:</strong></span> 
     </span>
     <span class='ocr_line' id='line_1_30' title="bbox 374 3059 1597 3130; baseline 0.002 -14"><span class='ocrx_word' id='word_1_290' title='bbox 374 3063 563 3130; x_wconf 86' lang='lat' dir='ltr'><strong>imponebant.</strong></span> <span class='ocrx_word' id='word_1_291' title='bbox 581 3082 594 3108; x_wconf 73' lang='lat' dir='ltr'><strong>n</strong></span> <span class='ocrx_word' id='word_1_292' title='bbox 610 3060 672 3114; x_wconf 79' lang='lat' dir='ltr'><strong>&#39;lta</strong></span> <span class='ocrx_word' id='word_1_293' title='bbox 684 3060 810 3114; x_wconf 83' lang='lat' dir='ltr'><strong>Calvinus</strong></span> <span class='ocrx_word' id='word_1_294' title='bbox 828 3060 863 3113; x_wconf 92' lang='lat' dir='ltr'><strong>de</strong></span> <span class='ocrx_word' id='word_1_295' title='bbox 885 3060 967 3112; x_wconf 88' lang='lat' dir='ltr'><strong>rebus</strong></span> <span class='ocrx_word' id='word_1_296' title='bbox 1001 3074 1062 3127; x_wconf 87' lang='lat' dir='ltr'><strong>quae</strong></span> <span class='ocrx_word' id='word_1_297' title='bbox 1075 3063 1206 3125; x_wconf 79' lang='lat' dir='ltr'><strong>praeterea</strong></span> <span class='ocrx_word' id='word_1_298' title='bbox 1230 3059 1379 3123; x_wconf 88' lang='lat' dir='ltr'><strong>charitate,</strong></span> <span class='ocrx_word' id='word_1_299' title='bbox 1402 3073 1485 3127; x_wconf 88' lang='lat' dir='ltr'><strong>quam</strong></span> <span class='ocrx_word' id='word_1_300' title='bbox 1509 3065 1597 3130; x_wconf 89' lang='lat' dir='ltr'><strong>Spiri-</strong></span> 
     </span>
    </p>
   </div>
   <div class='ocr_carea' id='block_1_3' title="bbox 1699 2795 1701 2894">
    <p class='ocr_par' dir='ltr' id='par_1_3' title="bbox 1699 2787 1701 2894">
     <span class='ocr_line' id='line_1_31' title="bbox 1699 2795 1701 2894; baseline 0 0"><span class='ocrx_word' id='word_1_301' title='bbox 1699 2795 1701 2894; x_wconf 83' lang='lat' dir='ltr'><strong>l</strong></span> 
     </span>
    </p>
   </div>
   <div class='ocr_carea' id='block_1_4' title="bbox 375 3143 1698 3221">
    <p class='ocr_par' dir='ltr' id='par_1_4' title="bbox 375 3143 1698 3221">
     <span class='ocr_line' id='line_1_32' title="bbox 375 3143 1698 3221; baseline 0.002 -20"><span class='ocrx_word' id='word_1_302' title='bbox 375 3149 460 3216; x_wconf 85' lang='lat' dir='ltr'><strong>gestis</strong></span> <span class='ocrx_word' id='word_1_303' title='bbox 473 3147 664 3214; x_wconf 89' lang='lat' dir='ltr'><strong>Apostolorum</strong></span> <span class='ocrx_word' id='word_1_304' title='bbox 674 3144 860 3198; x_wconf 89' lang='lat' dir='ltr'><strong>ratiocinatur.</strong></span> <span class='ocrx_word' id='word_1_305' title='bbox 999 3151 1044 3197; x_wconf 89' lang='lat' dir='ltr'><strong>tus</strong></span> <span class='ocrx_word' id='word_1_306' title='bbox 1065 3143 1170 3210; x_wconf 90' lang='lat' dir='ltr'><strong>ipsein</strong></span> <span class='ocrx_word' id='word_1_307' title='bbox 1192 3145 1325 3199; x_wconf 89' lang='lat' dir='ltr'><strong>cordibus</strong></span> <span class='ocrx_word' id='word_1_308' title='bbox 1346 3145 1496 3212; x_wconf 80' lang='lat' dir='ltr'><strong>diffundit,</strong></span> <span class='ocrx_word' id='word_1_309' title='bbox 1525 3164 1594 3214; x_wconf 83' lang='lat' dir='ltr'><strong>prae·</strong></span> <span class='ocrx_word' id='word_1_310' title='bbox 1697 3207 1698 3221; x_wconf 43' lang='lat'><strong>,</strong></span> 
     </span>
    </p>
   </div>
   <div class='ocr_carea' id='block_1_5' title="bbox 374 3224 1592 3384">
    <p class='ocr_par' dir='ltr' id='par_1_5' title="bbox 374 3224 1592 3384">
     <span class='ocr_line' id='line_1_33' title="bbox 409 3224 1592 3298; baseline -0.001 -11"><span class='ocrx_word' id='word_1_311' title='bbox 409 3236 449 3286; x_wconf 83' lang='lat'><strong>¹8.</strong></span> <span class='ocrx_word' id='word_1_312' title='bbox 460 3234 539 3298; x_wconf 83' lang='lat' dir='ltr'><strong>llcsp.</strong></span> <span class='ocrx_word' id='word_1_313' title='bbox 550 3231 711 3284; x_wconf 89' lang='lat' dir='ltr'><strong>Abhorreta</strong></span> <span class='ocrx_word' id='word_1_314' title='bbox 727 3233 859 3284; x_wconf 90' lang='lat' dir='ltr'><strong>consueta</strong></span> <span class='ocrx_word' id='word_1_315' title='bbox 867 3224 965 3277; x_wconf 83' lang='lat' dir='ltr'><strong>divinae</strong></span> <span class='ocrx_word' id='word_1_316' title='bbox 999 3228 1131 3282; x_wconf 89' lang='lat' dir='ltr'><strong>stantiora</strong></span> <span class='ocrx_word' id='word_1_317' title='bbox 1149 3242 1205 3282; x_wconf 95' lang='lat' dir='ltr'><strong>non</strong></span> <span class='ocrx_word' id='word_1_318' title='bbox 1219 3236 1293 3282; x_wconf 91' lang='lat' dir='ltr'><strong>sunt.</strong></span> <span class='ocrx_word' id='word_1_319' title='bbox 1313 3229 1388 3282; x_wconf 89' lang='lat' dir='ltr'><strong>ldem</strong></span> <span class='ocrx_word' id='word_1_320' title='bbox 1406 3228 1516 3297; x_wconf 87' lang='lat' dir='ltr'><strong>sem&#39;pet·</strong></span> <span class='ocrx_word' id='word_1_321' title='bbox 1526 3245 1592 3286; x_wconf 91' lang='lat' dir='ltr'><strong>con·</strong></span> 
     </span>
     <span class='ocr_line' id='line_1_34' title="bbox 374 3307 1589 3384; baseline -0.001 -13"><span class='ocrx_word' id='word_1_322' title='bbox 374 3317 515 3384; x_wconf 82' lang='lat' dir='ltr'><strong>sapientiae</strong></span> <span class='ocrx_word' id='word_1_323' title='bbox 529 3316 696 3378; x_wconf 84' lang='lat' dir='ltr'><strong>oeconomia,</strong></span> <span class='ocrx_word' id='word_1_324' title='bbox 708 3314 736 3366; x_wconf 91' lang='lat' dir='ltr'><strong>in</strong></span> <span class='ocrx_word' id='word_1_325' title='bbox 755 3313 821 3380; x_wconf 90' lang='lat' dir='ltr'><strong>ipsis</strong></span> <span class='ocrx_word' id='word_1_326' title='bbox 837 3307 965 3360; x_wconf 80' lang='lat' dir='ltr'><strong>Ecclesiae</strong></span> <span class='ocrx_word' id='word_1_327' title='bbox 999 3314 1088 3368; x_wconf 76' lang='lat' dir='ltr'><strong>suevit</strong></span> <span class='ocrx_word' id='word_1_328' title='bbox 1105 3315 1300 3370; x_wconf 80' lang='lat' dir='ltr'><strong>aPraesulibus</strong></span> <span class='ocrx_word' id='word_1_329' title='bbox 1321 3315 1442 3369; x_wconf 88' lang='lat' dir='ltr'><strong>invocari</strong></span> <span class='ocrx_word' id='word_1_330' title='bbox 1454 3318 1589 3384; x_wconf 90' lang='lat' dir='ltr'><strong>Spiritus,</strong></span> 
     </span>
    </p>
   </div>
   <div class='ocr_carea' id='block_1_6' title="bbox 374 3394 1696 3470">
    <p class='ocr_par' dir='ltr' id='par_1_6' title="bbox 374 3394 1696 3470">
     <span class='ocr_line' id='line_1_35' title="bbox 374 3394 1696 3470; baseline -0.01 -16"><span class='ocrx_word' id='word_1_331' title='bbox 374 3402 531 3469; x_wconf 88' lang='lat' dir='ltr'><strong>primordiis</strong></span> <span class='ocrx_word' id='word_1_332' title='bbox 550 3407 672 3466; x_wconf 88' lang='lat' dir='ltr'><strong>servata,</strong></span> <span class='ocrx_word' id='word_1_333' title='bbox 686 3406 716 3454; x_wconf 93' lang='lat' dir='ltr'><strong>ut</strong></span> <span class='ocrx_word' id='word_1_334' title='bbox 734 3407 864 3452; x_wconf 88' lang='lat' dir='ltr'><strong>manuum</strong></span> <span class='ocrx_word' id='word_1_335' title='bbox 876 3394 966 3462; x_wconf 88' lang='lat' dir='ltr'><strong>impo·</strong></span> <span class='ocrx_word' id='word_1_336' title='bbox 1000 3400 1096 3454; x_wconf 90' lang='lat' dir='ltr'><strong>eodem</strong></span> <span class='ocrx_word' id='word_1_337' title='bbox 1120 3407 1230 3468; x_wconf 91' lang='lat' dir='ltr'><strong>peracto</strong></span> <span class='ocrx_word' id='word_1_338' title='bbox 1251 3403 1326 3464; x_wconf 89' lang='lat' dir='ltr'><strong>ritu;</strong></span> <span class='ocrx_word' id='word_1_339' title='bbox 1345 3402 1419 3469; x_wconf 88' lang='lat' dir='ltr'><strong>quod</strong></span> <span class='ocrx_word' id='word_1_340' title='bbox 1444 3416 1591 3470; x_wconf 75' lang='lat' dir='ltr'><strong>argumen.</strong></span> <span class='ocrx_word' id='word_1_341' title='bbox 1695 3437 1696 3442; x_wconf 74' lang='grc'>,</span> 
     </span>
    </p>
   </div>
   <div class='ocr_carea' id='block_1_7' title="bbox 374 3479 1695 3554">
    <p class='ocr_par' dir='ltr' id='par_1_7' title="bbox 374 3479 1695 3554">
     <span class='ocr_line' id='line_1_36' title="bbox 374 3479 1695 3554; baseline -0.001 -12"><span class='ocrx_word' id='word_1_342' title='bbox 374 3488 586 3552; x_wconf 87' lang='lat' dir='ltr'><strong>sitione,veluti</strong></span> <span class='ocrx_word' id='word_1_343' title='bbox 600 3493 675 3540; x_wconf 88' lang='lat' dir='ltr'><strong>certo</strong></span> <span class='ocrx_word' id='word_1_344' title='bbox 693 3485 813 3552; x_wconf 85' lang='lat' dir='ltr'><strong>quodam</strong></span> <span class='ocrx_word' id='word_1_345' title='bbox 831 3479 902 3540; x_wconf 92' lang='lat' dir='ltr'><strong>ritu,</strong></span> <span class='ocrx_word' id='word_1_346' title='bbox 925 3480 966 3533; x_wconf 79' lang='lat' dir='ltr'><strong>ri·</strong></span> <span class='ocrx_word' id='word_1_347' title='bbox 999 3490 1057 3538; x_wconf 90' lang='lat' dir='ltr'><strong>tum</strong></span> <span class='ocrx_word' id='word_1_348' title='bbox 1070 3490 1112 3539; x_wconf 86' lang='lat' dir='ltr'><strong>est</strong></span> <span class='ocrx_word' id='word_1_349' title='bbox 1139 3486 1293 3552; x_wconf 85' lang='lat' dir='ltr'><strong>invictum,</strong></span> <span class='ocrx_word' id='word_1_350' title='bbox 1318 3486 1385 3538; x_wconf 92' lang='lat' dir='ltr'><strong>illud</strong></span> <span class='ocrx_word' id='word_1_351' title='bbox 1408 3501 1508 3540; x_wconf 91' lang='lat' dir='ltr'><strong>munus</strong></span> <span class='ocrx_word' id='word_1_352' title='bbox 1531 3501 1593 3542; x_wconf 86' lang='lat' dir='ltr'><strong>esse</strong></span> <span class='ocrx_word' id='word_1_353' title='bbox 1694 3539 1695 3554; x_wconf 61' lang='lat'><strong>,</strong></span> 
     </span>
    </p>
   </div>
   <div class='ocr_carea' id='block_1_8' title="bbox 374 3569 1593 3640">
    <p class='ocr_par' dir='ltr' id='par_1_8' title="bbox 374 3569 1593 3640">
     <span class='ocr_line' id='line_1_37' title="bbox 374 3569 1593 3640; baseline -0.001 -14"><span class='ocrx_word' id='word_1_354' title='bbox 374 3574 469 3627; x_wconf 91' lang='lat' dir='ltr'><strong>sibiles</strong></span> <span class='ocrx_word' id='word_1_355' title='bbox 482 3574 598 3640; x_wconf 90' lang='lat' dir='ltr'><strong>Spiritus</strong></span> <span class='ocrx_word' id='word_1_356' title='bbox 610 3573 704 3640; x_wconf 79' lang='lat' dir='ltr'><strong>gratiae</strong></span> <span class='ocrx_word' id='word_1_357' title='bbox 714 3569 916 3622; x_wconf 86' lang='lat' dir='ltr'><strong>tribuerentur:</strong></span> <span class='ocrx_word' id='word_1_358' title='bbox 933 3577 966 3616; x_wconf 85' lang='lat' dir='ltr'><strong>ea</strong></span> <span class='ocrx_word' id='word_1_359' title='bbox 999 3569 1034 3620; x_wconf 88' lang='lat' dir='ltr'><strong>ab</strong></span> <span class='ocrx_word' id='word_1_360' title='bbox 1048 3570 1108 3634; x_wconf 89' lang='lat' dir='ltr'><strong>ipsa</strong></span> <span class='ocrx_word' id='word_1_361' title='bbox 1124 3571 1317 3635; x_wconf 79' lang='lat' dir='ltr'><strong>Apostolorum</strong></span> <span class='ocrx_word' id='word_1_362' title='bbox 1338 3575 1418 3624; x_wconf 86' lang='lat' dir='ltr'><strong>aetate</strong></span> <span class='ocrx_word' id='word_1_363' title='bbox 1445 3572 1547 3638; x_wconf 88' lang='lat' dir='ltr'><strong>ubique</strong></span> <span class='ocrx_word' id='word_1_364' title='bbox 1564 3574 1593 3625; x_wconf 92' lang='lat' dir='ltr'><strong>in</strong></span> 
     </span>
    </p>
   </div>
   <div class='ocr_carea' id='block_1_9' title="bbox 374 3645 1694 3728">
    <p class='ocr_par' dir='ltr' id='par_1_9' title="bbox 374 3645 1694 3728">
     <span class='ocr_line' id='line_1_38' title="bbox 374 3645 1694 3728; baseline -0.001 -16"><span class='ocrx_word' id='word_1_365' title='bbox 374 3659 479 3712; x_wconf 89' lang='lat' dir='ltr'><strong>scilicet</strong></span> <span class='ocrx_word' id='word_1_366' title='bbox 494 3660 587 3721; x_wconf 92' lang='lat' dir='ltr'><strong>dona,</strong></span> <span class='ocrx_word' id='word_1_367' title='bbox 606 3663 688 3724; x_wconf 90' lang='lat' dir='ltr'><strong>prout</strong></span> <span class='ocrx_word' id='word_1_368' title='bbox 707 3651 822 3728; x_wconf 82' lang='lat' dir='ltr'><strong>Spiritus</strong></span> <span class='ocrx_word' id='word_1_369' title='bbox 842 3647 902 3714; x_wconf 89' lang='lat' dir='ltr'><strong>ipse</strong></span> <span class='ocrx_word' id='word_1_370' title='bbox 915 3661 965 3714; x_wconf 88' lang='lat' dir='ltr'><strong>pro</strong></span> <span class='ocrx_word' id='word_1_371' title='bbox 1000 3653 1121 3706; x_wconf 77' lang='lat' dir='ltr'><strong>Ecclesia</strong></span> <span class='ocrx_word' id='word_1_372' title='bbox 1133 3653 1312 3708; x_wconf 90' lang='lat' dir='ltr'><strong>celebratum.</strong></span> <span class='ocrx_word' id='word_1_373' title='bbox 1327 3655 1397 3709; x_wconf 90' lang='lat' dir='ltr'><strong>lllud</strong></span> <span class='ocrx_word' id='word_1_374' title='bbox 1417 3657 1474 3710; x_wconf 86' lang='lat' dir='ltr'><strong>fieri</strong></span> <span class='ocrx_word' id='word_1_375' title='bbox 1491 3657 1592 3711; x_wconf 82' lang='lat' dir='ltr'><strong>frustra</strong></span> <span class='ocrx_word' id='word_1_376' title='bbox 1693 3645 1694 3665; x_wconf 59' lang='lat'>¹</span> 
     </span>
    </p>
   </div>
   <div class='ocr_carea' id='block_1_10' title="bbox 373 3733 1591 3812">
    <p class='ocr_par' dir='ltr' id='par_1_10' title="bbox 373 3733 1591 3812">
     <span class='ocr_line' id='line_1_39' title="bbox 373 3733 1591 3812; baseline -0.002 -14"><span class='ocrx_word' id='word_1_377' title='bbox 373 3757 502 3812; x_wconf 89' lang='lat' dir='ltr'><strong>supremo</strong></span> <span class='ocrx_word' id='word_1_378' title='bbox 521 3758 572 3798; x_wconf 89' lang='lat' dir='ltr'><strong>suo</strong></span> <span class='ocrx_word' id='word_1_379' title='bbox 601 3741 712 3796; x_wconf 81' lang='lat' dir='ltr'><strong>arbitrio</strong></span> <span class='ocrx_word' id='word_1_380' title='bbox 736 3734 893 3798; x_wconf 88' lang='lat' dir='ltr'><strong>statuebat,</strong></span> <span class='ocrx_word' id='word_1_381' title='bbox 915 3733 967 3786; x_wconf 83' lang='lat' dir='ltr'><strong>da·</strong></span> <span class='ocrx_word' id='word_1_382' title='bbox 1000 3750 1081 3790; x_wconf 91' lang='lat' dir='ltr'><strong>nemo</strong></span> <span class='ocrx_word' id='word_1_383' title='bbox 1101 3738 1184 3804; x_wconf 93' lang='lat' dir='ltr'><strong>pius,</strong></span> <span class='ocrx_word' id='word_1_384' title='bbox 1204 3753 1287 3792; x_wconf 90' lang='lat' dir='ltr'><strong>nemo</strong></span> <span class='ocrx_word' id='word_1_385' title='bbox 1301 3739 1389 3793; x_wconf 80' lang='lat' dir='ltr'><strong>tidelis</strong></span> <span class='ocrx_word' id='word_1_386' title='bbox 1411 3741 1528 3807; x_wconf 83' lang='lat' dir='ltr'><strong>dixerit,</strong></span> <span class='ocrx_word' id='word_1_387' title='bbox 1550 3747 1591 3796; x_wconf 91' lang='lat' dir='ltr'><strong>te·</strong></span> 
     </span>
    </p>
   </div>
   <div class='ocr_carea' id='block_1_11' title="bbox 373 3816 1692 3893">
    <p class='ocr_par' dir='ltr' id='par_1_11' title="bbox 373 3816 1692 3893">
     <span class='ocr_line' id='line_1_40' title="bbox 373 3816 1692 3893; baseline -0.002 -10"><span class='ocrx_word' id='word_1_388' title='bbox 373 3830 473 3883; x_wconf 89' lang='lat' dir='ltr'><strong>bantur</strong></span> <span class='ocrx_word' id='word_1_389' title='bbox 487 3830 540 3893; x_wconf 85' lang='lat' dir='ltr'><strong>,iis</strong></span> <span class='ocrx_word' id='word_1_390' title='bbox 552 3829 581 3880; x_wconf 91' lang='lat' dir='ltr'><strong>in</strong></span> <span class='ocrx_word' id='word_1_391' title='bbox 598 3821 788 3880; x_wconf 90' lang='lat' dir='ltr'><strong>occasionibus</strong></span> <span class='ocrx_word' id='word_1_392' title='bbox 800 3816 900 3884; x_wconf 88' lang='lat' dir='ltr'><strong>quibus</strong></span> <span class='ocrx_word' id='word_1_393' title='bbox 912 3817 965 3884; x_wconf 92' lang='lat' dir='ltr'><strong>ipsi</strong></span> <span class='ocrx_word' id='word_1_394' title='bbox 1000 3827 1089 3875; x_wconf 88' lang='lat' dir='ltr'><strong>stante</strong></span> <span class='ocrx_word' id='word_1_395' title='bbox 1115 3824 1265 3890; x_wconf 76' lang='lat' dir='ltr'><strong>Augustino</strong></span> <span class='ocrx_word' id='word_1_396' title='bbox 1281 3841 1288 3876; x_wconf 77' lang='grc' dir='ltr'>ε</span> <span class='ocrx_word' id='word_1_397' title='bbox 1303 3825 1423 3892; x_wconf 82' lang='lat' dir='ltr'><strong>perversi</strong></span> <span class='ocrx_word' id='word_1_398' title='bbox 1450 3827 1524 3880; x_wconf 88' lang='lat' dir='ltr'><strong>enim</strong></span> <span class='ocrx_word' id='word_1_399' title='bbox 1545 3832 1587 3881; x_wconf 89' lang='lat' dir='ltr'><strong>est</strong></span> <span class='ocrx_word' id='word_1_400' title='bbox 1691 3833 1692 3838; x_wconf 77' lang='grc'>’</span> 
     </span>
    </p>
   </div>
   <div class='ocr_carea' id='block_1_12' title="bbox 373 3902 1591 4065">
    <p class='ocr_par' dir='ltr' id='par_1_12' title="bbox 373 3902 1591 4065">
     <span class='ocr_line' id='line_1_41' title="bbox 373 3902 1278 3982; baseline -0.009 -12"><span class='ocrx_word' id='word_1_401' title='bbox 373 3915 493 3982; x_wconf 87' lang='lat' dir='ltr'><strong>placuit,</strong></span> <span class='ocrx_word' id='word_1_402' title='bbox 509 3914 584 3966; x_wconf 89' lang='lat' dir='ltr'><strong>nulla</strong></span> <span class='ocrx_word' id='word_1_403' title='bbox 596 3914 668 3962; x_wconf 87' lang='lat' dir='ltr'><strong>certa</strong></span> <span class='ocrx_word' id='word_1_404' title='bbox 687 3906 756 3970; x_wconf 75' lang='lat' dir='ltr'><strong>lege.</strong></span> <span class='ocrx_word' id='word_1_405' title='bbox 779 3902 964 3958; x_wconf 85' lang='lat' dir='ltr'><strong>concionante</strong></span> <span class='ocrx_word' id='word_1_406' title='bbox 997 3907 1089 3961; x_wconf 90' lang='lat' dir='ltr'><strong>cordis</strong></span> <span class='ocrx_word' id='word_1_407' title='bbox 1106 3907 1133 3961; x_wconf 92' lang='lat' dir='ltr'><strong>id</strong></span> <span class='ocrx_word' id='word_1_408' title='bbox 1146 3922 1278 3964; x_wconf 88' lang='lat' dir='ltr'><strong>asserere.</strong></span> 
     </span>
     <span class='ocr_line' id='line_1_42' title="bbox 374 3988 1591 4065; baseline -0.005 -10"><span class='ocrx_word' id='word_1_409' title='bbox 374 4003 453 4056; x_wconf 86' lang='lat' dir='ltr'><strong>Petro</strong></span> <span class='ocrx_word' id='word_1_410' title='bbox 466 4039 475 4065; x_wconf 98' lang='lat'><strong>,</strong></span> <span class='ocrx_word' id='word_1_411' title='bbox 488 3995 630 4054; x_wconf 89' lang='lat' dir='ltr'><strong>Cornelius</strong></span> <span class='ocrx_word' id='word_1_412' title='bbox 643 4004 705 4044; x_wconf 92' lang='lat' dir='ltr'><strong>cum</strong></span> <span class='ocrx_word' id='word_1_413' title='bbox 719 3988 777 4042; x_wconf 91' lang='lat' dir='ltr'><strong>suis</strong></span> <span class='ocrx_word' id='word_1_414' title='bbox 794 4002 827 4041; x_wconf 87' lang='lat' dir='ltr'><strong>ea</strong></span> <span class='ocrx_word' id='word_1_415' title='bbox 840 3989 963 4055; x_wconf 86' lang='lat' dir='ltr'><strong>accepit,</strong></span> <span class='ocrx_word' id='word_1_416' title='bbox 1030 3992 1073 4044; x_wconf 75' lang='lat'><strong>21.</strong></span> <span class='ocrx_word' id='word_1_417' title='bbox 1086 3992 1146 4060; x_wconf 83' lang='lat' dir='ltr'><strong>obj.</strong></span> <span class='ocrx_word' id='word_1_418' title='bbox 1159 3997 1185 4046; x_wconf 79' lang='lat'><strong>5.</strong></span> <span class='ocrx_word' id='word_1_419' title='bbox 1199 3996 1298 4049; x_wconf 84' lang='lat' dir='ltr'><strong>Totum</strong></span> <span class='ocrx_word' id='word_1_420' title='bbox 1310 3994 1377 4048; x_wconf 89' lang='lat' dir='ltr'><strong>illud</strong></span> <span class='ocrx_word' id='word_1_421' title='bbox 1400 3995 1501 4062; x_wconf 84' lang='lat' dir='ltr'><strong>quoda</strong></span> <span class='ocrx_word' id='word_1_422' title='bbox 1519 3997 1591 4050; x_wconf 85' lang='lat' dir='ltr'><strong>Luca</strong></span> 
     </span>
    </p>
   </div>
   <div class='ocr_carea' id='block_1_13' title="bbox 375 4077 1632 4148">
    <p class='ocr_par' dir='ltr' id='par_1_13' title="bbox 375 4077 1632 4148">
     <span class='ocr_line' id='line_1_43' title="bbox 375 4077 1632 4148; baseline -0.003 -8"><span class='ocrx_word' id='word_1_423' title='bbox 375 4089 498 4142; x_wconf 91' lang='lat' dir='ltr'><strong>nondum</strong></span> <span class='ocrx_word' id='word_1_424' title='bbox 518 4078 679 4146; x_wconf 85' lang='lat' dir='ltr'><strong>baptizatus.</strong></span> <span class='ocrx_word' id='word_1_425' title='bbox 698 4077 779 4127; x_wconf 81' lang='lat' dir='ltr'><strong>Extra</strong></span> <span class='ocrx_word' id='word_1_426' title='bbox 791 4087 901 4128; x_wconf 90' lang='lat' dir='ltr'><strong>omnem</strong></span> <span class='ocrx_word' id='word_1_427' title='bbox 920 4089 966 4128; x_wconf 89' lang='lat' dir='ltr'><strong>sa·</strong></span> <span class='ocrx_word' id='word_1_428' title='bbox 998 4077 1114 4132; x_wconf 81' lang='lat' dir='ltr'><strong>retertur</strong></span> <span class='ocrx_word' id='word_1_429' title='bbox 1136 4079 1171 4132; x_wconf 92' lang='lat' dir='ltr'><strong>de</strong></span> <span class='ocrx_word' id='word_1_430' title='bbox 1194 4079 1295 4146; x_wconf 88' lang='lat' dir='ltr'><strong>Spiritu</strong></span> <span class='ocrx_word' id='word_1_431' title='bbox 1320 4086 1415 4134; x_wconf 88' lang='lat' dir='ltr'><strong>sancto</strong></span> <span class='ocrx_word' id='word_1_432' title='bbox 1439 4082 1472 4134; x_wconf 92' lang='lat' dir='ltr'><strong>iis</strong></span> <span class='ocrx_word' id='word_1_433' title='bbox 1493 4083 1591 4148; x_wconf 90' lang='lat' dir='ltr'><strong>illapso</strong></span> <span class='ocrx_word' id='word_1_434' title='bbox 1630 4100 1632 4104; x_wconf 56' lang='lat'><strong><em>¹</em></strong></span> 
     </span>
    </p>
   </div>
   <div class='ocr_carea' id='block_1_14' title="bbox 375 4159 1596 4570">
    <p class='ocr_par' dir='ltr' id='par_1_14' title="bbox 375 4159 1596 4570">
     <span class='ocr_line' id='line_1_44' title="bbox 375 4159 1593 4233; baseline -0.006 -6"><span class='ocrx_word' id='word_1_435' title='bbox 375 4188 453 4228; x_wconf 91' lang='lat' dir='ltr'><strong>crum</strong></span> <span class='ocrx_word' id='word_1_436' title='bbox 473 4171 554 4223; x_wconf 90' lang='lat' dir='ltr'><strong>ritum</strong></span> <span class='ocrx_word' id='word_1_437' title='bbox 572 4163 606 4214; x_wconf 89' lang='lat' dir='ltr'><strong>iis</strong></span> <span class='ocrx_word' id='word_1_438' title='bbox 629 4159 701 4213; x_wconf 91' lang='lat' dir='ltr'><strong>aucti</strong></span> <span class='ocrx_word' id='word_1_439' title='bbox 719 4164 783 4212; x_wconf 85' lang='lat' dir='ltr'><strong>sunt</strong></span> <span class='ocrx_word' id='word_1_440' title='bbox 801 4159 917 4225; x_wconf 79' lang='lat' dir='ltr'><strong>fideles,</strong></span> <span class='ocrx_word' id='word_1_441' title='bbox 941 4166 969 4215; x_wconf 88' lang='lat' dir='ltr'><strong>ct</strong></span> <span class='ocrx_word' id='word_1_442' title='bbox 1002 4163 1103 4230; x_wconf 86' lang='lat' dir='ltr'><strong>quibus</strong></span> <span class='ocrx_word' id='word_1_443' title='bbox 1123 4165 1243 4231; x_wconf 91' lang='lat' dir='ltr'><strong>Apostoli</strong></span> <span class='ocrx_word' id='word_1_444' title='bbox 1267 4168 1457 4233; x_wconf 89' lang='lat' dir='ltr'><strong>imposuerunt</strong></span> <span class='ocrx_word' id='word_1_445' title='bbox 1477 4181 1593 4230; x_wconf 92' lang='lat' dir='ltr'><strong>manus,</strong></span> 
     </span>
     <span class='ocr_line' id='line_1_45' title="bbox 376 4245 1596 4320; baseline 0.002 -16"><span class='ocrx_word' id='word_1_446' title='bbox 376 4259 445 4311; x_wconf 80' lang='lat' dir='ltr'><strong>mira</strong></span> <span class='ocrx_word' id='word_1_447' title='bbox 468 4249 579 4320; x_wconf 88' lang='lat' dir='ltr'><strong>quidem</strong></span> <span class='ocrx_word' id='word_1_448' title='bbox 598 4245 737 4300; x_wconf 81' lang='lat' dir='ltr'><strong>varietate.</strong></span> <span class='ocrx_word' id='word_1_449' title='bbox 762 4246 896 4300; x_wconf 80' lang='lat' dir='ltr'><strong>Gaeterum</strong></span> <span class='ocrx_word' id='word_1_450' title='bbox 918 4246 970 4298; x_wconf 92' lang='lat' dir='ltr'><strong>iter</strong></span> <span class='ocrx_word' id='word_1_451' title='bbox 1003 4248 1037 4300; x_wconf 91' lang='lat' dir='ltr'><strong>ad</strong></span> <span class='ocrx_word' id='word_1_452' title='bbox 1058 4249 1126 4302; x_wconf 90' lang='lat' dir='ltr'><strong>mira</strong></span> <span class='ocrx_word' id='word_1_453' title='bbox 1148 4251 1264 4316; x_wconf 88' lang='lat' dir='ltr'><strong>Spiritus</strong></span> <span class='ocrx_word' id='word_1_454' title='bbox 1284 4251 1357 4304; x_wconf 84' lang='lat' dir='ltr'><strong>dona</strong></span> <span class='ocrx_word' id='word_1_455' title='bbox 1378 4258 1505 4317; x_wconf 89' lang='lat' dir='ltr'><strong>spectat,</strong></span> <span class='ocrx_word' id='word_1_456' title='bbox 1529 4265 1596 4319; x_wconf 81' lang='lat' dir='ltr'><strong>quo</strong></span> 
     </span>
     <span class='ocr_line' id='line_1_46' title="bbox 378 4329 1594 4402; baseline 0.002 -15"><span class='ocrx_word' id='word_1_457' title='bbox 378 4341 441 4394; x_wconf 76' lang='lat' dir='ltr'><strong>ideo</strong></span> <span class='ocrx_word' id='word_1_458' title='bbox 466 4335 501 4388; x_wconf 88' lang='lat' dir='ltr'><strong>ab</strong></span> <span class='ocrx_word' id='word_1_459' title='bbox 530 4329 668 4396; x_wconf 90' lang='lat' dir='ltr'><strong>Apostolis</strong></span> <span class='ocrx_word' id='word_1_460' title='bbox 691 4336 871 4396; x_wconf 86' lang='lat' dir='ltr'><strong>susceptum,</strong></span> <span class='ocrx_word' id='word_1_461' title='bbox 895 4337 969 4384; x_wconf 88' lang='lat' dir='ltr'><strong>tanta</strong></span> <span class='ocrx_word' id='word_1_462' title='bbox 1003 4341 1064 4384; x_wconf 88' lang='lat' dir='ltr'><strong>rum</strong></span> <span class='ocrx_word' id='word_1_463' title='bbox 1085 4329 1192 4398; x_wconf 86' lang='lat' dir='ltr'><strong>copiam</strong></span> <span class='ocrx_word' id='word_1_464' title='bbox 1212 4335 1239 4386; x_wconf 91' lang='lat' dir='ltr'><strong>in</strong></span> <span class='ocrx_word' id='word_1_465' title='bbox 1269 4335 1389 4402; x_wconf 80' lang='lat' dir='ltr'><strong>Ecclesia</strong></span> <span class='ocrx_word' id='word_1_466' title='bbox 1410 4335 1548 4401; x_wconf 83' lang='lat' dir='ltr'><strong>futuram,</strong></span> <span class='ocrx_word' id='word_1_467' title='bbox 1566 4337 1594 4388; x_wconf 88' lang='lat' dir='ltr'><strong>in</strong></span> 
     </span>
     <span class='ocr_line' id='line_1_47' title="bbox 378 4412 1594 4486; baseline -0.006 -7"><span class='ocrx_word' id='word_1_468' title='bbox 378 4436 442 4479; x_wconf 90' lang='lat' dir='ltr'><strong>cum</strong></span> <span class='ocrx_word' id='word_1_469' title='bbox 452 4412 779 4477; x_wconf 83' lang='lat' dir='ltr'><strong>solicitudine,visibiles</strong></span> <span class='ocrx_word' id='word_1_470' title='bbox 795 4414 857 4467; x_wconf 92' lang='lat' dir='ltr'><strong>illas</strong></span> <span class='ocrx_word' id='word_1_471' title='bbox 868 4415 970 4480; x_wconf 77' lang='lat' dir='ltr'><strong>gratias</strong></span> <span class='ocrx_word' id='word_1_472' title='bbox 1003 4417 1062 4469; x_wconf 90' lang='lat' dir='ltr'><strong>suis</strong></span> <span class='ocrx_word' id='word_1_473' title='bbox 1086 4417 1242 4483; x_wconf 88' lang='lat' dir='ltr'><strong>primordiis</strong></span> <span class='ocrx_word' id='word_1_474' title='bbox 1275 4420 1402 4484; x_wconf 87' lang='lat' dir='ltr'><strong>scilicet,</strong></span> <span class='ocrx_word' id='word_1_475' title='bbox 1431 4421 1594 4486; x_wconf 75' lang='lat' dir='ltr'><strong>predixerat</strong></span> 
     </span>
     <span class='ocr_line' id='line_1_48' title="bbox 377 4497 1592 4570; baseline -0.004 -7"><span class='ocrx_word' id='word_1_476' title='bbox 377 4516 408 4563; x_wconf 91' lang='lat' dir='ltr'><strong>ut</strong></span> <span class='ocrx_word' id='word_1_477' title='bbox 443 4499 631 4570; x_wconf 84' lang='lat' dir='ltr'><strong>experirentur</strong></span> <span class='ocrx_word' id='word_1_478' title='bbox 653 4501 716 4556; x_wconf 85' lang='lat' dir='ltr'><strong>novi</strong></span> <span class='ocrx_word' id='word_1_479' title='bbox 741 4501 780 4553; x_wconf 89' lang='lat' dir='ltr'><strong>illi</strong></span> <span class='ocrx_word' id='word_1_480' title='bbox 799 4497 920 4563; x_wconf 76' lang='lat' dir='ltr'><strong>fideles,</strong></span> <span class='ocrx_word' id='word_1_481' title='bbox 942 4504 969 4553; x_wconf 89' lang='lat' dir='ltr'><strong>et</strong></span> <span class='ocrx_word' id='word_1_482' title='bbox 1003 4502 1105 4556; x_wconf 70' lang='lat' dir='ltr'><strong>soen«</strong></span> <span class='ocrx_word' id='word_1_483' title='bbox 1131 4505 1163 4556; x_wconf 81' lang='lat' dir='ltr'><strong>llt</strong></span> <span class='ocrx_word' id='word_1_484' title='bbox 1179 4505 1230 4557; x_wconf 86' lang='lat' dir='ltr'><strong>erit</strong></span> <span class='ocrx_word' id='word_1_485' title='bbox 1253 4504 1280 4557; x_wconf 90' lang='lat' dir='ltr'><strong>in</strong></span> <span class='ocrx_word' id='word_1_486' title='bbox 1302 4505 1458 4560; x_wconf 85' lang='lat' dir='ltr'><strong>novissimis</strong></span> <span class='ocrx_word' id='word_1_487' title='bbox 1475 4505 1592 4569; x_wconf 90' lang='lat' dir='ltr'><strong>diebus,</strong></span> 
     </span>
    </p>
   </div>
   <div class='ocr_carea' id='block_1_15' title="bbox 402 4740 1503 4802">
    <p class='ocr_par' dir='ltr' id='par_1_15' title="bbox 402 4740 1503 4802">
     <span class='ocr_line' id='line_1_49' title="bbox 402 4740 1503 4802; baseline 0.003 -13"><span class='ocrx_word' id='word_1_488' title='bbox 402 4749 431 4800; x_wconf 86' lang='lat' dir='ltr'><strong>(t)</strong></span> <span class='ocrx_word' id='word_1_489' title='bbox 447 4746 501 4789; x_wconf 76' lang='lat' dir='ltr'><strong>ride</strong></span> <span class='ocrx_word' id='word_1_490' title='bbox 507 4740 623 4799; x_wconf 69' lang='lat' dir='ltr'><strong>Eliopltut</strong></span> <span class='ocrx_word' id='word_1_491' title='bbox 630 4742 745 4801; x_wconf 62' lang='lat' dir='ltr'><strong>allidimus</strong></span> <span class='ocrx_word' id='word_1_492' title='bbox 761 4747 836 4799; x_wconf 61' lang='lat' dir='ltr'><strong>mill.</strong></span> <span class='ocrx_word' id='word_1_493' title='bbox 1028 4744 1060 4797; x_wconf 72' lang='lat' dir='ltr'><strong>(A)</strong></span> <span class='ocrx_word' id='word_1_494' title='bbox 1068 4744 1121 4786; x_wconf 84' lang='lat' dir='ltr'><strong>lust.</strong></span> <span class='ocrx_word' id='word_1_495' title='bbox 1134 4746 1182 4788; x_wconf 88' lang='lat' dir='ltr'><strong>l.ir.</strong></span> <span class='ocrx_word' id='word_1_496' title='bbox 1191 4757 1210 4788; x_wconf 88' lang='lat' dir='ltr'><strong>o.</strong></span> <span class='ocrx_word' id='word_1_497' title='bbox 1218 4757 1258 4790; x_wconf 80' lang='grc' dir='ltr'><strong>ιιι.</strong></span> <span class='ocrx_word' id='word_1_498' title='bbox 1267 4759 1289 4789; x_wconf 88' lang='lat' dir='ltr'><strong>n.</strong></span> <span class='ocrx_word' id='word_1_499' title='bbox 1300 4753 1319 4790; x_wconf 82' lang='lat' dir='ltr'><strong>o.</strong></span> <span class='ocrx_word' id='word_1_500' title='bbox 1329 4745 1356 4802; x_wconf 76' lang='lat' dir='ltr'><strong>(b)</strong></span> <span class='ocrx_word' id='word_1_501' title='bbox 1364 4744 1415 4791; x_wconf 80' lang='lat' dir='ltr'><strong>ibid</strong></span> <span class='ocrx_word' id='word_1_502' title='bbox 1425 4747 1446 4790; x_wconf 91' lang='grc'><strong>.1.</strong></span> <span class='ocrx_word' id='word_1_503' title='bbox 1453 4749 1503 4792; x_wconf 68' lang='lat' dir='ltr'><strong>ime</strong></span> 
     </span>
    </p>
   </div>
   <div class='ocr_carea' id='block_1_16' title="bbox 0 0 1900 5550">
    <p class='ocr_par' dir='ltr' id='par_1_16' title="bbox 0 0 1900 5550">
     <span class='ocr_line' id='line_1_50' title="bbox 0 0 1900 5550; baseline 0 1"><span class='ocrx_word' id='word_1_504' title='bbox 0 0 1900 5550; x_wconf 95' lang='lat' dir='ltr'><strong> </strong></span> 
     </span>
    </p>
   </div>
  </div>
 </body>
</html>
