3792 5550
391 508 426 557 38
786 505 901 558 Tutor.
920 507 963 558 xl.
983 510 1024 561 DE
1042 510 1206 565 BAPTlSMO‚

393 622 501 691 prolata
522 622 665 676 manifesto
687 624 752 671 sunt
773 625 804 671 ut
826 621 986 675 hominibus
1019 628 1099 677 terea
1113 628 1609 693 quaesunttesu,scienstantumba-

394 709 450 763 illis
470 710 626 763 ostenderet
646 706 761 759 loannis
782 706 865 759 ritum
884 708 984 760 christi
1017 712 1115 776 ptisma
1126 714 1251 768 loannis.
1269 715 1372 768 »¹bon
1391 716 1464 769 aliud
1479 717 1609 771 videntur

394 796 531 863 baptismo
552 804 600 844 eos
619 802 809 856 praeparasse,
829 806 914 858 quum
932 795 985 845 Ba·
1017 797 1173 862 suscepisse
1185 800 1308 865 Apostoli
1325 815 1332 852 :
1349 801 1419 853 «llis
1432 802 1562 854 nimirum
1574 840 1583 866 ,
1595 821 1610 847 »

393 882 475 949 ptista
493 879 661 930 salvatorem
674 889 737 930 mox
754 884 898 931 venturum
911 889 983 943 prae·
1016 882 1207 937 animadvertit
1231 885 1437 951 liosenmilller,
1472 906 1483 936 r
1510 887 1609 940 iterato

394 968 504 1019 diceret.
525 966 622 1016 Petrus
644 968 736 1016 antem
758 975 982 1029 unumquemque
1015 969 1180 1033 baptismate
1193 984 1250 1024 non
1260 978 1318 1024 erat
1329 985 1399 1038 opus
1410 972 1457 1037 qui
1470 972 1562 1026 statim
1574 971 1612 1024 ab

391 1050 587 1117 baptizandum
602 1051 631 1103 in
645 1051 838 1104 remissionem
856 1054 982 1115 peccato·
1015 1053 1092 1107 initio
1111 1056 1201 1110 edocti
1223 1061 1320 1121 erant,
1340 1059 1436 1112 lesum
1461 1070 1523 1109 esse
1542 1058 1611 1109 bles·

390 1148 453 1186 rum
478 1134 555 1187 dixit.
583 1134 670 1201 igitur
694 1149 749 1187 non
773 1132 916 1185 habendus
939 1137 982 1184 est
1015 1140 1141 1193 namt

391 1217 489 1271 christi
507 1219 662 1285 Baptismus
675 1219 759 1273 veluti
776 1231 869 1270 merus
888 1216 979 1269 initia·
1050 1228 1105 1279 179.
1119 1230 1198 1296 Resp.
1213 1229 1243 1282 ld
1261 1233 1337 1283 notat
1351 1233 1456 1295 Lucas,
1470 1234 1500 1284 ut
1512 1235 1607 1286 osten·

390 1306 474 1358 tionis
485 1305 574 1370 ritus,
588 1308 636 1359 sed
649 1308 786 1359 lavacrum
797 1316 851 1370 quo
862 1304 982 1356 abluun-
1014 1312 1061 1366 dat
1079 1314 1149 1368 scire
1168 1320 1296 1381 oportere
1309 1316 1424 1382 insuper
1434 1318 1500 1369 Jegu
1514 1317 1604 1383 pappi.

390 1398 436 1445 tur
455 1399 585 1458 peccata,
607 1398 634 1445 et
654 1392 778 1446 homines
796 1385 982 1443 renascuntur
1014 1412 1090 1461 sma;
1111 1406 1278 1468 quapropter
1299 1402 1464 1469 subjungit:
1488 1420 1499 1451 ,
1520 1405 1608 1467 Quem

390 1481 455 1532 ⁰⁰0·
467 1480 752 1543 Qu⁰d³d111dae0i⁰ffl
763 1477 981 1542 ¹¹¹01⁶082lt51101‚
1014 1498 1076 1539 cum
1093 1486 1237 1539 audissent
1255 1487 1377 1539 Priscilla
1391 1492 1419 1540 et
1431 1487 1542 1553 Aquila,
1561 1501 1606 1541 as-

391 1565 520 1617 dicuntur
531 1565 644 1630 quidem
659 1562 838 1615 consuevisse
851 1563 980 1617 Etbnicos
1014 1577 1192 1637 sumpserunt
1210 1577 1286 1636 enm,
1303 1578 1330 1625 et
1349 1572 1507 1640 diligentius
1525 1585 1605 1640 expo·

392 1650 426 1702 ad
450 1662 499 1702 sua
522 1664 598 1703 sacra
619 1649 760 1714 excipere,
785 1648 879 1701 abluto
903 1650 980 1714 prius
1013 1662 1128 1711 suerunt
1139 1659 1166 1711 ei
1183 1658 1256 1713 viam
1270 1658 1387 1711 bomini.
1400 1680 1412 1706 »
1428 1659 1514 1727 igitur
1525 1659 1604 1712 dubi·

391 1749 463 1802 aqua
476 1748 591 1800 corpore
605 1749 612 1785 :
626 1734 673 1786 sed
686 1733 815 1798 baptismi
826 1734 925 1787 Christi
937 1748 981 1787 ra·
1013 1742 1127 1795 tandum
1142 1756 1198 1798 non
1212 1749 1253 1797 est
1266 1758 1329 1797 eum
1347 1745 1478 1812 deinceps
1489 1746 1606 1812 baptiza·

390 1821 559 1876 tiootvisab
575 1820 977 1887 ejusvolunta'tepeteudaest.
1012 1831 1091 1894 tum,
1113 1829 1141 1881 id
1167 1830 1242 1883 enim
1264 1831 1395 1898 deinceps
1419 1833 1500 1886 refert
1528 1845 1604 1885 sacer

391 1908 498 1975 optime
510 1906 674 1973 Augustinus
687 1904 878 1959 animadvertit
889 1921 897 1956 t
908 1908 980 1958 «Ba-
1013 1915 1129 1980 scriptor
1148 1915 1183 1969 de
1195 1917 1257 1970 aliis
1275 1917 1321 1983 qui
1336 1918 1474 1983 baptisma
1490 1916 1603 1970 loannis

390 1996 507 2061 blizaffls
522 2006 537 2045 ³
550 1990 632 2043 9³⁰¹⁰
645 2001 694 2042 0⁰³
707 1990 823 2056 (iniiam
840 1990 979 2055 bssbtismO
1012 2004 1117 2052 tantum
1129 2008 1319 2068 susceperunt.
1329 2004 1474 2067 Apostolos
1484 2002 1605 2067 baptiza-

390 2081 504 2135 loannis
527 2076 654 2142 baptimi
677 2076 793 2128 fuissent
813 2076 931 2142 legimus
951 2076 979 2127 51¹
1012 2090 1055 2140 tos
1074 2086 1158 2140 fuisse
1182 2087 1280 2139 christi
1303 2089 1478 2139 sacramento
1498 2091 1604 2138 temere

390 2166 501 2218 Actibus
521 2160 866 2228 Ab⁰Sl⁰l⁰l11m2ss0¹t0h
888 2161 978 2225 aliud,
1012 2178 1141 2239 negatur,
1166 2173 1202 2226 ob
1221 2172 1420 2239 scripturarum
1442 2171 1602 2235 silentium,

389 2249 444 2301 nisi
465 2248 529 2314 quia
548 2246 701 2311 baptismus
719 2245 833 2298 loannis
854 2258 911 2299 non
928 2246 980 2298 fuit
1012 2271 1096 2323 quum
1117 2270 1266 2324 numquam
1288 2257 1315 2308 id
1336 2256 1388 2309 sini
1409 2256 1604 2322 proposuerint

390 2334 488 2387 Christi
503 2333 667 2398 Babllsmsss·
677 2353 690 2377 ¹2
703 2330 712 2364 ¹
1012 2348 1137 2396 auctores
1153 2342 1223 2396 sacri
1236 2347 1266 2395 ut
1283 2356 1327 2395 res
1340 2355 1437 2395 omnes
1455 2348 1547 2409 gestas
1560 2354 1604 2394 re·

423 2422 480 2472 176.
490 2418 576 2485 Oltjd·
586 2416 847 2483 Babtizawffllllsltl,
856 2417 979 2470 coelesliss
1012 2428 1122 2480 ierrent.
1134 2429 1247 2481 Constat
1255 2429 1379 2491 Paulum,
1391 2428 1456 2482 licet
1470 2427 1603 2481 divinitus

389 2508 451 2560 data
460 2511 524 2559 suut
534 2503 634 2556 indicia
646 2504 728 2556 ritum
740 2504 816 2555 illum
825 2505 881 2556 beo
891 2505 978 2555 maxi·
1011 2518 1153 2578 vocatum,
1180 2514 1318 2581 Baptismo
1349 2526 1419 2580 opus
1449 2504 1603 2577 habuisse,

389 2608 434 2647 me
454 2592 617 2659 probatum,
636 2590 737 2657 Spiritu
754 2591 815 2657 ipso
832 2597 929 2645 sancto
949 2591 977 2643 iu
1012 2612 1095 2665 quare
1113 2598 1294 2652 dubitandum
1305 2612 1361 2653 non
1373 2605 1415 2652 est
1427 2605 1543 2653 caeteros
1555 2610 1606 2665 pa·

390 2677 488 2731 christi
498 2681 593 2742 caput,
603 2675 740 2729 columbae
750 2675 857 2741 specie,
867 2676 976 2743 illapso.
1010 2682 1076 2736 riter
1091 2684 1175 2738 sacris
1188 2684 1269 2737 undis
1282 2686 1439 2739 mundatos.
1454 2686 1532 2739 Ratio
1548 2698 1603 2737 au·

388 2767 459 2831 lirgo
480 2761 532 2815 ritu
549 2761 648 2816 eodem
667 2774 763 2814 omnes
779 2759 878 2814 Christi
893 2761 978 2815 disci·
1010 2775 1066 2822 tem
1078 2783 1160 2836 quam
1172 2770 1299 2838 adsignat
1310 2771 1501 2825 Rosenmuller
1516 2769 1604 2824 futilis

387 2849 444 2917 puli
455 2848 584 2901 abluendi
597 2851 671 2900 suut·
1010 2859 1067 2919 est,
1088 2860 1115 2908 et
1135 2857 1211 2908 nullo
1230 2855 1389 2909 testimonio
1410 2855 1481 2907 nixa.
1503 2855 1603 2920 Liquet

420 2936 478 2985 177.
496 2935 574 2998 liesp.
594 2932 691 2998 Utique
711 2933 768 2986 beo
786 2933 918 2999 probatus
935 2937 978 2986 est
1009 2938 1144 2992 universis
1168 2939 1326 2992 bominibus
1347 2940 1437 3006 legem
1458 2951 1473 2991 a
1491 2939 1602 2996 Christo

385 3019 539 3084 baptismus
574 3032 656 3090 quern
688 3019 803 3072 contulit
836 3022 975 3082 loannes,
1008 3023 1182 3089 impositam,
1201 3028 1228 3076 et
1251 3027 1363 3078 aPetro
1381 3025 1602 3091 promulgatam,

385 3104 509 3171 quamvis
519 3116 581 3169 quae
590 3104 654 3156 data
672 3110 737 3156 suut
748 3104 826 3171 signa
839 3103 975 3166 coelestia,
1008 3109 1084 3160 nullo
1096 3108 1168 3162 iacto
1186 3108 1345 3162 discrimine
1357 3121 1453 3162 eorum
1465 3109 1513 3174 qui
1526 3109 1602 3163 noti·

351 3203 354 3208 ·
385 3191 493 3243 cbristo
505 3190 553 3242 liei
569 3190 636 3243 uitio
646 3192 773 3245 testando
782 3192 882 3245 idonea
900 3188 974 3254 sint,
1007 3192 1045 3246 tia
1055 3194 1212 3261 hujusmodi
1225 3195 1322 3249 imbuti
1333 3209 1348 3247 a
1359 3197 1463 3249 Joanne
1473 3195 1602 3260 baptizati

383 3275 476 3341 potius
502 3289 585 3342 quam
611 3275 679 3328 ritus
706 3277 832 3330 efficaciae
860 3274 975 3328 demon·
1007 3278 1582 3348 tuissent,otaliorumquieacaruerunt.

384 3361 515 3413 strandae.
534 3361 564 3412 ln
586 3361 740 3427 exemplum
763 3362 879 3414 aliorum
901 3361 976 3412 chri·
1041 3369 1100 3420 180.
1113 3366 1171 3433 obj.
1180 3367 1206 3420 6.
1219 3367 1402 3420 Tertullianus
1414 3367 1469 3420 ait:
1485 3369 1599 3433 «Neque

384 3451 444 3499 stus
462 3459 527 3498 cum
545 3449 681 3512 suscepit,
695 3454 726 3500 ut
739 3446 825 3499 Judaei
840 3447 974 3500 loannem
1007 3455 1156 3520 quidquam
1167 3455 1249 3507 reiert
1259 3455 1330 3507 iuter
1340 3455 1598 3520 eosquosloannes

383 3538 566 3600 agnoscerent
587 3531 718 3587 divinitus
738 3532 874 3596 missum,
892 3531 974 3599 eique
1006 3539 1035 3590 in
1057 3538 1191 3598 iordane,
1209 3544 1237 3590 et
1255 3550 1325 3604 quos
1340 3541 1436 3591 Petrus
1456 3539 1484 3590 iu
1500 3537 1600 3605 'tyberi

383 3620 418 3673 ad
439 3618 627 3684 poenitentiam
657 3618 776 3673 hortanti
798 3617 973 3672 obaudirent.
1007 3623 1096 3676 tinxit.
1110 3622 1144 3670 »δ

382 3704 465 3759 Nobis
483 3704 618 3769 baptismo
631 3702 745 3758 toannis
758 3714 829 3768 opus
845 3708 972 3757 nonest:
1041 3708 1099 3758 lul.
1112 3707 1191 3772 Reap.
1206 3706 1390 3760 Tertullianus
1402 3719 1533 3773 magnum
1548 3717 1598 3772 po·

380 3787 737 3856 ntusenimpraeviusfuit,
752 3786 799 3852 qui
808 3786 973 3842 adveniente
1006 3793 1048 3846 nit
1057 3793 1206 3846 discrimen
1217 3793 1407 3847 intertoannis
1417 3791 1598 3858 baptismum,

381 3876 521 3929 Salvawre
534 3875 633 3936 desilit
651 3871 807 3937 baptizandi
818 3876 910 3925 tamen
922 3886 972 3926 su·
1006 3884 1105 3932 etcum
1115 3891 1196 3945 quem
1208 3918 1216 3943 ,
1229 3879 1328 3931 Christi
1338 3877 1501 3932 auctoritate
1511 3915 1519 3942 ,
1528 3879 1601 3943 Apo·

379 3974 454 4026 ntus,
465 3968 495 4014 ut
504 3963 612 4015 Christo
620 3959 969 4026 obtemperemusjubenti.
1005 3963 1067 4017 stoli
1080 3965 1264 4028 contulerunt,
1274 3961 1314 4016 uti
1324 3976 1357 4016 ex
1369 3963 1528 4016 testimonio
1537 3964 1599 4029 ejus

382 4047 467 4114 igitur
480 4061 562 4114 quem
580 4043 699 4098 instituit
717 4044 870 4110 Baptismus
886 4045 971 4099 susci·
1001 4049 1058 4116 jam
1078 4049 1191 4102 laudato
1211 4047 1306 4114 liquet.
1329 4047 1423 4101 Verbis
1442 4060 1505 4113 quae
1526 4047 1596 4115 obji-

380 4133 499 4201 pientius
507 4138 550 4186 est
562 4169 571 4194 ,
585 4141 642 4182 non
655 4141 738 4194 quem
748 4129 808 4195 ipse
820 4131 950 4198 suscepit.
1003 4132 1112 4186 ciuntur
1135 4145 1235 4198 aquam
1258 4144 1369 4186 omnem
1390 4132 1518 4187 idoneam
1535 4145 1598 4186 esse

415 4221 471 4271 178.
484 4217 544 4284 obj.
557 4219 583 4268 5.
597 4215 709 4280 Apollo,
725 4215 860 4271 referente
876 4220 969 4283 luca,
1003 4219 1179 4271 sacramento
1200 4218 1281 4272 ducet
1300 4233 1306 4267 :
1328 4237 1341 4265 ιι
1360 4217 1437 4271 Nulla
1455 4217 1598 4272 distinctio

383 4311 466 4359 «erat
475 4304 589 4357 edoctus
598 4299 671 4352 viam
685 4301 808 4365 bomiui3
820 4307 848 4356 et
859 4303 968 4357 fervens
1002 4307 1045 4357 est
1063 4300 1132 4357 mari
1149 4303 1211 4370 quis
1236 4317 1270 4357 au
1290 4309 1407 4372 stagno,
1427 4297 1594 4358 tlumineau

379 4391 479 4457 spiritu
491 4385 673 4454 loquebatur,
687 4391 716 4440 et
723 4386 840 4442 docebat
851 4387 969 4454 diligen·
1001 4388 1090 4453 tonte,
1111 4389 1172 4442 tacu
1194 4402 1229 4442 an
1247 4389 1325 4445 alveo
1339 4391 1460 4445 diluatur
1476 4405 1484 4444 ε
1503 4403 1598 4458 neque

403 4673 664 4730 (libr-domnam»
719 4703 724 4711 .
1026 4674 1221 4728 tolluActxiu.

404 4746 433 4795 (t)
442 4742 546 4785 Asturii.
555 4748 589 4785 tt.
752 4775 755 4783 .
780 4777 783 4783 ,
1026 4744 1053 4796 (A)
1060 4743 1085 4785 L.
1094 4743 1122 4786 de
1131 4745 1243 4797 baptismo
1252 4753 1272 4786 c.
1279 4743 1308 4786 ir.
