3792 5550
343 557 392 608 128
674 547 789 599 Thaca.
808 543 874 597 xllt.
893 544 921 595 P.
938 542 960 593 l.
977 543 1021 595 DE
1037 540 1259 592 uduutnlsxm.

344 673 447 725 riorum
473 680 594 722 errorem
616 666 761 724 evelleret,
789 661 835 726 qui
864 673 934 728 aqua
968 662 1196 727 hujusauctor,et
1206 659 1302 712 doctor
1313 657 1377 711 iecit
1388 666 1416 712 et
1428 659 1557 723 docuit3»

344 764 449 812 tantum
466 757 494 808 in
515 754 599 807 calice
618 751 780 811 utebantur,
797 747 831 799 ad
850 745 935 799 Caeci·
968 749 1068 802 deinde
1089 747 1165 814 qnod
1177 748 1291 814 mystica
1311 746 1473 813 significatio
1496 754 1561 805 huic

344 847 411 898 lium
437 843 474 896 ita
499 839 626 905 scripsit:
644 834 823 889 «admonitos
844 838 935 885 autem
969 834 1131 887 admixtioni
1160 834 1292 887 inhaereat
1312 850 1319 885 ε
1337 835 1432 887 uinum
1457 838 1561 904 quippe

345 946 397 985 nos
408 931 497 993 scias,
516 926 584 979 utin
597 924 682 978 calice
698 919 839 976 offerendo
851 918 937 972 domi·
971 921 1109 974 Christum
1130 919 1256 983 exhibet,
1277 920 1325 986 qui
1345 926 1388 973 est
1401 935 1465 975 vera
1477 923 1560 985 ritis,

345 1018 406 1069 nica
424 1014 533 1068 traditio
546 1017 784 1074 servetur,neque
798 1006 872 1059 aliud
892 1006 937 1057 tiat
970 1016 1042 1069 aqua
1060 1004 1194 1069 populum
1215 1004 1350 1071 designat.
1365 1006 1403 1057 Ex
1421 1006 1561 1059 veteribus

345 1096 701 1165 anobis,qnamquodpro
713 1092 793 1146 uobis
805 1090 936 1145 Dominus
970 1089 1085 1155 liguris,
1107 1089 1180 1143 sicut
1202 1095 1230 1141 et
1254 1103 1288 1141 ex
1308 1091 1373 1143 nori
1394 1093 1561 1146 Testamenti

346 1188 423 1253 prior
436 1185 499 1238 fecit
512 1199 518 1234 ι
531 1189 560 1235 nt
576 1181 644 1234 calix
664 1179 711 1245 qui
724 1181 750 1229 in
770 1182 937 1231 commemo·
970 1173 1137 1229 testimoniis
1155 1174 1276 1229 ostendit
1294 1174 1388 1228 vinum
1409 1181 1472 1242 apte
1485 1178 1562 1230 Chri·

346 1272 481 1323 rationem
505 1270 563 1334 eius
586 1264 717 1325 offertur,
743 1263 844 1315 mixtus
873 1260 937 1313 rino
971 1265 1044 1312 stum
1062 1260 1245 1323 exhihere,et
1260 1261 1402 1314 contendit
1418 1262 1486 1314 illud
1506 1277 1563 1316 om·

346 1354 486 1410 offeratur.
516 1356 581 1405 Nam
608 1364 671 1403 cum
697 1349 769 1401 dieat
796 1346 936 1398 Christus:
972 1346 1110 1399 ninoesse
1123 1345 1324 1410 necessarium,
1337 1360 1432 1411 quum,
1449 1360 1482 1401 eo
1496 1348 1564 1401 deti·

349 1462 360 1487 r
375 1443 432 1507 Ego
442 1453 502 1492 sum
513 1437 576 1491 vitis
592 1448 673 1495 νοτες
688 1452 699 1482 i
716 1431 827 1499 sanguis
840 1430 938 1483 christi
972 1434 1062 1485 ciente
1077 1444 1152 1485 «nec
1163 1437 1254 1497 potest
1264 1432 1351 1485 videri
1362 1435 1475 1500 sanguis
1487 1437 1562 1502 ejus,

347 1540 402 1579 non
421 1538 492 1590 aqua
508 1527 550 1575 est
568 1521 676 1586 utique,
698 1518 746 1571 sed
767 1517 871 1571 uinum.
886 1518 939 1568 Neo
972 1530 1028 1584 quo
1049 1518 1183 1584 redempti
1196 1518 1358 1573 otviviticati
1374 1534 1487 1583 snmus,
1500 1535 1562 1575 esse

346 1616 438 1677 potest
446 1608 531 1663 videri
542 1606 654 1673 sanguis
665 1602 939 1671 eius,qu0redempti
973 1604 1001 1657 in
1020 1604 1115 1656 calice.
1129 1622 1145 1651 »
1159 1602 1256 1656 vinum
1268 1603 1387 1671 igituret
1397 1618 1467 1670 aqua
1484 1619 1563 1659 sacro

346 1704 375 1751 et
398 1697 526 1751 vivificati
551 1707 663 1754 sumus,
689 1705 751 1745 esse
779 1691 806 1742 in
836 1690 937 1749 calice,
973 1687 1201 1753 poculoadmixta
1211 1688 1280 1741 liunt
1292 1690 1495 1744 verbisliomini
1505 1691 1564 1758 ipse

347 1782 562 1849 quandovinum
580 1779 651 1831 desit
667 1776 758 1837 calici,
771 1787 826 1840 nuo
839 1774 939 1827 Christi
974 1774 1086 1837 sanguis
1107 1775 1183 1841 ejus,
1206 1788 1261 1841 quo
1290 1776 1424 1841 redempti
1443 1790 1563 1829 sumus:

345 1868 460 1935 sanguis
479 1866 650 1926 ostenditur,
672 1861 718 1927 qui
740 1859 940 1925 scripturarum
974 1858 1565 1925 licetenimadhibeanturadconficiendum

346 1953 471 2007 omnium
481 1953 652 2003 sacramento
663 1960 694 1999 ac
705 1944 864 1998 testimonio
874 1956 941 2009 prae·
975 1951 1201 2006 sacramentnm,
1221 1958 1277 1998 non
1296 1951 1389 2000 tamen
1403 1948 1460 2013 ipsa
1473 1951 1566 2003 Sacra-

346 2039 488 2091 dicatur.»
511 2072 519 2087 .
540 2073 547 2085 .
570 2073 576 2085 .
598 2073 603 2085 .
625 2053 637 2079 α
659 2032 789 2083 Videmus
813 2030 841 2080 in
869 2042 940 2095 aqua
974 2030 1060 2082 menti
1075 2030 1142 2083 tanti
1157 2036 1185 2083 et
1196 2031 1325 2085 sacrificii
1338 2017 1566 2098 possuntbabere

347 2124 481 2191 populum
498 2119 630 2185 intelligi,
643 2118 671 2169 in
685 2117 748 2170 vino
760 2115 868 2168 ostendi
879 2128 940 2166 san·
974 2114 1107 2167 rationem
1119 2131 1126 2166 z
1141 2116 1204 2169 ideo
1216 2121 1308 2183 typum
1318 2131 1381 2170 cum
1393 2119 1431 2171 rei
1442 2120 1566 2185 veritate,

349 2209 460 2275 guinem
476 2204 585 2257 Christi.
608 2200 721 2266 Quando
742 2204 834 2253 autem
849 2198 877 2250 in
896 2212 941 2251 ea·
975 2199 1105 2253 sacrificii
1124 2200 1268 2253 materiem
1289 2214 1353 2255 com
1374 2203 1482 2257 victima
1504 2218 1568 2258 con·

348 2295 401 2347 lice
420 2293 485 2346 vino
501 2303 571 2356 aqua
592 2287 740 2349 miscetur,
762 2287 870 2339 Christo
891 2297 940 2351 po·
976 2286 1065 2337 terens
1085 2285 1151 2339 dicit
1170 2286 1320 2352 Cyprianus
1337 2302 1344 2337 ε
1360 2308 1373 2333 ι
1392 2288 1457 2351 Quis
1478 2289 1566 2357 magis

348 2380 430 2446 pulus
451 2376 606 2437 adunatur,
625 2379 652 2425 et
673 2372 843 2425 credentium
861 2371 941 2435 plebs
975 2371 1106 2424 sacerdos
1129 2370 1176 2423 liei
1197 2372 1298 2423 summi
1323 2385 1406 2438 quam
1433 2374 1566 2428 hominus

346 2468 375 2521 ei
391 2467 418 2517 in
436 2476 517 2531 quem
533 2448 664 2521 credidit,
684 2459 829 2523 copulatur
842 2463 869 2510 et
878 2458 941 2523 jnn-
975 2463 1071 2509 noster
1096 2460 1177 2511 lesus
1196 2458 1318 2510 Christus
1338 2459 1386 2523 qni
1403 2460 1567 2513 sacrificium

351 2552 431 2619 gitur.
445 2567 460 2598 >a
471 2548 480 2582 ¹
492 2551 571 2602 Juxta
588 2545 671 2599 realis
688 2542 841 2610 praesentiae
852 2549 942 2609 patro·
975 2545 1030 2596 beo
1048 2543 1119 2595 l‘atri
1134 2541 1252 2595 obtulit?
1266 2545 1297 2595 Et
1316 2543 1416 2597 obtulit
1427 2546 1480 2599 hoc
1493 2546 1567 2599 idem

350 2652 402 2693 nos
427 2651 478 2691 nec
495 2652 565 2705 aqua
587 2649 638 2689 nec
652 2635 746 2689 vinum
776 2633 893 2685 habetur
913 2632 941 2683 in
975 2628 1049 2695 quod
1069 2628 1269 2681 Melchisedech
1294 2627 1451 2692 obtulerat,
1471 2630 1500 2683 id
1524 2636 1567 2684 est

345 2725 451 2788 calice,
467 2725 515 2777 sed
535 2723 610 2777 solus
622 2719 720 2774 Christi
732 2718 858 2787 sanguis,
872 2718 940 2771 adeo
975 2727 1074 2781 panem
1092 2712 1237 2776 etvinum,
1251 2726 1332 2766 suum
1344 2713 1449 2767 scilicet
1465 2728 1566 2782 corpus

351 2818 380 2864 ut
399 2824 433 2863 ne
452 2810 563 2876 quidem
576 2809 621 2860 illa
637 2806 736 2858 Christi
755 2819 817 2858 cnm
837 2806 940 2871 populo
974 2806 1002 2853 et
1016 2802 1189 2866 sanguinem.
1203 2817 1214 2847 i
1230 2799 1275 2852 Sic
1284 2801 1461 2854 etmateriem
1469 2815 1502 2854 ex
1513 2817 1565 2868 qua

348 2895 424 2948 esrdeli
442 2894 599 2960 conjunctio
617 2893 645 2943 in
670 2893 846 2943 sacramento
865 2890 940 2942 exhi·
975 2885 1119 2938 coniicitur
1141 2886 1392 2949 Sacramentum,a
1414 2889 1517 2951 Jacob,
1537 2890 1565 2942 in

348 2981 464 3042 beatur,
483 2979 510 3030 ni
533 2979 638 3043 placcat
659 2989 758 3042 uquam
778 2975 900 3028 converti
913 2974 940 3026 in
974 2969 1103 3022 vaticinio
1126 2970 1161 3022 de
1174 2971 1242 3022 tuda
1255 2971 1362 3024 lavante
1382 2971 1410 3024 in
1430 2974 1564 3040 sanguine

351 3066 497 3131 populum,
524 3064 595 3116 sicut
617 3063 711 3116 vinum
726 3074 890 3115 conversum
904 3061 943 3112 di·
975 3067 1035 3107 uvae
1051 3055 1181 3108 amictum
1202 3069 1298 3120 suum,
1319 3057 1488 3113 enuntiatam
1516 3062 1565 3126 Cy·

347 3152 421 3204 citur
433 3152 461 3202 in
472 3149 569 3202 Christi
579 3147 801 3215 sanguinemlta
813 3145 941 3210 Cosinus,
974 3140 1085 3206 prianus
1111 3140 1270 3194 intellexit:
1295 3160 1309 3186 α
1329 3143 1442 3204 Quando
1473 3149 1565 3198 autem

347 3235 396 3303 qui
411 3240 502 3288 tamen
515 3234 639 3301 Cypriani
651 3234 736 3286 verba
747 3233 831 3286 veluti
855 3232 942 3284 addu·
975 3226 1087 3292 sangnis
1103 3238 1163 3278 uvae
1179 3225 1292 3288 dicitur·
1305 3226 1372 3292 quid
1389 3228 1465 3280 aliud
1483 3243 1565 3296 quam

346 3337 431 3386 cens,
448 3335 560 3374 sensum
582 3334 663 3387 quem
688 3332 721 3373 ex
740 3319 776 3371 iis
789 3317 942 3384 expressit,
973 3310 1310 3365 rinumeatictstiominict
1322 3313 1565 3379 sanguinisosteu·

352 3409 409 3462 suis
422 3408 468 3460 dat
479 3407 588 3469 verbis,
602 3405 725 3470 pessimo
745 3405 869 3469 exemplo
895 3417 942 3464 au·
975 3399 1095 3453 ditur‘t»
1115 3400 1160 3454 Sic
1177 3401 1252 3466 quod
1271 3400 1344 3466 apud
1357 3402 1455 3454 isaiam
1467 3403 1565 3456 deeal·

346 3492 434 3546 ctoris
446 3498 565 3544 mentem
578 3491 649 3542 male
662 3485 875 3554 interpretans.²
975 3492 1055 3538 caute
1067 3487 1188 3538 torcular
1196 3486 1305 3550 dicitur,
1315 3487 1350 3539 ad
1360 3489 1567 3542 Sacramentum

384 3578 443 3626 aot.
462 3576 540 3640 Hesp.
561 3574 710 3639 Cyprianus
722 3573 825 3638 duplici
846 3585 878 3624 ex
901 3585 944 3624 ca·
975 3571 1108 3623 retertur:
1122 3592 1134 3617 α
1149 3573 1207 3624 llini
1225 3573 1320 3639 utique
1339 3573 1443 3627 mentio
1466 3581 1525 3638 est,
1539 3582 1566 3629 et

349 3662 408 3727 pite
421 3660 477 3722 nini
494 3666 521 3712 et
538 3671 616 3724 aquae
631 3659 825 3719 admixtionem
847 3663 941 3722 urget,
976 3655 1039 3708 ideo
1058 3656 1184 3722 ponitur,
1198 3664 1227 3711 ut
1247 3659 1353 3712 bomini
1374 3660 1487 3726 sanguis
1501 3661 1565 3715 vino

352 3743 578 3810 primoquidem,
594 3756 654 3808 quae
665 3743 800 3809 praecipua
811 3746 853 3796 est
864 3743 941 3806 ratio,
976 3741 1150 3809 intelligatur.
1164 3745 1196 3798 nt
1209 3745 1283 3811 quod
1295 3746 1325 3797 in
1334 3745 1565 3800 calicebominieo

346 3828 571 3896 ouodbnminus
590 3828 703 3882 calicem
719 3828 775 3881 vini
794 3834 943 3894 aqualem·
976 3833 1072 3895 postea
1095 3830 1300 3884 manifestatum
1330 3835 1392 3893 est,
1422 3833 1565 3898 prophetis

350 3914 438 3981 perati
458 3913 631 3977 adhibuerit,
647 3934 659 3960 α
673 3914 747 3980 quod
770 3917 851 3967 lesus
868 3915 942 3966 Chri·
977 3913 1206 3969 annuntiantibus
1224 3915 1398 3982 predicatur.
1409 3920 1562 3972 torcularis

347 4007 422 4065 stus,
433 3999 563 4052 Dominus
574 4006 601 4052 et
613 4001 684 4053 licus
696 4005 804 4064 noster,
819 4001 944 4054 sacrificii
980 4013 1090 4066 quoque
1116 4001 1230 4055 calcatio
1254 4007 1281 4054 et
1298 4014 1427 4068 pressura
1445 4009 1565 4067 taxatur,

347 4265 473 4317 themany,
489 4275 513 4304 ee
530 4268 551 4303 to
567 4275 643 4305 secure
659 4264 696 4304 the
711 4263 815 4314 Anglican
831 4263 943 4316 disputent
975 4264 1065 4317 prianue
1076 4265 1330 4317 loquaturmeniteatede
1338 4269 1570 4320 sublimaturum,

352 4333 407 4372 lrom
417 4332 521 4382 insterinss
529 4332 671 4383 irreverence,
685 4333 781 4373 whether
790 4332 812 4372 in
823 4332 913 4372 himself
917 4345 942 4373 or
975 4338 996 4372 et
1006 4334 1034 4373 de
1042 4334 1157 4385 sacrificio)
1168 4335 1190 4374 in
1199 4338 1390 4378 commemoration
1409 4339 1435 4378 oi
1448 4339 1528 4379 cnnrsr
1541 4337 1569 4376 be

348 4392 521 4451 brshearemil
528 4401 759 4442 heventureeonsueh
768 4407 941 4453 energumeni.»
975 4402 1027 4442 mixt
1048 4403 1099 4444 with
1124 4405 1193 4455 wine,
1215 4406 1249 4445 tor
1266 4406 1282 4446 it
1298 4413 1377 4448 cannot
1402 4414 1513 4461 represent
1532 4407 1570 4447 the

349 4469 432 4511 Oxiord
441 4470 577 4519 traete,llol
587 4470 619 4509 iii.
627 4471 651 4509 Ν.
661 4475 693 4510 tt.
823 4479 829 4484 ’
975 4471 1043 4512 lllood
1051 4473 1076 4512 ot
1081 4473 1162 4514 Cum
1169 4474 1232 4516 when
1241 4475 1364 4516 thereisno
1372 4476 1426 4518 vine
1435 4477 1458 4516 in
1467 4477 1504 4517 the
1511 4487 1567 4528 cup,

379 4537 407 4590 (t)
417 4539 455 4590 Ep.
464 4538 492 4578 ad
500 4538 610 4578 Caecilium
620 4549 641 4590 p.
652 4544 683 4579 et.
694 4537 745 4578 edit·
759 4538 824 4578 Busil·
972 4543 1065 4585 bessum
1082 4545 1119 4585 the
1129 4547 1194 4588 blood
1202 4546 1227 4586 ot
1237 4547 1316 4587 Cum
1330 4547 1349 4588 ia
1358 4548 1473 4600 expressed
1488 4547 1514 4600 by
1530 4545 1568 4586 the

379 4607 426 4660 lxi«
441 4607 583 4660 Lettbetcnp
597 4606 856 4650 whiehisoll'eredtothe
866 4609 940 4660 people
974 4611 1044 4662 wine,
1062 4624 1086 4654 aa
1108 4613 1145 4654 the
1167 4614 1251 4655 faithful
1270 4625 1308 4655 are
1330 4616 1463 4657 understood
1483 4616 1511 4669 by
1530 4615 1569 4656 the

354 4678 424 4729 (aerbo
436 4678 481 4717 haee
490 4688 538 4729 qun
553 4677 633 4718 italicis
646 4676 806 4717 characteribus
820 4677 941 4718 haurimus
975 4689 1069 4724 veter.»
1085 4685 1135 4724 liae
1151 4684 1243 4727 Connus
1253 4697 1259 4724 ι
1268 4696 1312 4726 non
1322 4685 1367 4726 hec
1380 4686 1510 4738 Cyprianus

349 4747 410 4806 strala
428 4753 485 4788 certe
501 4747 542 4788 tide
559 4744 886 4798 inseruntureC0sino,qnum
902 4746 942 4799 Cp·
