3792 5550
381 598 430 648 les
679 590 792 642 TRACT.
813 589 878 641 xlll.
894 590 921 640 P.
942 587 964 638 l.
982 588 1024 638 bE
1041 586 1264 638 Eucflnltisrln.

376 715 510 766 tentasset
528 709 651 774 aperire,
672 707 737 773 igne
753 704 818 758 inde
839 710 971 770 surgente
1004 701 1239 755 Viroconsecrato
1246 701 1357 754 intinxit
1364 701 1497 754 calamum
1508 702 1589 755 ibeo

377 797 506 852 deterrita
520 801 569 848 est.
587 794 619 841 »¹
771 797 773 801 ⁴
1004 787 1176 852 ‹lorusrapu
1185 787 1278 853 Pyrrhi
1288 786 1588 853 constantinopolitani,

410 884 468 936 EEE.
489 883 516 932 S.
537 879 653 932 Basilius
671 881 706 929 ll.
720 877 807 930 dicit:
824 896 835 920 r«
850 877 969 928 Alexan·
1003 872 1207 925 llonotbelismi
1224 872 1351 938 patroni,
1369 873 1502 924 damnans
1515 884 1586 925 erro·

377 967 449 1021 dria·
475 973 502 1019 et
529 979 579 1031 per
608 967 751 1030 Egyptum
779 959 972 1026 unusquisque
1005 971 1074 1010 rem.
1087 957 1274 1024 Episcopi-qui
1287 958 1413 1011 ebutium
1429 959 1588 1010 damnarunt

378 1054 461 1107 etlam
475 1052 510 1104 de
535 1050 642 1116 plebe.
658 1054 688 1100 ut
714 1046 862 1113 plurimum
888 1044 973 1098 babet·
1003 1045 1070 1097 illud
1099 1046 1256 1110 exemplum
1278 1045 1375 1098 imitati
1399 1047 1477 1097 sunt!
1502 1047 1585 1110 lugu-

379 1139 455 1192 tlomi
467 1150 524 1190 suae
541 1131 825 1189 communionem.»’
1003 1131 1092 1184 stiaus
1110 1135 1202 1184 narrat
1213 1131 1358 1183 mulierem
1374 1130 1593 1195 cataplasmam.
1693 1140 1694 1197 ᾗ

412 1226 470 1276 stt.
491 1220 620 1274 Paulinus
650 1219 783 1290 diaeonus
806 1216 833 1268 in
857 1211 912 1268 vita
940 1216 968 1265 S.
1004 1216 1346 1279 Eucharistiaconlecisse‚
1360 1220 1590 1282 uuosauatusest·
1693 1250 1694 1299 Ξ

377 1307 512 1361 Ambrosii
531 1311 623 1358 narrat
637 1307 663 1356 S.
678 1307 846 1356 llonoratum
864 1300 970 1354 vercel·
1003 1304 1075 1356 lilius
1096 1305 1156 1370 ejus
1177 1301 1229 1368 qui·
1245 1300 1429 1368 aegrotabat.⁸
1447 1303 1510 1354 liaec
1521 1301 1594 1352 male·

379 1396 484 1447 reusam
504 1391 684 1457 Episcopum,
704 1401 765 1442 cum
788 1386 816 1437 in
834 1382 970 1450 superiori
1003 1389 1171 1444 conveniunt
1189 1389 1253 1443 ruer
1269 1388 1304 1441 ce
1320 1388 1427 1441 urrisu
1440 1387 1469 1439 ιιι
1488 1387 1585 1439 eucra-

357 1519 358 1522 ι
380 1479 501 1532 tabulato
514 1475 692 1528 decumberet
703 1511 711 1536 ‚
722 1472 830 1525 coelitus
842 1471 877 1522 dc
888 1473 971 1522 noete
1003 1477 1080 1529 ristia
1100 1481 1252 1542 praesente,
1266 1475 1394 1528 absoluta
1410 1475 1470 1540 jam
1485 1473 1593 1526 actione·

379 1562 571 1624 admonitum,
601 1566 631 1612 ut
661 1557 805 1611 Ambrosio
836 1554 978 1608 morituro·
1003 1561 1202 1614 sacramentali«,

308 1711 310 1714 .
379 1647 556 1702 subveniret:
575 1665 591 1695 κ
611 1646 657 1712 qui
678 1643 851 1700 descendens
871 1639 972 1694 obtulit
1036 1649 1096 1699 Eli.
1115 1648 1192 1712 Eece.
1204 1646 1332 1698 Plurimae
1341 1644 1455 1710 quidem
1466 1654 1516 1709 pro
1528 1647 1592 1695 tem·-

380 1737 479 1788 Sancto
492 1733 606 1787 Domini
628 1745 748 1797 corpus:
763 1743 818 1796 quo
837 1733 968 1793 accepto.
1003 1747 1101 1800 porum
1121 1733 1301 1801 locommque
1317 1728 1588 1784 diuersitatelucrunt

379 1821 426 1874 ubi
438 1820 561 1885 glutivit,
580 1819 670 1871 emisit
688 1816 823 1883 spiritum.
836 1813 871 1860 ι’
916 1819 925 1831 ”
1004 1819 1237 1880 eonsuetudines,
1261 1830 1330 1883 quas
1356 1829 1419 1869 cum
1443 1811 1593 1867 reverentia

411 1909 470 1959 568.
485 1905 612 1958 Graecias
626 1903 815 1969 antiquissima
825 1899 980 1966 disciplina·
1006 1905 1183 1958 Eucharistiae
1196 1904 1290 1956 debita
1311 1907 1384 1970 aegre
1404 1900 1585 1954 conciliamus.

379 1991 445 2044 teria
466 1991 561 2058 quinta
583 1990 691 2057 llajuris
708 1987 894 2041 Hebdomadas
912 1987 971 2038 Eu·
1005 1993 1139 2043 caeterum
1152 1989 1266 2042 indubia
1279 1987 1391 2040 aliunde
1400 1987 1536 2038 habentur
1547 1984 1588 2036 de

380 2078 536 2130 charistiam
573 2079 764 2138 consecrant,
800 2073 979 2124 infirmorum·
1005 2081 1133 2129 uumsuta
1149 2075 1213 2127 finci
1231 2073 1334 2139 ubique
1351 2070 1594 2138 uigentisneprae·

379 2175 463 2214 causa
482 2172 659 2227 perannum
687 2158 868 2219 servandam,
888 2167 970 2222 quam
1006 2160 1094 2214 sentia
1111 2159 1209 2212 Christi
1229 2155 1447 2210 insacrameirto
1466 2153 1592 2222 quamdiu

380 2246 597 2312 periclitantibus
626 2245 681 2298 vita
707 2242 908 2295 administrant.
941 2243 971 2292 ln
1005 2245 1279 2310 manebanrspecias.
1294 2243 1426 2309 Equidem
1441 2243 1469 2295 id
1488 2252 1594 2305 semper

380 2330 588 2382 Ecclesiiseam·
601 2334 711 2381 servant
723 2330 798 2395 juxta
820 2327 970 2393 parietem,
1005 2344 1095 2398 prore
1108 2332 1247 2396 exploratu
1257 2329 1381 2381 habitum
1391 2335 1445 2392 est,
1458 2327 1587 2380 Christum

380 2416 546 2480 coluntque,
568 2420 686 2467 testante
705 2414 808 2468 viatore
822 2418 973 2478 protestan-
1006 2432 1038 2471 ea
1049 2417 1159 2470 ratione
1167 2417 1281 2479 adesse,
1299 2427 1353 2479 qua
1373 2413 1410 2465 nil
1422 2413 1482 2478 pati
1493 2410 1593 2478 possit.

380 2501 444 2554 lico.
458 2501 477 2535 ‘¹
936 2509 939 2514 '
1006 2516 1196 2571 quascumque
1213 2502 1288 2554 vices
1312 2500 1418 2566 species
1441 2508 1588 2552 sacramen·-

413 2588 471 2638 569.
492 2586 619 2639 calvinus
632 2586 692 2651 ipse
711 2585 800 2638 lassus
813 2591 855 2638 est
870 2584 979 2639 ueteris·
1006 2591 1076 2643 ulus
1104 2588 1249 2655 contigerit
1276 2587 1380 2640 subire.
1412 2586 1527 2649 Quando
1552 2584 1595 2634 bat

382 2671 510 2724 Ecclesia.
529 2673 685 2737 exemplum
698 2669 840 2736 suflragari
853 2679 972 2723 consue·
1007 2672 1152 2726 commode
1177 2671 1279 2724 servari
1304 2683 1360 2722 uon
1390 2673 1533 2734 poterant,
1552 2665 1590 2718 vel

381 2757 468 2810 tudini
483 2755 972 2823 servandiEucharistiamutaagrotis
1005 2758 1077 2811 haud
1088 2764 1166 2810 erant
1177 2756 1351 2819 necessariae,
1362 2753 1464 2807 hostiis
1474 2753 1502 2805 in
1512 2744 1592 2818 aegre

381 2842 606 2905 administretur,
629 2842 672 2894 cui
687 2849 778 2893 tamen
792 2842 919 2894 reluctari
931 2842 972 2893 in·
1007 2851 1098 2896 torum
1111 2842 1334 2895 communionem
1352 2839 1420 2893 alias
1436 2842 1494 2906 jam
1506 2848 1594 2891 serra·

381 2927 550 2979 verecundus
571 2940 656 2979 atrsus
679 2933 721 2979 est
741 2929 905 2989 «Quorsum
924 2927 973 2993 igi.
1006 2929 1062 2991 tis,
1093 2926 1288 2993 Hierosolymis
1314 2926 1370 2992 igni
1398 2925 1590 2982 tradebantur,

382 3020 440 3075 tur,
457 3012 536 3075 nait,
552 3032 563 3058 ι
579 3012 675 3064 credet
693 3014 777 3064 altera
791 3012 972 3077 (corraeorotio)
1006 3014 1109 3082 puriori
1128 3014 1233 3066 seilicet
1244 3015 1396 3066 elemento.
1410 3011 1484 3064 sieut
1492 3011 1527 3063 de
1535 3008 1592 3061 reli·

381 3096 511 3161 cujusvis
526 3097 561 3149 ad
582 3102 701 3164 aegrotos
722 3111 809 3163 usque
826 3098 973 3163 perveniet
1007 3112 1060 3166 qua
1075 3098 1246 3153 victimarum
1264 3110 1346 3150 earne
1365 3096 1392 3148 in
1406 3097 1491 3149 veteri
1505 3098 1590 3147 Testa·

381 3182 433 3234 Sed
443 3182 515 3235 enim
525 3183 570 3249 qui
585 3183 624 3236 sic
635 3183 750 3249 faciunt,
762 3184 972 3238 babentseleris
1006 3191 1100 3239 mento
1114 3189 1278 3251 preceptum
1300 3189 1350 3236 est.
1370 3184 1540 3248 Nicephorus
1558 3185 1593 3231 te·

383 3268 511 3321 Ecclesia
526 3270 692 3335 exemplum.
706 3273 803 3325 Fateor
817 3286 823 3321 :
837 3272 971 3324 verumin
1007 3276 1095 3331 statur
1122 3269 1288 3335 incorruptis
1314 3268 1407 3334 pueris
1437 3273 1465 3320 et
1496 3264 1595 3334 jejunis

379 3368 409 3407 re
427 3360 502 3409 tanta
515 3362 543 3409 et
561 3358 588 3409 in
604 3370 659 3423 qua
671 3370 727 3411 non
741 3358 801 3411 sine
814 3370 914 3425 magno
927 3372 973 3424 pe·
1007 3355 1154 3422 particulas
1175 3354 1236 3406 illas
1259 3354 1420 3406 distributas
1444 3354 1550 3421 iusisse,
1568 3354 1593 3402 et

380 3441 465 3494 riculo
486 3448 610 3505 erratur,
626 3442 693 3495 nibil
714 3444 798 3496 tutius
815 3449 870 3505 est,
889 3456 979 3509 quam·
1007 3454 1054 3493 eas
1071 3440 1275 3491 immaculatum
1297 3438 1487 3503 divinumque
1498 3447 1596 3501 corpus

381 3538 467 3591 ipsam
485 3528 627 3581 veritatem
642 3529 754 3593 sequi.»
771 3529 782 3561 ὅ
1007 3524 1114 3578 bomini
1142 3530 1241 3586 vocat,
1265 3523 1485 3588 miraculumque
1507 3524 1594 3572 narrat

514 3612 837 3677 Oblecticnessotuuutur.
1007 3609 1130 3674 quocica
1149 3609 1295 3662 occasione
1318 3608 1432 3673 contigit
1454 3619 1542 3673 puero
1552 3606 1595 3671 ju·

413 3697 471 3746 570.
492 3695 551 3759 obj.
582 3699 604 3745 l.
633 3696 752 3747 Ecclesia
781 3694 973 3760 Hierosolymi·
1007 3693 1145 3753 daico,in
1162 3693 1273 3746 fornace
1284 3692 1397 3749 ardente
1406 3705 1455 3757 per
1468 3698 1526 3743 tres
1536 3689 1592 3741 (lies

381 3786 461 3839 tana,
473 3783 544 3830 teste
563 3778 712 3844 Hesychia,
734 3779 846 3831 solebat·
859 3779 973 3832 combu·
1007 3779 1230 3841 servatoillaeso‚
1247 3792 1330 3843 quum
1348 3782 1426 3842 pater
1437 3777 1595 3829 iratuseum

383 3875 444 3915 rere
466 3862 540 3927 quod
560 3870 702 3927 supererat
714 3876 746 3913 ex
769 3862 946 3917 Eucharistiae¹
961 3865 980 3898 θ’
1007 3864 1175 3927 immisisset,
1187 3864 1319 3929 coquom
1332 3863 1404 3915 inter
1414 3875 1517 3928 pueros
1525 3857 1597 3913 corio

384 3943 507 3999 Ecclesia
529 3948 829 4013 constantinopolitana
844 3948 974 4015 reliquias
1007 3950 1126 4013 silanos,
1150 3964 1243 4003 errore
1270 3950 1304 4001 ad
1326 3961 1419 4002 sacras
1449 3946 1598 4013 particulas

387 4032 566 4085 Eucharistiae
590 4032 682 4098 pueris
702 4046 718 4085 e
739 4034 841 4086 sobolis
853 4036 974 4089 evocatis
1006 4035 1194 4101 percipiendas
1227 4034 1400 4087 accessisset.
1430 4027 1596 4097 Reprobavit

385 4118 468 4171 dabat
500 4118 741 4171 murrducandas.⁷
772 4124 980 4185 Nonnunquam.
1007 4118 1348 4171 autem'Erelesiamorem
1359 4112 1595 4169 Eucharistiamiu

382 4201 561 4255 cadaveribus
594 4202 762 4255 Eucharistia
790 4204 971 4257 inserebatur.
1008 4217 1040 4257 os
1051 4210 1224 4256 mortuorum
1237 4203 1410 4264 immittendi
1423 4203 1495 4267 iqui
1508 4209 1599 4254 tameo

410 4461 437 4511 (l)
446 4462 469 4501 L.
478 4462 589 4516 delapsis.
1032 4464 1060 4515 it)
1070 4464 1124 4505 lust.
1133 4465 1148 4505 l.
1156 4466 1185 4507 iv.
1193 4477 1212 4505 c.
1221 4470 1252 4505 ll.
1261 4476 1283 4504 n.
1293 4471 1325 4505 aa.

410 4529 437 4580 (a)
448 4529 487 4581 Ep.
496 4541 597 4571 eruum.
606 4531 633 4571 ari
643 4531 759 4573 Canariam
769 4534 893 4574 Patricium.
1031 4532 1057 4583 (c)
1069 4532 1092 4572 l..
1102 4532 1126 4571 ii.
1136 4532 1158 4572 iu
1168 4532 1235 4573 berit
1244 4544 1263 4571 c.
1273 4532 1320 4572 rrii.

408 4596 435 4647 it)
444 4598 466 4637 ln
475 4598 523 4638 llita
532 4598 555 4639 S.
564 4599 679 4641 Ambrosii.
1030 4602 1057 4651 (7)
1066 4601 1199 4653 Nicephorus
1207 4601 1222 4641 l.
1229 4600 1279 4642 xvii.
1289 4600 1341 4640 hist.
1351 4600 1409 4645 licei.
1418 4612 1437 4640 e.
1447 4610 1499 4641 m.

406 4665 432 4716 (t)
444 4666 467 4705 ln
483 4678 548 4719 opere
564 4668 693 4721 Perpetaite
704 4670 731 4711 de
740 4673 764 4713 io
776 4664 824 4723 soi,
835 4670 877 4711 trel.
887 4669 900 4709 i.
916 4670 929 4709 l.
944 4670 967 4709 ii.
1029 4670 1055 4721 (a)
1063 4670 1087 4709 L.
1096 4668 1127 4709 iii.
1136 4669 1263 4722 op.imperl.
1273 4680 1293 4709 e.
1301 4668 1346 4709 lxii.

380 4730 452 4775 ebir.
464 4746 484 4787 p.
495 4741 540 4777 itt.
1028 4739 1053 4791 (sp
1063 4738 1129 4779 Coun.
1138 4737 1279 4790 Carthagili.
1289 4749 1307 4779 e.
1314 4749 1343 4779 vr.
