3792 5550
339 580 389 631 tid
556 574 670 629 Thiar.
689 573 754 625 xix.
771 573 812 623 DE
829 566 1054 621 SACRAHENTiS
1073 567 1105 618 111
1127 567 1322 619 uhtvaustht.

340 692 426 761 gratia
436 691 584 757 quidquam
603 689 712 743 laeditur
730 688 784 741 vita
800 687 930 741 sacerdo·
964 682 1070 746 cinos,
1085 690 1113 736 et
1126 684 1155 735 in
1168 684 1279 736 nomine
1289 690 1337 738 tuo
1348 685 1466 738 virtutes
1487 686 1558 736 mul·

341 778 412 831 tis.»
429 775 436 810 ¹
456 778 473 827 S
506 775 672 841 Augustinus
684 772 818 826 vindicias
842 773 931 825 Eccle·
964 774 1007 820 tas
1023 768 1156 821 fecimus?
1175 772 1208 822 st
1228 775 1294 823 tunc
1310 771 1465 823 oontitehor
1481 771 1554 823 iilis:

342 864 449 917 siaehac
462 862 489 914 in
503 875 533 915 re
547 866 640 914 contra
653 858 807 911 donatistas
819 863 930 911 strenue
963 854 1030 917 Quia
1051 868 1191 921 nunquam
1216 857 1279 909 nori
1302 868 1373 909 rosa
1389 857 1556 909 disceditea

341 949 414 1015 egit,
434 948 503 1000 adeo
518 954 547 998 ut
560 956 793 1010 supervacaneum
811 944 846 995 sit
866 956 929 995 eum
968 952 1027 1002 me,
1043 942 1091 1006 qui
1103 941 1252 1006 operamini
1265 940 1448 1006 iniquitatem.
1463 942 1503 987 »⁸

340 1034 461 1087 laudare,
482 1036 567 1084 Unum
583 1036 673 1081 tamen
692 1034 739 1082 aut
764 1030 879 1081 alterum
892 1031 931 1082 lo·
998 1026 1151 1092 11101121.
1173 1027 1220 1089 Qui
1231 1027 1403 1079 Christianus
1419 1040 1477 1079 non
1496 1034 1557 1090 est,

340 1134 403 1173 cum
424 1117 580 1184 speciminis
604 1117 689 1183 gratia
714 1116 829 1169 damus:
843 1134 859 1163 a
871 1118 930 1168 lion
967 1123 1023 1164 non
1036 1118 1126 1178 potest
1137 1112 1261 1164 minister
1280 1112 1379 1164 Christi
1396 1126 1479 1164 esse:
1493 1126 1558 1178 pec·

341 1208 485 1259 exhorreat
502 1203 628 1256 columba
652 1202 833 1255 ministerium
845 1202 930 1255 malo·
964 1202 1041 1249 sator
1057 1202 1149 1250 autem
1169 1197 1340 1250 Christianus
1357 1210 1414 1250 non
1432 1203 1493 1260 est,
1505 1199 1558 1251 do-

341 1304 401 1343 rum
410 1305 417 1351 ;
426 1288 553 1354 respiciat
566 1288 672 1341 homini
683 1287 929 1353 potestatem.Quid
964 1288 1044 1335 cente
1057 1285 1189 1348 apostolo
1200 1299 1206 1336 z
1217 1305 1230 1329 ι
1246 1284 1273 1335 Si
1285 1284 1349 1349 quis
1360 1290 1452 1336 autem
1470 1285 1558 1351 spiri-

341 1376 389 1429 tihi
411 1376 474 1428 iacit
495 1377 584 1428 maius
616 1375 751 1435 minister,
774 1372 821 1424 uhi
839 1372 930 1425 honus
965 1374 1022 1420 tum
1042 1368 1141 1420 Christi
1165 1381 1222 1422 non
1242 1370 1340 1434 hahet,
1366 1370 1412 1423 hic
1437 1383 1494 1423 non
1513 1380 1557 1425 est

341 1468 383 1515 est
401 1461 577 1514 hominusin
594 1460 628 1506 ἰι
641 1464 698 1513 Non
722 1461 805 1511 timeo
828 1457 931 1509 adulte·
964 1455 1034 1520 eius.
1046 1452 1081 1498 »1

340 1560 417 1609 rum,
435 1558 490 1597 non
502 1547 638 1598 ehriosum
651 1584 657 1605 ,
669 1558 724 1596 non
741 1543 908 1596 homicidam
921 1558 928 1593 :
997 1540 1040 1591 58.
1053 1540 1132 1603 nem.
1146 1541 1315 1606 Quicumque
1327 1579 1335 1604 ,
1347 1543 1488 1608 Baptismo
1500 1557 1559 1597 sus

341 1632 404 1697 quia
428 1630 582 1683 columbam
608 1629 738 1691 attendo,
774 1643 823 1694 per
847 1640 929 1693 quam
966 1624 1271 1689 cepto,ordinationem
1293 1640 1401 1679 sacram
1424 1628 1556 1695 deinceps

340 1714 406 1767 mihi
424 1714 543 1767 dicitur:
560 1732 571 1761 ι
585 1714 633 1766 iiic
644 1720 684 1766 est
705 1714 751 1779 qui
762 1713 888 1779 baptizat.
902 1712 929 1761 »⁸
964 1709 1114 1773 receperit,
1125 1710 1252 1762 minister
1264 1711 1364 1763 Christi
1378 1720 1437 1775 est,
1449 1727 1557 1767 assum·

339 1820 355 1849 n
373 1803 468 1853 Petrus
480 1798 613 1863 baptizet,
625 1798 721 1851 hicest
735 1799 781 1865 qui
793 1798 927 1864 baptizat:
963 1800 1027 1859 ptus
1048 1794 1076 1846 in
1096 1795 1279 1848 ministerium
1298 1810 1348 1860 ea,
1366 1813 1449 1863 quam
1462 1802 1558 1854 statuit

339 1888 438 1940 Paulus
455 1886 587 1950 baptizet,
607 1885 651 1939 hic
664 1891 706 1938 est
726 1886 772 1951 qui
794 1884 928 1951 haptizat;
964 1882 1093 1933 Christus
1105 1887 1323 1936 ettotaservarit
1335 1886 1502 1949 antiquitas,
1516 1900 1558 1940 ra·

338 1974 426 2026 iudas
444 1972 685 2037 haptizat,hicest
699 1970 929 2037 quihaptizat.»⁶
962 1967 1048 2019 tione.
1072 1967 1099 2018 Si
1124 1968 1223 2033 spiritu
1247 1968 1347 2020 Christi
1367 1977 1478 2033 careat,
1504 1985 1556 2025 suo

339 2062 495 2126 congruum
507 2072 588 2124 porro
601 2059 701 2111 divinae
713 2058 812 2110 Christi
825 2058 930 2123 sapien·
963 2052 1065 2106 damno
1086 2053 1114 2105 id
1133 2053 1281 2120 contingit,
1306 2060 1333 2106 et
1356 2056 1417 2121 ojus
1428 2068 1485 2108 non
1498 2061 1557 2120 est,

339 2145 451 2197 tiaeerat
465 2147 639 2197 sacramenta
655 2144 691 2195 ita
706 2142 861 2204 instituere,
872 2149 929 2194 uta
963 2138 1026 2202 quia
1035 2139 1183 2205 gratianou
1193 2145 1234 2191 est
1247 2152 1311 2191 cum
1323 2139 1370 2191 iilo
1379 2142 1555 2205 conjunctus.

339 2230 525 2281 ministrorum
543 2229 647 2281 maritis
659 2229 815 2279 nuliatenus
827 2226 929 2292 pende·
962 2225 1098 2275 Caeterum
1116 2230 1159 2276 est
1181 2226 1241 2291 ejus
1261 2224 1400 2284 minister,
1418 2226 1557 2292 legatione

338 2320 416 2375 rent,
432 2313 501 2364 adeo
521 2320 550 2364 ut
568 2312 780 2375 suscipientium
790 2311 860 2362 fides
873 2316 929 2363 tota
963 2321 1056 2375 proco
1066 2309 1195 2376 iungens,
1208 2315 1236 2363 et
1251 2312 1419 2364 necessariis
1436 2318 1558 2377 potesta·

338 2398 437 2463 inipso
451 2396 628 2458 consisteret,
643 2407 694 2447 nec
712 2394 795 2446 animi
807 2394 929 2447 solicitu-
962 2394 998 2446 tis
1016 2408 1097 2460 quam
1109 2396 1349 2448 exercetmunitus
1359 2396 1478 2449 indiciis.

338 2483 401 2535 dine
418 2482 453 2534 de
471 2481 658 2533 ministrorum
669 2480 801 2544 dignitate
817 2485 928 2544 torque·
994 2483 1037 2533 59.
1049 2480 1109 2545 oti.
1121 2484 1147 2533 3.
1161 2483 1259 2533 Paulus
1271 2481 1338 2535 dicit
1350 2497 1383 2534 cx
1392 2483 1503 2536 Christo
1513 2497 1558 2536 oa·

338 2574 441 2621 rentur.
450 2567 494 2619 Sic
507 2578 564 2618 suae
572 2564 666 2632 gloriae
677 2565 764 2631 magis
778 2564 927 2629 consuluit,
962 2566 1155 2631 pisanorum
1164 2574 1557 2633 corpuscompaetumetcon·

337 2656 464 2709 virtutem
477 2653 659 2705 sacramentis
678 2652 855 2714 trihuens,et
872 2663 929 2703 om·
964 2664 1062 2703 nexum
1081 2664 1250 2716 peromnem
1274 2653 1432 2717 iuncturam
1455 2653 1557 2705 submi-

337 2754 388 2794 nes
407 2742 439 2793 ad
464 2754 493 2794 se
515 2740 599 2794 vetuti
619 2753 762 2794 rovocans.
789 2738 927 2792 Fideiihus
962 2736 1147 2798 nistrationis,
1161 2737 1314 2790 secundum
1329 2738 1557 2805 operationemin

337 2828 419 2879 etiam
432 2827 550 2893 henigne
563 2827 710 2890 consuluit,
722 2827 844 2893 alioquin
855 2839 928 2878 sem·
961 2835 1118 2875 mensuram
1129 2821 1347 2888 uuiuscujusque
1358 2824 1558 2892 memhriaug·

337 2925 386 2976 per
398 2912 534 2964 haesituris
551 2913 585 2963 de
601 2914 835 2965 sacramentorum
852 2913 928 2966 raio-
961 2914 1085 2960 mentum
1095 2907 1218 2972 corporis
1231 2907 1293 2960 iacit
1306 2907 1333 2959 in
1344 2910 1557 2962 aedificationem

337 3009 381 3058 re,
404 3009 487 3060 quum
511 2997 577 3048 vitia
598 2998 739 3048 hominum
766 2998 927 3063 plerumque
963 2993 1005 3044 sui
1023 2993 1050 3043 in
1073 2993 1239 3045 charitate.»
1253 2993 1348 3060 ⁸Ergo
1371 2996 1418 3047 uhi
1442 3001 1556 3062 peccato

338 3081 393 3133 sint
410 3082 526 3133 occulta.
963 3079 1112 3132 divortium
1128 3093 1142 3132 a
1161 3079 1270 3132 Christo
1283 3081 1386 3133 iactum
1399 3089 1459 3145 est,
1480 3083 1558 3135 nulia

464 3165 629 3230 objectiones
646 3169 800 3219 solvuntur.
961 3170 1004 3217 est
1022 3165 1116 3230 gratiae
1125 3165 1185 3217 aliis
1202 3167 1427 3219 communicatio.

369 3253 411 3302 55.
429 3250 488 3315 oti.
504 3256 527 3302 1.
539 3271 555 3300 «
570 3252 676 3304 Scimus
690 3254 754 3317 quia
768 3259 926 3317 peccatores
993 3251 1035 3301 do,
1048 3251 1127 3314 hosp.
1137 3252 1281 3316 apostotus
1293 3251 1377 3304 docet
1388 3252 1482 3304 omnia
1494 3265 1558 3318 quae

335 3337 406 3388 heus
426 3349 481 3388 non
495 3337 620 3389 audit.»t
630 3341 699 3404 Ergo
713 3351 769 3392 non
780 3338 868 3389 valent
883 3339 928 3390 sa·
961 3338 1020 3387 toto
1032 3347 1147 3400 corpore
1159 3336 1288 3388 Ecclesiae
1300 3335 1495 3390 diffunduntur
1507 3339 1557 3391 do-

335 3426 474 3473 cramenta
488 3422 521 3473 ah
534 3423 566 3473 iis
576 3423 683 3475 coiiata.
961 3431 997 3471 na
1006 3433 1021 3471 a
1030 3420 1138 3472 Christo
1150 3420 1282 3482 deriuari,
1303 3425 1430 3474 ettotam
1442 3435 1558 3488 compa-

368 3508 410 3556 56.
422 3506 499 3570 desp.
517 3509 575 3558 Non
589 3507 665 3557 audit
683 3509 754 3558 Deus
770 3506 925 3559 ministrum
961 3519 1022 3570 gem
1046 3519 1080 3559 eo
1097 3505 1156 3557 niti.
1181 3509 1240 3558 Non
1262 3506 1325 3559 ideo
1348 3507 1555 3561 tollituromnis

335 3601 467 3655 pravum,
491 3603 541 3641 suo
555 3591 668 3642 nomine
681 3597 854 3655 precantem,
876 3592 926 3644 sed
962 3590 1115 3656 peccatoris
1132 3604 1194 3644 cum
1219 3603 1252 3643 eo
1271 3605 1378 3655 nexus,
1399 3607 1485 3658 quum
1496 3608 1554 3646 ma-

335 3672 484 3724 Ecclesiam
506 3687 601 3735 suam,
621 3675 698 3738 euius
710 3687 791 3726 voces
803 3677 925 3739 profert,
961 3682 1026 3729 neat
1038 3675 1166 3742 Baptismi
1176 3682 1204 3730 et
1214 3677 1324 3730 Ordinis
1335 3678 1467 3745 sigilium.
1480 3680 1555 3732 Licet

334 3757 390 3808 imo
410 3755 545 3807 Christum
562 3756 658 3806 Filium
676 3757 824 3820 dilectum,
848 3762 926 3826 cuius
962 3760 1046 3826 igitur
1066 3763 1179 3828 gratiam
1192 3763 1327 3825 amiserit,
1348 3769 1470 3818 attamen
1485 3778 1554 3818 con·

334 3842 510 3905 auctoritate,
541 3843 653 3909 indigne
683 3844 761 3908 iicet,
791 3847 923 3914 fungitur.
960 3846 1125 3899 creditosihi
1135 3846 1288 3900 ministerio
1306 3848 1483 3916 iungens,id
1504 3863 1552 3916 po·

335 3929 468 3992 Equidem
482 3931 563 3980 heum
576 3930 671 3982 audire
683 3931 809 3996 aliquos,
822 3946 855 3986 eo
864 3923 924 4000 ipso
958 3930 999 3983 nit
1012 3944 1044 3982 er
1054 3943 1119 3996 quo,
1130 3931 1236 3984 Christo
1245 3933 1552 4002 notentepeudetgra·

334 4020 518 4080 temporequo
529 4027 591 4066 eum
603 4015 730 4068 invocant
743 4057 749 4076 ,
761 4023 873 4081 peccato
883 4019 924 4071 iu·
958 4015 1004 4068 tiae
1021 4015 1252 4081 communicatio,
1270 4031 1334 4082 quae
1347 4025 1430 4072 totaa
1444 4020 1550 4073 Christo

334 4096 479 4163 quinatos,
498 4104 524 4150 et
536 4111 631 4151 eorum
645 4112 727 4166 opera
741 4107 848 4166 patrare
860 4117 923 4169 pro·
956 4101 1103 4155 derivatur.

332 4181 405 4247 digia
420 4195 451 4232 cx
464 4184 562 4236 Christi
569 4184 805 4251 verhiscoiiigitnr
817 4202 824 4236 z
835 4206 847 4232 «
858 4189 924 4240 raul-
992 4188 1034 4238 at.
1051 4186 1111 4251 otj.
1130 4189 1147 4237 1
1170 4191 1263 4239 retrus
1275 4187 1370 4241 fideles
1384 4190 1425 4242 sic
1438 4191 1552 4255 alioqui-

333 4266 354 4317 ti
367 4265 459 4318 dicent
469 4268 535 4319 mihi
554 4268 582 4320 in
600 4268 644 4320 iiia
657 4269 701 4321 die
715 4285 721 4319 :
735 4271 924 4334 11011111θῶ0-
959 4278 1022 4324 tur:
1038 4271 1272 4336 «unusquisque,
1285 4271 1358 4325 sicut
1376 4275 1482 4339 accepit
1493 4287 1551 4340 gra·

334 4349 428 4414 mine,
447 4362 539 4406 nonne
551 4354 579 4406 in
599 4355 710 4408 nomine
720 4361 768 4408 tuo
778 4360 924 4436 prophetas
958 4357 1024 4409 tiam
1039 4396 1047 4421 ,
1061 4359 1089 4409 in
1099 4359 1259 4410 alterutrum
1269 4359 1344 4411 illam
1357 4361 1551 4412 administran-

335 4433 442 4496 vimus,
461 4442 489 4487 et
510 4436 538 4488 in
551 4438 661 4491 nomine
672 4444 718 4492 tuo
731 4440 866 4494 damonia
876 4445 927 4510 eje·
962 4449 1022 4505 tes,
1041 4443 1112 4496 sicut
1123 4444 1188 4497 honi
1201 4443 1410 4509 dispensatores
1422 4445 1553 4499 multiior·

358 4686 389 4738 it)
400 4687 462 4726 iiam.
472 4689 519 4728 viii·
528 4692 549 4732 in
564 4695 571 4733 1
582 4695 608 4734 ad
618 4697 667 4736 Cor.
985 4703 1010 4751 (ti
1022 4703 1075 4744 ihid.
1085 4705 1155 4744 Traet.
1164 4703 1193 4745 11.
1202 4715 1224 4743 n.
1233 4709 1253 4744 1.
1264 4705 1292 4756 itti
1300 4706 1364 4746 ioan.
1373 4708 1403 4747 11.
1411 4714 1444 4748 st.

361 4753 389 4806 (1)
400 4753 470 4794 arici.
478 4768 498 4797 1.
509 4756 530 4797 in
545 4762 605 4801 ioan.
614 4763 643 4813 11]
655 4763 708 4804 ibid.
716 4776 735 4806 1.
750 4772 780 4806 ts.
984 4771 1078 4821 (111111.
1092 4772 1129 4815 111.
1136 4777 1169 4813 it.
1178 4772 1206 4826 (ii
1223 4774 1366 4818 1111111111.
1377 4781 1405 4830 (tir
1419 4779 1475 4831 Eph·
1484 4779 1512 4822 ir.
1523 4785 1553 4822 11.
