3792 5550
632 552 702 606 CAP.
723 552 742 604 Ι.
763 553 804 608 nb
821 551 991 607 stclttulctt
1007 555 1187 617 vennere,
1463 561 1510 617 tur

309 665 428 720 desiisse.
449 667 481 721 tlt
500 666 890 732 nullunestsaoriticium,si
923 671 1039 726 cerdotii
1059 672 1211 726 christiani.
1234 673 1367 728 l’raeterca
1387 676 1511 731 doctrina

308 751 472 808 Eucharistia
484 764 541 806 non
559 752 612 815 sit;
625 752 708 820 igitur
724 755 752 808 iu
771 767 804 808 ea
822 755 890 808 ratio
924 756 960 810 de
982 757 1169 812 eucharistico
1201 760 1335 814 sacrificio
1359 768 1419 815 erat
1439 763 1509 817 adeo

307 838 618 906 sacrificiiaguoscenda
631 844 682 894 est.
695 842 890 908 Argumentum
924 843 994 905 alta,
1006 848 1037 897 ut
1057 856 1113 898 non
1135 844 1214 898 iacile
1237 845 1339 912 scripto
1351 848 1511 914 explicanda

307 926 356 984 boc
382 917 502 990 Overall,
529 925 680 992 Episcopus
706 927 890 995 anglicanus,
924 929 1014 993 ioret,
1032 929 1106 995 quod
1122 929 1150 982 in
1176 943 1274 982 manus
1293 930 1452 985 ludaeorum
1476 933 1512 986 ad

306 1010 425 1077 agnoscit
439 1017 468 1064 et
486 1010 592 1078 urget.¹
925 1013 1009 1068 fldem
1029 1027 1085 1069 nou
1105 1027 1300 1070 conversorum
1320 1016 1399 1070 iacile
1418 1026 1514 1083 posset
1545 1009 1549 1014 ’

433 1096 764 1162 dejerttoamrotvunter.
923 1100 1035 1165 venire,
1047 1102 1091 1154 rel
1109 1101 1144 1154 ad
1164 1114 1260 1156 eorum
1282 1103 1424 1168 peruenire
1437 1104 1520 1158 noti·

336 1185 377 1238 56.
396 1184 456 1252 dij.
472 1189 495 1238 t.
506 1189 544 1240 be
556 1186 784 1254 oblationepanis
797 1187 890 1242 etvini
923 1187 991 1240 tiam
1007 1201 1015 1239 :
1033 1188 1112 1254 plura
1130 1188 1236 1242 scilicet
1252 1189 1411 1243 continebat
1427 1189 1520 1244 decu⁴

305 1283 319 1322 a
340 1270 539 1324 Melchisedech
560 1271 623 1326 silet
640 1274 762 1340 Moyses,
780 1273 826 1339 qui
840 1286 887 1326 sa·
923 1279 1016 1327 menta
1036 1273 1092 1327 illis
1121 1274 1194 1328 baud
1224 1274 1391 1328 sinetructu
1410 1289 1511 1344 magno

305 1357 416 1410 eerdotii
429 1359 489 1425 ojus
499 1359 667 1414 mentionem
680 1359 757 1422 iecit,
771 1365 802 1414 ut
812 1361 890 1414 intel·
922 1360 1174 1414 communicandas

305 1441 471 1510 ligaturam
496 1445 611 1499 Abrabae
639 1446 832 1510 benedixerit,
861 1452 889 1501 ct
955 1448 998 1498 58.
1019 1445 1079 1512 obj.
1098 1447 1123 1498 Ξ.
1143 1446 1258 1500 Frivola
1267 1445 1419 1500 afferuntur
1431 1447 1513 1502 ratio·

305 1528 424 1584 demutas
438 1531 473 1583 ab
492 1543 526 1586 eo
545 1533 681 1598 acceperit
695 1572 701 1596 ‚
714 1538 796 1599 prout
808 1533 891 1600 expli·
923 1543 974 1584 nes
984 1530 1061 1583 Pauli
1072 1530 1193 1584 silentii:
1207 1544 1294 1597 quum
1313 1530 1388 1584 euim
1406 1544 1440 1586 ex
1451 1543 1513 1598 pro·

305 1621 346 1668 cat
357 1607 515 1679 Paulus‚de
524 1617 663 1672 oblatione
680 1618 782 1683 pariter
794 1618 889 1672 silens.
923 1616 998 1670 fesso
1017 1615 1124 1683 singula
1144 1616 1171 1668 in
1191 1616 1293 1682 quibus
1313 1616 1511 1670 Melchisedech

304 1700 377 1762 Quod
392 1705 484 1756 autem
503 1702 623 1756 attulerit
634 1715 732 1768 penem
748 1703 889 1767 eduinum,
924 1706 1006 1768 typus
1023 1706 1082 1754 erat
1100 1701 1200 1754 christi
1217 1701 1380 1768 explicaret,
1400 1701 1435 1754 ad
1448 1713 1511 1768 pro·

303 1786 416 1854 contigit
431 1793 460 1840 ut
473 1787 575 1840 milites
587 1788 702 1842 hbrahae
717 1788 889 1845 refocillaret.
925 1786 1047 1852 positum
1068 1788 1186 1840 maxime
1199 1787 1354 1852 pertinebat
1365 1786 1513 1842 oblationis

334 1873 378 1924 57.
397 1872 475 1936 ileon
494 1874 621 1924 latemur
638 1872 805 1926 oblationem
817 1873 890 1926 haud
925 1870 1135 1924 similitudinem
1156 1871 1318 1934 ostendere,
1335 1875 1367 1924 ut
1387 1871 1514 1924 ebriatio-

302 1953 431 2009 affirmari
451 1967 466 2008 e
487 1957 597 2022 Moyse,
610 1957 657 2023 qui
678 1960 770 2012 temen
792 1971 889 2024 panem
925 1969 993 2008 num
1009 1955 1190 2020 sacrificium,
1205 1955 1336 2022 abrogata
1354 1955 1513 2008 animalium

302 2045 328 2094 ot
345 2039 439 2094 vinum
457 2041 539 2094 allata
554 2054 616 2094 esse
631 2042 745 2106 diceus,
760 2044 888 2098 etstatim
924 2041 1131 2106 immolatione,
1150 2042 1207 2109 jam
1234 2040 1344 2096 unicum
1367 2053 1514 2106 superesse

301 2127 436 2180 adnotans
454 2141 517 2182 eum
544 2128 629 2182 tuisse
650 2128 820 2182 sacerdotem
843 2130 889 2182 liei
923 2126 1062 2192 probaret.
1098 2117 1106 2130 '

301 2211 445 2275 citissimi,
458 2212 666 2266 tundamentum
689 2214 794 2280 praehet
814 2215 890 2282 cogi·
955 2210 1000 2264 59.
1023 2212 1104 2277 Resa-
1123 2211 1201 2264 Manu
1228 2212 1303 2265 leves
1330 2211 1513 2266 indicarimus

302 2297 377 2350 tandi
403 2310 435 2350 ea
455 2296 540 2352 luisse
559 2299 660 2352 oblata.
683 2302 741 2354 Non
769 2300 837 2354 dicit
857 2314 888 2356 ea
922 2311 1022 2352 causas
1034 2312 1085 2353 cur
1101 2300 1201 2353 Paulus
1214 2311 1274 2353 eam
1289 2299 1511 2362 similitudinem,

302 2380 386 2436 luisse
413 2382 546 2448 militibus
564 2383 645 2447 date,
665 2385 783 2452 ideoque
804 2401 889 2453 quum
923 2397 986 2450 qun
996 2385 1067 2438 inter
1075 2389 1202 2451 typumet
1211 2385 1351 2438 veritatem
1360 2384 1513 2449 intercedit,

302 2473 428 2522 neutrum
445 2469 531 2524 dicet.
551 2483 584 2522 ex
601 2470 736 2537 adjunctis
754 2473 889 2526 sermonis
923 2470 1140 2536 pretermisertt.
1157 2473 1292 2524 caeterum
1315 2469 1406 2536 ipsum
1432 2470 1514 2524 babe-

302 2554 367 2618 quid
388 2554 482 2608 iecerit
502 2554 694 2608 verosimiliter
717 2555 888 2621 conjicimus.
924 2569 987 2607 mus
999 2555 1240 2619 auctoremouod
1252 2555 1289 2608 ob
1308 2554 1514 2608 iideliuminbr·

301 2641 437 2692 Caeterum
456 2650 513 2692 non
533 2644 667 2704 repugnat
687 2643 717 2692 ut
739 2644 802 2705 post
814 2640 890 2693 obla·
924 2640 1048 2692 mitatem
1062 2639 1098 2692 de
1121 2651 1221 2692 arcano
1246 2638 1371 2692 siluerit:
1385 2639 1514 2704 prestatur

301 2726 407 2779 tionem
430 2725 563 2779 militibus
584 2725 842 2781 distribuerentur:
863 2727 890 2783 id
924 2723 1181 2789 enim,decurisro
1196 2736 1307 2792 agens:
1331 2723 1513 2791 «appellatus

300 2810 374 2865 enim
385 2816 547 2865 consuetum
557 2816 599 2867 est
610 2812 792 2879 utparticipes
803 2814 891 2886 [orent
924 2814 1013 2865 abeo
1035 2810 1157 2865 l‘ontiiea
1169 2812 1245 2877 juxta
1258 2810 1384 2865 ordinem
1403 2810 1514 2864 Melchi-

302 2897 372 2953 saori
386 2898 510 2953 muneris
528 2899 575 2966 qui
587 2899 688 2953 oblatis
698 2900 887 2955 vescebantur.
922 2900 1027 2953 sedech
1039 2914 1046 2951 :
1057 2897 1093 2953 d'e
1114 2912 1169 2966 quo
1183 2899 1264 2953 nobis
1280 2898 1393 2967 grandia
1404 2909 1512 2961 sermo,

301 2984 375 3048 Quod
383 2984 888 3051 benedixeritMelcbisedeobAbrahae,
922 2990 951 3039 et
963 2984 1207 3052 ininterpretabilis
1219 2985 1254 3038 ad
1267 2984 1430 3039 dicendum:
1444 2996 1512 3049 quo·

300 3072 327 3121 ct
352 3069 474 3123 decimas
498 3071 533 3123 ab
555 3084 589 3125 eo
608 3072 744 3139 acceperit
756 3111 763 3136 ,
776 3074 889 3141 contigit
922 3071 997 3126 niam
1009 3072 1163 3127 imbecillos
1185 3072 1250 3126 iacti
1267 3072 1380 3125 estisad
1399 3069 1511 3125 audisn-

300 3154 405 3210 rarione
417 3155 578 3219 sacerdotii,
596 3158 673 3223 cuins
686 3164 776 3229 tamen
787 3172 888 3211 munus
922 3158 999 3211 dum.
1014 3157 1051 3204 ι’
1068 3160 1126 3210 lion
1150 3156 1233 3224 igitur
1256 3156 1396 3222 protessus
1419 3160 1463 3210 cst
1481 3168 1512 3209 se

301 3237 327 3291 in
345 3240 486 3294 oblatione
498 3244 541 3293 est
554 3241 684 3304 positum.
697 3242 774 3294 Patet
788 3254 820 3295 ea
832 3255 887 3297 non
923 3243 1032 3305 singula
1054 3242 1181 3295 eaolrere
1199 3242 1228 3293 in
1256 3241 1357 3306 quibua
1371 3240 1512 3293 Melchise-

298 3322 381 3379 iuisse
404 3324 447 3377 sui
461 3300 687 3391 sacerdotiiiure
711 3325 831 3391 propria,
862 3332 890 3380 et
923 3326 994 3377 decb
1021 3329 1101 3391 tipus
1122 3330 1181 3377 erat
1206 3324 1323 3386 christi,
1344 3324 1395 3377 sed
1419 3322 1510 3388 potius

299 3410 417 3474 proinde
430 3410 567 3464 Christum
587 3422 643 3463 non
657 3409 719 3463 ideo
740 3408 832 3463 vocari
846 3422 889 3463 se·
923 3409 1015 3463 innuit
1030 3409 1116 3463 latere
1136 3421 1266 3463 arcanum
1280 3407 1357 3473 qnod
1373 3407 1513 3461 auditores

298 3494 455 3556 cerdotem,
468 3493 502 3546 ad
523 3493 610 3547 instar
631 3494 838 3549 Melchisedech.
852 3498 889 3549 be
922 3495 967 3551 rix
984 3496 1055 3550 terre
1074 3499 1197 3562 possent.
1217 3496 1255 3547 ldx
1278 3492 1339 3547 aliis
1359 3505 1425 3547 sero
1442 3493 1513 3559 capi·

298 3578 440 3631 oblatione
462 3578 537 3632 siluit
556 3581 671 3645 Paulus,
688 3580 829 3635 christiani
847 3594 889 3635 sa·
923 3582 997 3637 tibus
1007 3580 1143 3646 ostendit,
1156 3579 1341 3634 sacerdotium
1350 3580 1425 3647 jorra
1441 3579 1514 3635 ordi·

298 3663 414 3719 cerdotii
430 3678 486 3731 prae
498 3667 631 3723 horonico
645 3669 831 3734 praestantiam
843 3684 888 3725 cx·
922 3682 987 3723 nem
1005 3667 1206 3725 Melchisedech
1226 3668 1283 3736 jam
1301 3668 1392 3721 locum
1417 3672 1511 3721 tenere

299 3752 422 3816 plicans,
441 3751 505 3819 quia
522 3753 557 3807 ad
574 3767 689 3821 scopum
702 3757 887 3822 nonpertiue·
921 3755 1070 3810 sacerdotii
1087 3754 1221 3809 harouiei.
1244 3756 1379 3809 ceterum
1397 3754 1431 3807 ad
1452 3765 1512 3821 prn-

298 3835 352 3905 bat,
363 3838 600 3905 quamsenguinis
610 3840 780 3895 victimarum
791 3840 887 3895 effusio
921 3843 1042 3909 positum
1052 3854 1107 3895 non
1116 3839 1270 3907 pertinebat
1279 3839 1427 3893 ostendere
1437 3839 1513 3893 obla·

301 3920 367 3976 ioret
381 3922 472 3991 imago
483 3926 600 3980 vividior
612 3927 753 3993 sanguinis
764 3928 792 3979 in
806 3930 887 3983 clucc
921 3926 1005 3979 tionis
1025 3924 1232 3978 similitudinem
1249 3939 1256 3975 :
1277 3937 1340 3977 nem
1363 3925 1439 3990 prius
1457 3929 1511 3976 sta·

300 4005 365 4072 iusi,
379 4020 463 4075 quam
475 4009 555 4075 panis
574 4015 601 4063 et
616 4012 720 4065 uinum.
731 4014 786 4065 llac
805 4012 888 4078 igitur
921 4011 1054 4065 tuendum
1075 4016 1133 4064 erat
1144 4016 1172 4064 et
1184 4010 1376 4063 inculcandum
1386 4008 1513 4063 sacerdo

300 4104 330 4144 ex
345 4098 423 4160 perte
434 4106 490 4148 non
508 4095 657 4161 apparebat
676 4095 833 4162 praestantia
845 4108 887 4149 sa·
920 4096 989 4150 tium
1002 4095 1103 4149 Christi
1118 4094 1407 4157 Melchisedecianum3
1420 4107 1472 4163 qna
1483 4094 1511 4148 in

325 4355 351 4407 (t)
364 4371 374 4393 ι
388 4356 417 4399 a·
429 4357 489 4399 there
505 4370 570 4400 cerer
587 4370 643 4411 wat,
661 4370 701 4401 nor
722 4359 787 4403 could
802 4360 829 4401 bc
845 4372 888 4415 arry
921 4361 1018 4410 chureii,
1030 4359 1122 4403 without
1139 4359 1211 4402 rrhich
1224 4359 1263 4400 the
1274 4358 1338 4399 otbcr
1352 4364 1394 4401 tvo
1411 4358 1510 4405 rehtires

301 4422 389 4474 religion
407 4424 498 4469 without
514 4439 526 4469 ι
549 4428 610 4475 (inda
628 4440 654 4470 so
672 4429 733 4471 there
751 4440 816 4471 never
829 4440 888 4482 rrae,
921 4438 1000 4473 annot
1015 4427 1510 4483 seandala:thattbenisncreligionvith-

301 4500 339 4531 nor
352 4493 414 4535 could
425 4494 501 4549 berny
515 4496 606 4539 tritbout
618 4509 630 4539 t
644 4498 760 4551 Sacrifica,
772 4499 837 4552 being
846 4512 887 4541 one
920 4507 960 4543 out
978 4500 1116 4555 pricatbood,
1134 4512 1174 4542 nor
1189 4501 1315 4555 priestbood
1331 4501 1423 4543 without
1440 4503 1510 4545 Sacri·

301 4558 324 4599 oi
336 4560 372 4603 tbs
393 4562 483 4607 obicient
499 4572 545 4609 cote
570 4567 668 4621 ubercbr
690 4580 722 4610 tre
743 4569 827 4622 profess
845 4582 886 4612 our
920 4570 1139 4624 flaealluehcridgc,
1148 4571 1263 4613 biseourse
1271 4571 1402 4624 assuming
1410 4572 1510 4624 inceling

303 4627 653 4681 religiontollimtbctrrsecrre.
668 4651 679 4677 s
696 4639 886 4692 brenthortord
921 4641 1361 4696 attbetlanrmnuion,p.tl‚lract.tl.
1408 4658 1411 4663 ·

302 4698 386 4753 Tracta,
394 4704 437 4744 rol.
447 4704 475 4745 ir.
482 4706 552 4749 Trcot.
562 4712 593 4747 t'l.
603 4718 625 4760 p.
636 4713 667 4749 rt.
678 4724 688 4747 ι
698 4709 751 4751 Thia
760 4709 886 4751 &omnent
943 4709 973 4765 (a)
983 4710 1037 4752 lleb.
1044 4722 1066 4753 r.
1080 4714 1113 4752 tt.

303 4768 320 4808 it
329 4769 364 4811 the
376 4772 425 4826 culp
438 4784 518 4829 proper
528 4776 621 4817 externat
638 4776 695 4831 deity
708 4777 808 4821 Sacrifica
818 4778 886 4821 citha
