3792 5550
686 545 758 639 cir.
776 589 806 640 v.
824 587 866 640 ori
885 587 1147 644 surisnicnonu.
1470 597 1521 651 are

304 700 465 762 poenitentia
496 709 524 756 et
550 708 677 760 remissio
701 711 891 773 peccatorum,
926 704 1004 758 simis
1024 705 1132 759 delictis
1155 706 1343 775 injungendo,
1366 710 1519 764 alienorum

305 797 360 838 non
379 789 433 840 alio
452 791 550 855 quovis
568 793 680 846 nomine
699 793 890 861 impetrando:
925 796 1102 855 peccatorum
1120 792 1269 858 participes
1286 794 1446 848 alliciantur.
1466 799 1518 848 lla·

307 887 322 914 a
334 882 382 924 noo
394 873 465 924 enim
487 876 560 928 oliuo
585 889 685 931 nomon
698 886 741 933 eor
758 881 810 933 ooo
821 882 892 934 ooelo
925 873 1008 928 beant
1024 881 1115 928 autem
1132 889 1190 942 prae
1207 879 1310 941 oculis,
1324 884 1353 931 ut
1367 880 1518 934 satisfactio

299 954 396 1008 datum
407 958 565 1014 bominibus
585 963 612 1014 in
630 972 685 1029 ouo
703 971 828 1031 oporteat
839 979 891 1019 nos
924 973 1009 1026 avam
1032 961 1194 1027 imponunt,
1219 975 1274 1016 non
1298 963 1333 1016 sit
1359 971 1464 1017 tantmn
1483 967 1516 1018 ad

299 1040 393 1094 :salvos
422 1044 490 1096 flori,
504 1046 753 1104 alsatiosooooooo
782 1057 891 1106 nostros
924 1058 1005 1099 novae
1023 1046 1086 1100 vitae
1111 1048 1282 1112 custodiam,
1306 1055 1334 1102 et
1352 1049 1518 1103 infirmitatis

306 1124 392 1179 auitas
401 1128 591 1197 obtendimus,
605 1134 657 1187 nisi
668 1149 731 1202 quie
743 1138 890 1203 peripsum
924 1131 1174 1196 mediomontani,
1185 1133 1235 1186 ⁵0⁴1
1248 1134 1330 1186 eiiam
1348 1135 1382 1186 id
1403 1139 1515 1200 praeter·

298 1211 423 1278 valeam,
436 1216 578 1271 rensuum
591 1235 701 1275 omnem
720 1224 755 1276 ab
772 1225 891 1291 roscia
923 1216 1025 1268 riorum
1050 1223 1223 1282 peccatorum
1247 1217 1411 1282 vindictam,
1428 1225 1456 1272 er
1473 1232 1518 1272 0³·

303 1295 430 1352 ovantes.
456 1303 607 1359 artemisii
624 1308 889 1374 ipsiusvorunraren
923 1300 1114 1367 stipationem
1135 1315 1198 1354 nam
1222 1304 1312 1357 oroi-os
1326 1304 1517 1358 sacerdotibus

299 1381 460 1450 severimus,
481 1391 555 1454 quod
582 1397 609 1444 ει
633 1396 734 1448 „oppos
758 1398 889 1462 operibus
923 1399 979 1440 nou
997 1387 1031 1440 ad
1051 1388 1215 1442 solvendum
1231 1389 1373 1452 duntaxat,
1384 1389 1433 1440 sed
1446 1389 1516 1441 etad

298 1465 449 1524 debeamus
471 1487 567 1538 poenas
583 1480 717 1543 quosdam
742 1482 833 1547 ruore,
853 1465 890 1536 ‘uo
921 1472 1062 1538 ligandum
1079 1486 1227 1526 concessas
1247 1473 1330 1525 etiam
1340 1472 1445 1539 antiqui
1467 1475 1515 1526 Pa·

301 1551 372 1606 virias
390 1557 584 1615 satisfactionis
604 1564 739 1621 uenenato
759 1569 888 1634 pienissi-
921 1562 978 1610 aas
991 1562 1019 1611 ei
1033 1559 1149 1612 nouum
1167 1559 1314 1612 eruorem.
1331 1559 1365 1606 »⁴

295 1649 342 1690 mo
364 1640 495 1696 fruamur.
517 1649 841 1708 oxoniensesseanobis
859 1656 887 1709 in
1136 1645 1299 1710 ΡΥθΡθθῑὶῑθ·

294 1723 336 1774 roi
357 1737 465 1782 summo
487 1733 561 1784 baud
585 1735 732 1790 dissonum
750 1741 816 1792 ⁵213
845 1741 888 1793 pn.
919 1793 922 1805 .
954 1727 1050 1779 Claros
1064 1727 1193 1780 Ecclesiae
1211 1730 1283 1781 datar
1302 1735 1367 1782 suut
1383 1728 1512 1782 etiamad

229 1848 232 1851 .
296 1813 425 1865 eitiunt.⁸
920 1811 1084 1878 ligandum,
1111 1819 1138 1864 et
1165 1820 1310 1878 propterea
1334 1814 1511 1874 sacerdotes,

919 1897 986 1949 dum
1006 1896 1152 1962 imponunt
1175 1910 1271 1962 poenas
1298 1897 1510 1960 confitentibus,

919 1994 976 2036 uon
991 1988 1075 2048 agunt
1093 1988 1187 2036 contra
1211 1981 1294 2035 linem
1307 1982 1441 2046 clavium,
1460 1994 1511 2036 uec

332 2104 342 2120 .
917 2074 1013 2122 contra
1028 2067 1228 2121 institutionem
1246 2067 1356 2121 Christi.

326 2146 385 2199 207.
416 2150 584 2206 bednierunt
612 2157 705 2208 Patres
734 2157 885 2213 Tridentini
950 2155 1009 2208 208.
1023 2152 1509 2220 motaturlaecsoripturtaoribt

287 2244 388 2296 poenas
400 2236 749 2306 impositaspoenitentibus
766 2259 884 2301 asacer·
916 2241 989 2294 dabo
1005 2241 1097 2295 claves
1115 2241 1192 2308 regui
1209 2241 1360 2294 coelorum:
1375 2245 1402 2292 et
1419 2237 1510 2304 otrod-

293 2317 404 2374 dotibus
435 2323 509 2376 baud
537 2338 691 2393 repugnare
718 2330 883 2387 institutioni
915 2341 1035 2396 cumque
1050 2329 1178 2396 ligaveris
1202 2343 1285 2396 super
1309 2333 1429 2390 terram,
1456 2325 1508 2380 erit

285 2403 389 2459 dhristi
401 2423 408 2458 :
422 2410 472 2461 «ai
484 2411 546 2476 quis
558 2413 776 2480 dixerit‚olaves
789 2421 881 2474 nocio.
914 2414 1027 2480 ligatum
1042 2421 1068 2467 et
1088 2414 1115 2466 in
1132 2415 1218 2467 coelis.
1234 2414 1268 2460 ii
1286 2416 1357 2480 Ergo
1375 2413 1456 2465 etlam
1472 2411 1505 2462 ad

291 2488 339 2542 sire
352 2503 418 2546 osse
435 2495 514 2548 datas
525 2503 632 2550 tantum
647 2501 682 2552 ad
701 2503 881 2567 solvendum,
914 2498 1055 2565 ligandum
1068 2500 1159 2552 claves
1171 2500 1242 2550 datae
1254 2503 1327 2550 sunt.
1343 2499 1508 2559 «Quaecum-

283 2587 343 2628 mon
359 2579 444 2631 etiam
456 2581 492 2632 ad
517 2582 674 2647 ligandum,
693 2591 721 2638 et
736 2592 881 2652 propteroa
914 2597 969 2648 que
984 2583 1159 2648 alligaveritis
1175 2596 1258 2647 super
1287 2586 1406 2643 terram,
1427 2585 1508 2632 erunt

280 2663 459 2725 sacerdotes,
470 2665 692 2732 dumimpouuot
704 2664 801 2735 poenas
813 2684 881 2725 con·
913 2667 997 2731 ligata
1015 2672 1042 2719 et
1062 2666 1090 2718 in
1109 2666 1188 2718 coelo.
1209 2665 1240 2711 »⁸
1252 2669 1422 2730 acceperunt
1436 2667 1507 2728 Apo-

281 2745 438 2811 iitentibus,
452 2761 534 2817 agere
547 2753 738 2807 contralinom
751 2756 878 2821 clavium,
914 2751 996 2815 stoli,
1019 2755 1046 2805 et
1073 2762 1122 2817 per
1147 2763 1195 2805 eos
1223 2749 1382 2803 sacerdotes
1404 2760 1506 2801 omnes

278 2838 312 2884 ot
331 2840 429 2886 contra
450 2834 650 2891 institutionem
672 2841 790 2905 Christi,
808 2843 880 2896 etil-
913 2836 1018 2903 ligandi
1036 2840 1200 2902 potestatem
1222 2850 1229 2885 ι
1253 2836 1311 2887 liaec
1329 2832 1445 2886 includit
1456 2844 1505 2899 po·

277 2918 405 2972 ctionem
431 2933 513 2986 esse,
538 2924 612 2988 quod
635 2926 736 2980 virtuto
760 2929 878 2983 orantum
913 2927 1039 2975 testatem
1060 2927 1197 2988 praeoepta
1215 2919 1320 2973 serendi
1334 2935 1340 2970 :
1356 2931 1422 2985 ergo
1442 2930 1506 2984 pos-

283 3004 392 3058 sublata
402 3017 484 3071 poena
497 3014 610 3073 eterna,
626 3023 709 3078 poeria
719 3016 877 3080 temporalis
912 3015 976 3060 sunt
999 3012 1136 3073 praecepta
1165 3006 1236 3059 lerre
1261 3007 1296 3059 de
1324 3005 1359 3057 iis
1384 3016 1447 3070 quae
1468 3003 1504 3055 ad

279 3089 447 3159 plerumque
469 3096 620 3150 exolvendo
641 3106 799 3161 remaneat;
812 3112 877 3153 ooo.
909 3080 1079 3159 poenitentiae
1095 3092 1270 3145 conditiones
1284 3094 1419 3157 spectant.
1435 3090 1505 3141 Prae·

283 3176 375 3229 iboma
400 3178 445 3231 sit.
472 3179 507 3225 »θ
530 3182 674 3243 Quomodo
701 3189 792 3235 autom
817 3186 878 3238 hoo
910 3184 985 3229 terea
1007 3190 1092 3242 quum
1110 3181 1218 3229 constet
1235 3190 1268 3227 eir
1286 3174 1411 3240 pluribus
1431 3171 1503 3224 Scri·

281 3267 407 3325 potestas
424 3265 576 3317 exercenda
596 3265 648 3330 sit,
672 3268 803 3332 praeclare
825 3270 878 3322 do.
909 3267 998 3327 pturae
1014 3261 1082 3313 locis
1098 3262 1182 3312 Deum
1200 3260 1308 3323 culpam
1320 3255 1502 3318 remittendo,

279 3354 402 3402 cuerimt
428 3364 435 3399 :
463 3368 476 3395 α
499 3350 604 3403 babent
627 3362 694 3418 orgo
714 3353 876 3406 oooorooroo
908 3358 983 3411 saepe
1001 3345 1054 3397 sibi
1070 3356 1209 3397 reservare
1224 3344 1271 3408 jus
1284 3352 1380 3407 poenas
1394 3338 1503 3403 aliquas

281 3432 409 3497 bomini,
425 3440 559 3499 quantum
569 3434 716 3501 spirltuaot
728 3438 875 3503 prudentia
909 3431 1059 3497 inrigandi,
1072 3431 1117 3495 qui
1131 3431 1190 3496 eius
1201 3426 1338 3497 legatione
1351 3426 1503 3491 iunguntur

278 3519 473 3585 suggesserit,
492 3532 541 3585 pro
560 3521 691 3586 qualitate
709 3522 874 3589 criminum,
909 3517 938 3569 in
952 3516 1115 3570 remissione
1134 3520 1310 3581 peccatorum
1323 3510 1421 3564 merito
1442 3508 1503 3561 imi·

273 3608 308 3655 ot
319 3604 514 3669 poenitentium
532 3608 680 3672 facultate,
701 3610 835 3664 salutares
847 3617 875 3664 et
907 3609 1000 3657 tantm
1012 3602 1132 3657 divinam
1150 3603 1221 3653 banc
1237 3598 1337 3667 agendi
1350 3596 1500 3658 rationem,
1561 3674 1564 3679 Ι

194 3710 201 3725 ·
274 3689 479 3743 convenientes
499 3692 700 3748 satisfactiones
711 3696 873 3764 injungere,
907 3695 938 3744 ut
952 3689 1066 3757 justitiae
1082 3690 1144 3755 jura
1162 3687 1191 3740 in
1210 3683 1407 3739 misericordiae
1427 3694 1501 3734 euer-

282 3785 334 3840 ae,
354 3776 380 3829 si
405 3776 475 3831 iorta
501 3781 621 3845 peccatis
645 3783 825 3847 conniveant,
846 3790 874 3837 ot
907 3776 972 3831 citio
986 3789 1041 3831 non
1055 3775 1165 3841 ponitus
1180 3772 1363 3839 negligantur.

276 3858 471 3928 'indulgentius
483 3877 545 3915 cum
563 3866 760 3930 poenitentibua
773 3874 873 3935 agant,
934 3863 1000 3913 2⁰9·
1018 3861 1158 3913 Prvbdivi'
1169 3859 1193 3909 ²·
1206 3871 1242 3909 w
1256 3854 1397 3911 Pamin&
1408 3856 1436 3905 S·
1450 3854 1500 3918 Gi·

277 3942 422 3998 tovissima
441 3948 568 4011 quaedam
585 3962 668 4015 opera
694 3965 745 4017 pro
769 3953 874 4019 gravio·
906 3949 1021 4014 pilanus
1043 3945 1167 4011 queritur
1190 3944 1226 3995 de
1250 3941 1433 4007 martyribus,
1450 3937 1499 4004 qui

309 1931 336 1999 §-
357 1935 402 1989 ΙΙΙ.
420 1935 461 1992 De
473 1955 584 2006 opero-m
600 1947 765 2018 matonam
777 1949 870 2016 iciun-

545 2029 641 2085 ctione.
743 2051 745 2054 ·

303 4228 463 4279 (abbatiari.
904 4233 923 4273 ir
938 4232 972 4272 ior
989 4232 1026 4271 tlro
1051 4235 1178 4283 receptoriae
1195 4228 1219 4269 ol
1232 4228 1270 4269 tbo
1286 4228 1410 4268 matoltba
1419 4238 1499 4279 parion

302 4298 332 4348 (1)
340 4296 396 4338 Post
413 4299 499 4341 {invidia
514 4298 637 4352 exemplum
653 4299 745 4340 mictum
754 4328 761 4349 ,
778 4301 870 4355 quipo-
904 4301 1030 4355 mutator,
1043 4312 1069 4341 or
1082 4300 1220 4341 tboremoval
1232 4298 1340 4339 claternal
1350 4296 1497 4350 punishment.

274 4377 327 4410 nam
338 4367 430 4409 remim
439 4369 502 4421 culpa
511 4369 570 4420 luit,
582 4368 770 4417 animadronnnt:
781 4385 792 4407 ι
802 4371 873 4413 sofar
906 4372 1015 4423 further,
1031 4372 1083 4412 both
1101 4370 1182 4423 partior
1199 4380 1264 4421 agrae
1275 4396 1283 4421 ‚
1300 4369 1348 4409 ibat
1356 4368 1379 4409 in
1388 4373 1466 4410 matter
1474 4370 1500 4409 oi

273 4436 329 4476 tlion
347 4447 380 4479 vo
395 4444 473 4479 cannot
490 4439 517 4479 be
528 4439 870 4494 anidmatoriallptooppoootbo
904 4442 948 4482 iret
955 4442 972 4481 it
981 4441 999 4482 ia
1008 4446 1044 4481 not
1051 4452 1076 4482 ao
1084 4440 1195 4493 applied.»
1213 4438 1426 4480 ...Astaunitis
1444 4439 1496 4480 then

276 4505 772 4562 Romanian'l'bepontheotberliaudagreo
782 4510 870 4553 villino
902 4521 935 4552 va
953 4510 1007 4551 baro
1024 4509 1147 4551 noviciam
1172 4507 1288 4549 differance
1306 4508 1330 4549 ol
1347 4508 1463 4561 principle.
1485 4522 1498 4545 ι

276 4570 298 4613 in
308 4575 456 4629 maintaining
464 4578 510 4618 that
519 4579 617 4620 eannr'r
630 4579 694 4621 death
703 4579 783 4631 might,
791 4578 811 4620 tl
823 4580 869 4622 God
903 4581 967 4620 Tract
974 4584 1004 4619 lt.
1013 4592 1034 4631 p.
1045 4584 1064 4619 i.

275 4655 301 4685 oo
319 4645 408 4698 wilred,
425 4646 451 4687 be
473 4648 561 4701 applied
576 4649 609 4689 ior
630 4650 667 4690 tbo
683 4650 873 4691 nnmolcvenoi
929 4647 1176 4699 (visenerincanrr.

274 4713 339 4754 thero
359 4716 448 4766 aperibo
463 4718 618 4770 punishment·
636 4719 661 4759 oi
674 4719 870 4774 dorfflilolithoy
929 4717 957 4770 (t)
967 4716 1130 4759 lbidemo.riir'„

274 4783 318 4822 eall
335 4787 449 4836 temporat
462 4785 630 4840 punishments,
646 4796 673 4830 aa
681 4789 735 4841 lull!
743 4800 769 4830 aa
778 4789 795 4830 it
802 4790 870 4845 really
929 4787 1075 4843 (albiniani.
1090 4792 1120 4829 tt.
1132 4788 1160 4841 (t)
1171 4787 1251 4830 ltidorn
1261 4787 1319 4828 xviii.
1329 4793 1359 4831 ta.
