3792 5550
359 528 377 581 8
749 530 864 587 rosel.
881 532 987 607 xtbn
1007 534 1173 587 btrtlslto.

360 645 530 716 colloquium
541 658 602 701 cum
616 644 948 709 lticodemo,ludaeorum
983 648 1084 715 Spiritu
1105 653 1200 702 sancto
1218 648 1258 701 eis
1273 647 1337 701 dato
1356 652 1386 700 ut
1403 659 1451 701 eos
1468 647 1495 700 in
1511 659 1567 703 ont·

361 732 501 801 principe,
516 731 560 785 cui
570 768 578 795 ,
587 744 672 796 quum
687 744 721 785 ex
731 734 864 802 prodigiis
873 736 950 789 cbri-
982 747 1045 790 nern
1059 734 1198 789 veritatem
1210 732 1360 785 induceret.
1375 752 1388 779 »
1399 732 1411 767 ⁸
1423 736 1534 799 Petrus,
1551 747 1567 787 a

361 824 436 871 stum
448 816 575 871 divinitus
588 816 704 869 missum
719 820 882 886 magistrum
901 835 950 890 ag·
982 820 1107 875 cornelio
1119 817 1278 871 centurione
1296 818 1463 884 accersitos,
1483 833 1568 886 quum

361 906 496 963 nosceret,
510 920 523 946 «ι
532 901 676 967 respondit
686 904 776 968 lesus,
789 910 818 959 ct
828 906 895 960 dixit
904 907 948 960 ei:
981 904 1094 970 Spiritus
1107 901 1193 955 saneti
1206 901 1306 955 indicia
1327 904 1354 956 in
1375 904 1452 970 ipso,
1471 910 1498 959 et
1510 905 1568 959 suis

359 991 556 1048 Amen,anren
567 985 630 1041 dico
641 987 710 1053 tibi,
727 989 781 1043 nisi
793 991 856 1057 quis
873 1004 950 1044 rena·
980 990 1139 1052 miraretur,
1167 989 1357 1045 exclamavit:
1391 1010 1404 1039 e
1431 992 1567 1058 Numquid

359 1078 403 1123 tue
415 1068 495 1123 tuerit
507 1071 599 1127 denno
610 1108 618 1139 ,
630 1086 687 1129 non
698 1080 789 1141 potest
798 1076 891 1133 ridere
904 1088 948 1128 re·
980 1087 1077 1140 aquam
1097 1073 1159 1138 quis
1177 1074 1324 1139 probibere
1339 1078 1449 1142 potest,
1466 1084 1495 1131 ut
1511 1089 1566 1131 non

358 1166 443 1219 quum
462 1155 519 1208 ilci.
538 1157 607 1211 llicit
622 1159 658 1212 ad
674 1172 738 1213 eum
756 1160 945 1216 nicodemus:
978 1157 1150 1224 baptizentur
1169 1158 1217 1222 hi,
1233 1158 1279 1225 qui
1298 1160 1428 1225 Spiritum
1441 1168 1567 1217 sanetum

357 1239 501 1302 Quomodo
520 1248 611 1309 potest
627 1244 711 1297 bonno
726 1244 817 1308 nasci,
836 1244 946 1297 comsit
978 1248 1142 1308 acceperunt
1167 1243 1237 1297 sicut
1249 1250 1276 1297 et
1288 1245 1360 1297 nost
1372 1244 1409 1292 »ὅ
1429 1250 1503 1311 aqua
1517 1246 1566 1313 igi-

357 1327 455 1379 senex?
465 1329 600 1395 numquid
613 1335 704 1396 potest
718 1330 878 1383 inventrem
890 1341 945 1380 ma
977 1330 1184 1381 turnecessaria
1195 1335 1253 1382 erat
1262 1330 1417 1395 baptismo,
1428 1334 1475 1396 qui
1489 1331 1567 1384 mini·

356 1409 583 1467 trissuaeiterato
595 1415 746 1468 introirent
758 1414 944 1467 renasciilie-
977 1413 1105 1466 strandus
1123 1420 1181 1467 erat
1199 1415 1280 1467 etiam
1297 1414 1350 1467 illis
1368 1414 1414 1480 qui
1434 1415 1564 1481 Spiritum

356 1498 468 1563 spondit
480 1501 559 1554 lesus
573 1514 580 1553 ε
594 1505 695 1560 tmen,
709 1512 788 1553 amen
803 1499 864 1551 dico
875 1497 942 1559 tibi,
976 1506 1100 1553 sanctum
1115 1502 1172 1568 jam
1191 1505 1352 1566 acceperant
1368 1514 1374 1553 t
1397 1500 1466 1554 adeo
1487 1515 1565 1569 urge·

356 1583 412 1636 nisi
425 1585 488 1652 quis
505 1591 616 1641 renatus
630 1587 709 1640 fucrit
719 1599 752 1638 ea
762 1597 832 1651 aqua
848 1588 876 1636 et
887 1582 943 1648 Spi·
975 1587 1023 1639 bat
1041 1587 1084 1639 lex
1102 1587 1211 1656 Christi.
1229 1590 1322 1641 Tantae
1338 1592 1396 1641 erat
1415 1587 1564 1643 necessita·

356 1666 411 1723 ritu
423 1677 536 1735 sancto,
550 1681 606 1725 nou
623 1677 713 1739 potest
728 1670 841 1722 introire
856 1668 884 1720 iu
902 1681 943 1721 re
975 1671 1010 1725 tis
1020 1672 1175 1738 Baptismus
1185 1710 1194 1737 ,
1206 1679 1235 1726 ut
1244 1674 1314 1725 bens
1326 1672 1455 1739 dignatus
1467 1673 1502 1726 sit
1510 1685 1564 1727 coe·

356 1767 446 1821 gnum·
453 1756 510 1809 liei.
522 1776 535 1803 r
547 1756 556 1790 ¹
567 1760 648 1810 Novae
659 1753 806 1807 nativitatis
818 1752 941 1806 necessi-
975 1756 1053 1811 lestia
1064 1762 1092 1811 ot
1100 1758 1318 1824 divinapraebere
1328 1764 1486 1824 argumenta
1498 1758 1566 1811 Gen·

357 1842 940 1906 tateminculcatcbristus,eamqueexaqua
975 1848 1016 1897 tes
1040 1843 1065 1897 ei
1086 1842 1264 1911 suscipiendo
1286 1855 1349 1896 esse
1373 1842 1504 1907 idoneas,
1528 1856 1563 1897 ne

356 1936 386 1984 et
405 1930 507 1998 Spiritu
526 1936 620 1985 sancto
638 1940 699 1983 esse
716 1924 851 1987 declarat,
874 1924 940 1976 dum
974 1929 1130 1983 ludaeorum
1150 1929 1357 1995 praeconceptis
1385 1928 1562 1995 opinionibus

357 2018 507 2084 explicaret
521 2014 659 2083 quomodo
674 2010 735 2077 quis
750 2009 850 2061 iterum
863 2011 940 2069 nanti
974 2020 1050 2069 tanto
1062 2016 1136 2069 bono
1148 2015 1348 2067 fraudarentur.

355 2107 461 2168 posset.
471 2104 533 2153 llrat
545 2100 626 2167 igitur
635 2095 742 2151 occasio
752 2094 853 2147 clarius
861 2107 940 2146 suam
1007 2101 1050 2153 25.
1062 2104 1157 2155 Totam
1177 2099 1341 2164 aeclesiam,
1354 2098 1498 2153 universos
1510 2099 1562 2153 sci·

355 2186 508 2253 explicandi
530 2189 667 2246 mentem,
691 2186 719 2233 et
744 2180 827 2235 verba
858 2180 939 2234 obvio
973 2184 1162 2250 licetiidcles,
1181 2197 1250 2251 aqua
1264 2184 1387 2239 etverbo
1400 2184 1562 2237 mundatam

356 2286 440 2326 sensu
452 2270 609 2339 usurpandi.
625 2271 696 2321 lianc
709 2266 742 2319 ad
756 2278 871 2331 reguum
885 2278 940 2319 coe-
974 2271 1040 2324 dicit
1054 2271 1153 2325 Paulus
1169 2284 1176 2323 r
1196 2292 1208 2317 ιι
1224 2270 1347 2323 Christus
1364 2270 1458 2323 dilexit
1468 2270 1563 2325 Eccle-

356 2360 446 2413 lnrum
465 2354 667 2422 assequendum
688 2351 874 2405 conditionem
892 2365 940 2404 ne·
974 2356 1061 2421 siam,
1082 2360 1109 2409 et
1128 2354 1249 2421 seipsum
1268 2355 1378 2409 tradidit
1392 2368 1442 2422 pro
1463 2362 1517 2420 ea,
1532 2360 1563 2409 ut

354 2447 501 2501 cessariam
514 2444 675 2508 esseipsum
687 2453 757 2507 aqua
771 2440 938 2505 baptismum
974 2441 1048 2495 illam
1070 2440 1273 2504 sanctificaret,
1294 2440 1432 2493 mundans
1453 2442 1561 2495 lavacro

354 2535 454 2601 liquet,
464 2544 546 2598 quum
560 2527 632 2593 apud
646 2527 764 2578 llarcum
778 2538 838 2578 earn
849 2524 882 2577 ad
898 2539 940 2578 sa·
972 2527 1086 2593 aquaeiu
1097 2526 1264 2583 verbovitae.
1275 2547 1287 2575 r
1298 2527 1468 2581 lhatracrum
1479 2526 1562 2594 igitur

354 2625 439 2677 tutem
457 2618 557 2687 requiri
577 2616 660 2669 dicat.
682 2617 815 2667 Praeterea
837 2614 937 2667 Paulus
973 2613 1008 2667 de
1030 2625 1085 2679 quo
1108 2612 1208 2665 Paulus
1231 2612 1299 2666 alias
1317 2611 1457 2679 loquitur,
1480 2610 1562 2665 tiebat

354 2709 436 2763 dicit:
448 2703 623 2759 «secundum
635 2712 711 2753 suam
721 2699 937 2753 misericordiam
972 2712 1057 2765 aqua,
1074 2711 1127 2765 qua
1143 2698 1267 2752 mundati
1282 2703 1388 2752 suntet
1401 2695 1561 2751 sanctificati

353 2797 444 2850 salvos
459 2807 511 2848 nos
523 2791 600 2854 tecit,
614 2801 663 2855 per
673 2789 812 2841 lavacrum
823 2799 937 2854 regene·
971 2792 1107 2853 quotquot
1120 2799 1151 2842 ea
1162 2792 1227 2840 sunt
1237 2786 1331 2838 abluti.

352 2880 466 2935 rationis
487 2884 515 2932 et
532 2874 718 2929 renovationis
742 2872 858 2939 Spiritus
877 2886 938 2925 san·
1003 2873 1045 2924 26.
1068 2873 1205 2926 Probatur
1221 2875 1247 2926 5.
1266 2885 1302 2924 eu
1319 2870 1458 2934 eupolemo
1479 2881 1558 2932 quem

353 2967 398 3021 cti.
412 2985 425 3012 ι
438 2965 450 2999 ¹
461 2967 498 3018 lte
510 2962 647 3026 baptismo
658 2958 702 3011 bic
714 2958 758 3024 agi
768 2958 836 3010 satis
847 2962 936 3024 patet,
971 2959 1115 3025 Phiiippus
1132 2958 1262 3011 dianonus
1280 2955 1457 3008 ministravit.
1476 2952 1559 3005 bubi-

353 3065 436 3120 quum
456 3051 591 3104 lavacrum
609 3045 733 3108 dicatur,
752 3056 806 3110 quo
826 3057 937 3110 regene-
971 3045 1022 3097 tari
1040 3056 1095 3096 non
1111 3047 1202 3108 potest
1218 3040 1396 3106 Philippum,
1415 3038 1558 3104 Apostolo-

352 3151 443 3192 ranmr
456 3142 670 3194 etrenovamur,
684 3130 783 3196 Spiritu
797 3135 892 3182 sancto
906 3129 934 3182 in
971 3141 1031 3180 rum
1051 3127 1204 3194 exemplum
1226 3130 1253 3178 ct
1274 3123 1463 3177 auctoritatem
1483 3136 1560 3176 secu-

351 3238 403 3279 nos
413 3221 523 3286 copiose
534 3215 631 3270 effuso.
645 3218 683 3268 lle
695 3226 728 3267 eo
741 3215 823 3282 igitur
832 3213 934 3266 intelli·
970 3218 1043 3277 tum,
1056 3212 1224 3278 baptismum
1242 3223 1323 3277 quem
1339 3208 1463 3262 cbristus
1478 3208 1559 3261 insti-

352 3309 455 3378 gandos
465 3309 507 3358 est
518 3301 640 3354 Christus
650 3300 796 3364 Dominus,
809 3299 874 3352 dum
885 3300 936 3353 do·
971 3297 1020 3350 tuit
1035 3297 1218 3350 ministrasse.
1231 3299 1294 3348 Post
1309 3293 1475 3360 colloquium
1494 3306 1558 3346 cum

350 3401 394 3448 cet
410 3389 485 3444 nasci
502 3400 555 3441 nos
567 3394 694 3452 oportere
712 3386 803 3440 denno
814 3400 847 3439 ex
864 3398 936 3451 aqua
969 3383 1100 3435 Eunucho
1111 3381 1211 3448 reginae
1221 3378 1363 3442 candacis,
1375 3378 1410 3431 de
1421 3377 1557 3432 Christoa

350 3486 377 3532 et
401 3474 501 3542 Spiritu
522 3478 627 3526 saneto.
649 3470 804 3536 Baptismus
829 3468 934 3521 idcirco
968 3468 1033 3520 Vate
1050 3465 1119 3518 lsaia
1137 3465 1287 3531 praedicto,
1305 3469 1332 3516 et
1351 3462 1386 3516 de
1404 3463 1492 3516 salute
1508 3475 1557 3530 per

349 3558 538 3630 agnoscendus
553 3563 596 3610 cst
614 3556 683 3609 ritus
701 3554 745 3608 oui
762 3552 932 3607 nativitatem
969 3551 1058 3617 ipsum
1080 3549 1268 3615 assequenda,
1296 3566 1308 3596 e
1327 3549 1395 3600 llum
1417 3549 1489 3603 irent
1508 3561 1557 3616 per

348 3651 468 3701 nostram
488 3643 636 3709 spiritalem
654 3639 778 3692 christus
795 3637 933 3704 alligavit,
967 3637 1039 3692 viam
1051 3676 1057 3699 ,
1070 3639 1204 3690 venerunt
1221 3634 1255 3688 ad
1273 3633 1419 3701 qnamdam
1438 3647 1553 3701 aquam:

348 3739 377 3786 ut
394 3743 462 3796 aqua
480 3728 583 3792 abluti,
600 3726 716 3792 Spiritus
730 3725 819 3777 sancti
831 3735 932 3788 opera,
967 3726 994 3776 et
1006 3721 1043 3774 ait
1052 3722 1199 3774 Eunuchus
1215 3736 1221 3772 :
1238 3723 1399 3786 boreaque,
1413 3721 1555 3786 quidpro-

347 3817 393 3870 tilii
406 3816 451 3868 llei
466 3814 616 3866 habeamur
626 3818 654 3864 et
666 3809 763 3862 simus.
968 3808 1043 3862 hibet
1052 3821 1097 3860 me
1107 3806 1236 3873 baptizari
1246 3807 1257 3856 ‘t
1268 3805 1336 3858 ilixit
1347 3813 1438 3859 autem
1454 3807 1556 3873 Philip·

379 3905 421 3955 ii.
438 3900 575 3955 Probatur
592 3898 617 3948 2.
635 3909 671 3949 eu
688 3895 878 3961 Apostolorum
892 3905 933 3946 re·
967 3908 1041 3960 pus:
1060 3893 1085 3945 si
1095 3892 1186 3946 erudis
1198 3905 1231 3946 ex
1243 3897 1301 3945 toto
1315 3891 1417 3955 corde,
1431 3891 1503 3944 licet.
1523 3894 1555 3944 tlt

346 3989 396 4044 bus
410 3987 500 4054 putu.
519 3982 618 4036 christi
636 3980 742 4034 bomini
760 3983 880 4032 mentem
898 3978 933 4032 de
968 3979 1139 4045 respondens
1152 3978 1208 4030 ait:
1222 3977 1309 4031 Credo
1323 3975 1420 4028 lilium
1432 3976 1479 4030 llei
1492 3989 1555 4030 esse

346 4071 441 4126 salutis
452 4068 584 4124 subsidiis
597 4080 630 4120 ex
642 4066 835 4132 apostolorum
849 4063 932 4116 rebus
966 4067 1059 4117 lesum
1078 4061 1225 4116 Christum.
1248 4063 1280 4114 El
1297 4061 1379 4128 jussit
1399 4065 1471 4114 stare
1492 4074 1556 4114 cur-

345 4158 429 4226 gestis
440 4156 568 4223 colligere
576 4159 632 4216 est;
644 4152 777 4206 necerim
787 4164 847 4205 eam
857 4150 933 4217 igno·
966 4163 1036 4202 rum:
1046 4149 1400 4211 etdescenderentulerque
1410 4145 1555 4212 inaquam,

344 4257 437 4310 rasse,
456 4243 499 4297 vel
517 4241 653 4304 violasse,
671 4238 778 4294 conseri
794 4242 930 4307 possunt,
966 4234 1105 4300 Philippus
1125 4239 1152 4287 et
1173 4232 1337 4296 Eunuchus,
1360 4236 1387 4285 et
1407 4229 1556 4298 baptizavit

372 4464 468 4515 (litora.
475 4460 507 4501 tii.
517 4464 537 4501 l.
968 4458 1033 4498 water
1041 4452 1146 4506 belonged
1156 4458 1178 4494 to
1191 4453 1238 4495 that
1247 4452 1342 4506 baptism
1356 4452 1442 4506 (ulrich,
1451 4453 1559 4508 however,

373 4534 401 4585 (S)
409 4532 450 4574 Tit.
460 4531 493 4572 iii.
502 4535 524 4571 S.
968 4523 977 4564 l
991 4522 1034 4563 find
1044 4534 1072 4563 no
1082 4522 1187 4576 necarit!
1196 4523 1220 4563 oi
1231 4521 1346 4574 arantium)
1355 4527 1390 4574 put
1402 4522 1457 4564 lnce
1468 4527 1506 4564 not
1514 4531 1557 4578 any

372 4604 400 4653 (Sl
416 4603 461 4642 Non
473 4605 558 4642 rerunt
571 4596 682 4640 biretum
696 4596 803 4638 seribere:
818 4595 883 4648 Prop.
896 4593 933 4634 xii.
967 4597 1028 4644 great
1035 4591 1145 4644 absurdity
1154 4591 1224 4635 would
1234 4591 1310 4632 thence
1317 4591 1417 4633 follow.»

270 4667 276 4675 '
345 4672 390 4724 obj.
400 4687 411 4710 ι
420 4670 527 4721 although
545 4667 562 4709 it
573 4667 652 4709 should
660 4667 687 4707 be
700 4666 802 4718 grantetl,
814 4664 862 4705 tbat
874 4664 907 4704 ior
919 4674 932 4704 a
991 4660 1019 4714 (t)
1028 4661 1099 4701 het-x.
1109 4664 1141 4701 tl.

345 4752 421 4785 teason
431 4741 482 4795 tbeq
489 4738 524 4780 did
534 4749 558 4781 so
572 4737 605 4779 iar
614 4737 705 4778 mirtale
713 4736 737 4789 it,
746 4747 771 4778 ns
779 4741 802 4778 to
809 4735 878 4790 Judge
886 4734 933 4775 tbat
994 4730 1019 4784 (o)
1031 4730 1109 4784 prer.
1118 4742 1137 4772 r.
1147 4731 1179 4771 io.
