3792 5550
364 585 415 639 528
672 580 787 633 tutet.
806 583 882 633 xlll.
902 583 944 633 bE
963 579 1075 633 SACRiS
1090 579 1272 634 OEbltllEtJS.

294 746 298 756 .
366 701 394 754 in
405 699 525 754 Ecclesia
547 698 684 752 calholica
701 698 770 751 alios
781 696 915 760 ordines,
929 703 957 750 et
992 699 1047 751 lato
1057 697 1143 750 ineos
1153 695 1200 764 qui
1214 695 1347 750 violentas
1360 695 1416 748 illis
1436 695 1579 762 injicerent

366 788 500 854 majores,
513 791 540 839 et
556 785 689 845 minores,
711 797 761 848 per
780 783 957 849 quos,velnt
991 797 1106 846 manus,
1127 785 1200 852 quod
1222 783 1324 849 ubique
1343 783 1427 851 viget.

366 886 417 939 per
438 872 540 939 gradus
554 869 706 937 quosdam,
723 872 751 922 in
772 867 957 922 sacerdotium

365 959 511 1019 tendatur;
535 956 680 1008 anatliema
697 955 742 1007 sit.
761 954 799 1004 »¹
817 957 875 1007 lion
894 952 958 1007 ideo
1208 955 1313 1008 ctrur
1332 941 1372 1006 l'l.

366 1049 457 1098 tamen
475 1044 511 1096 de
532 1041 587 1095 ilde
601 1043 751 1095 tenendum
775 1047 818 1095 est
834 1042 958 1094 minores

367 1144 438 1197 quos
462 1135 660 1183 recensuerunt
687 1130 800 1182 ordines
826 1129 959 1183 diuinitus
1060 1139 1091 1178 nc
1108 1139 1218 1180 onnmmr
1241 1139 1353 1180 atroam
1369 1141 1401 1180 ar
1422 1138 1515 1182 ronna.

366 1228 430 1268 esse
442 1216 585 1270 institutos
601 1227 682 1268 :nam
700 1215 728 1268 id
741 1215 885 1268 dednitum
900 1227 958 1270 non

365 1307 417 1354 est.
1025 1304 1068 1355 aa.
1092 1302 1169 1354 ltitus
1195 1311 1251 1365 quo
1276 1299 1419 1353 ordinatio.
1441 1299 1583 1354 conicitur

399 1387 441 1438 it.
461 1387 593 1440 Tonsurae
602 1387 766 1440 caeremonia
778 1388 959 1442 estecclesia·
993 1387 1109 1441 caradrio
1126 1386 1226 1439 dicitur
1236 1399 1243 1446 ;
1253 1385 1335 1439 verba
1348 1397 1414 1438 vero
1423 1399 1487 1450 quae
1496 1397 1528 1438 ea
1540 1398 1583 1439 oc·

367 1471 456 1534 stica,
491 1485 546 1538 qua
556 1473 707 1526 tondentur
717 1473 808 1538 capilli
824 1473 961 1528 adinstar
993 1472 1104 1526 cesione
1120 1471 1296 1538 proferuntur
1314 1469 1404 1535 formo
1423 1477 1498 1524 sunt.
1513 1471 1583 1524 inter

367 1569 494 1620 coronae,
512 1557 652 1623 dampnis
670 1557 833 1611 elaicornm
842 1573 958 1614 numero
992 1560 1137 1620 tbcolonos
1150 1556 1398 1623 disceptatur'quae
1417 1555 1453 1610 sit
1472 1557 1582 1610 materia

368 1640 396 1691 in
417 1642 519 1694 clerum
538 1646 692 1707 cooptatur.
711 1645 751 1695 lle
770 1645 830 1711 ejus
853 1645 959 1713 origine
992 1643 1147 1698 essentialis
1170 1641 1315 1696 sacerdotii
1335 1664 1341 1693 ι
1361 1643 1490 1695 nonnulli
1513 1644 1583 1696 enim

368 1726 443 1779 docti
462 1726 589 1780 homines
607 1726 779 1795 disceptant,
804 1732 960 1786 recentiori·
993 1731 1080 1783 solam
1099 1741 1231 1782 manuum
1258 1727 1463 1794 impositionem
1489 1733 1583 1794 putant

368 1811 421 1866 bus
446 1813 571 1879 pluribus
598 1815 775 1882 opinantibus
806 1819 959 1874 monacbos
993 1815 1110 1882 requiri3
1131 1814 1176 1868 alii
1197 1815 1442 1866 instrumentorum
1461 1813 1583 1866 traditio·

368 1898 483 1964 capillos
509 1899 671 1966 praecidisse
689 1901 716 1953 in
740 1903 909 1968 penitentie
922 1905 961 1958 in-
993 1913 1056 1954 nem
1068 1940 1076 1965 ,
1088 1906 1195 1968 patena
1207 1901 1313 1953 scilicet
1328 1903 1354 1952 et
1374 1899 1488 1963 calicis,
1511 1898 1584 1952 sudi-

368 1983 486 2044 dioium,
515 1990 544 2039 et
573 1987 705 2051 clericos,
732 1989 835 2042 eaeculo
866 1990 960 2044 forsan
993 1999 1056 2041 cere
1075 1992 1204 2048 censent3
1220 1986 1265 2039 alii
1285 1992 1431 2052 utramque
1457 1997 1583 2039 necessa·

368 2075 463 2132 serto,
482 2083 530 2124 eos
545 2070 684 2136 imitatos,
698 2075 960 2129 utmnndicontem-
992 2072 1061 2125 riam
1073 2071 1184 2125 liabent.
1198 2071 1344 2137 scripturae
1355 2073 1441 2124 solam
1451 2085 1583 2124 manuum

368 2161 445 2222 ptum
457 2155 651 2223 significarent.
664 2159 799 2210 caeterum
811 2161 959 2214 llartenius
993 2158 1197 2224 impositionem
1210 2163 1384 2222 memorant,
1398 2169 1459 2224 quae
1474 2169 1490 2210 a
1508 2159 1583 2212 Grae·

368 2242 451 2308 longe
477 2247 557 2293 anoea
577 2255 637 2294 cam
662 2243 815 2297 adhibitam
844 2253 958 2300 censet:
993 2233 1033 2297 cis
1044 2249 1147 2296 tantum
1155 2243 1310 2306 adhibetur,
1323 2247 1378 2294 eta
1395 2242 1499 2295 Latinis
1507 2243 1582 2307 olim,

368 2339 432 2378 nam
462 2327 609 2392 Gregorius
636 2331 823 2395 Turonensis,
849 2332 895 2398 qul
925 2345 959 2387 eo
993 2329 1095 2381 omissa
1108 2329 1353 2381 instrumentorum
1364 2327 1582 2390 traditione,ad·

368 2410 460 2464 tloruit
485 2413 602 2474 saeculo,
637 2415 697 2481 ejus
726 2415 859 2485 originem
877 2418 911 2471 ad
930 2421 957 2472 s.
993 2413 1079 2467 hibita
1098 2414 1231 2468 noscitur.
1250 2413 1335 2480 igitur
1356 2425 1387 2466 ea
1402 2412 1485 2465 nobis
1497 2413 1582 2467 verior

367 2499 477 2550 Petrum
497 2497 604 2563 retulit,
628 2500 704 2566 quod
719 2513 781 2554 eam
797 2503 854 2569 jam
866 2503 900 2556 ab
910 2517 960 2556 an·
991 2500 1100 2554 videtur
1120 2500 1271 2563 sententia,
1296 2511 1358 2564 que
1383 2499 1581 2552 instrumento-

367 2582 452 2650 liquis
461 2584 634 2651 temporibus
654 2593 790 2642 serratam
804 2587 960 2641 ostendit*
993 2599 1053 2640 rum
1066 2585 1242 2638 traditionem
1262 2584 1396 2647 adiectam
1419 2585 1522 2648 tradit,
1536 2596 1581 2650 po·

366 2671 426 2723 lion
446 2670 595 2724 admodum
614 2685 630 2723 a
647 2671 731 2737 priori
753 2676 889 2727 sententia
909 2673 960 2727 ab·
993 2676 1120 2726 testatem
1158 2669 1266 2724 ordinis
1295 2669 1451 2736 explicandi
1484 2681 1581 2732 causa,

367 2755 462 2811 borrei
479 2756 627 2811 doleiam:
642 2757 742 2812 ‹ilnde
764 2759 898 2827 originem
911 2761 959 2814 ba·
993 2759 1110 2827 ideoque
1124 2769 1158 2811 er
1178 2755 1238 2824 iege
1248 2757 1305 2824 jam
1323 2753 1441 2821 requiri,
1461 2754 1582 2821 quamvis

366 2841 458 2894 buerit
474 2841 637 2895 olorinorum
650 2848 779 2907 tonsura,
796 2844 959 2899 abundaret
993 2844 1158 2899 sacranienti
1181 2844 1259 2897 valor
1283 2843 1348 2895 inde
1371 2856 1427 2896 non
1456 2842 1581 2908 pendeat.

367 2938 468 2981 exano
489 2928 640 2991 augustino
656 2932 773 2981 constat.
788 2929 959 2997 (cideope
992 2934 1080 2997 Quum
1103 2944 1201 2985 manus
1224 2931 1268 2984 bis
1291 2932 1478 2998 imponantur,
1500 2930 1582 2984 semel

366 3025 397 3065 re
431 3013 559 3065 monach.
592 3011 621 3064 in
646 3014 692 3064 itn.
720 3019 794 3079 atqu.
822 3017 959 3082 lletract.)
992 3020 1103 3087 quidem
1133 3021 1168 3074 ab
1192 3020 1344 3087 Episcopo,
1368 3026 1395 3074 ct
1418 3020 1581 3089 presbyteris

366 3098 513 3162 Quumillo
530 3100 632 3152 seculo
644 3100 773 3166 capillum
786 3114 843 3155 non
853 3104 959 3157 alerent
993 3107 1182 3170 adstantibus,
1206 3109 1279 3161 nulla
1301 3120 1369 3161 voce
1386 3109 1509 3174 prolata,
1535 3107 1582 3160 ite-

366 3181 421 3237 nisi
439 3183 564 3246 delicati,
580 3189 609 3237 ct
630 3186 678 3251 qui
706 3187 823 3240 nitorem
847 3189 959 3256 elegan-
992 3206 1052 3246 rum
1063 3194 1098 3245 ab
1114 3194 1251 3259 Episcopo
1267 3194 1328 3247 solo
1338 3200 1402 3259 post
1415 3193 1583 3247 communio·

365 3269 488 3337 tiamque
508 3282 564 3325 non
577 3272 644 3325 satia
656 3270 762 3327 virilem
775 3273 958 3341 affectabant,
993 3292 1072 3343 nem,
1096 3280 1162 3332 dum
1180 3278 1246 3332 dicit
1271 3292 1278 3329 z
1303 3298 1316 3325 a
1341 3278 1440 3345 Accipe
1456 3278 1583 3344 Spiritum

364 3355 509 3411 videbatur
528 3371 591 3412 esse
611 3372 668 3413 rron
694 3360 760 3413 boni
779 3362 896 3429 exempli
912 3400 919 3426 ,
935 3362 959 3415 si
993 3370 1118 3419 sanctum
1141 3380 1147 3416 :
1170 3376 1286 3431 quorum
1301 3364 1441 3417 remiseris
1452 3368 1581 3429 peccata,

365 3443 473 3495 clericis
503 3443 531 3496 id
558 3444 770 3510 permitteretur.
788 3447 960 3500 iubebantur
992 3451 1168 3505 remittuntur
1186 3450 1245 3512 eis3
1259 3449 1581 3516 et'quorumretinueris,

365 3540 433 3594 ergo
449 3528 542 3581 clerici
561 3530 606 3582 vel
618 3530 733 3583 tondere
746 3535 843 3597 capnt,
857 3533 902 3585 vel
917 3544 961 3583 ra·
994 3541 1099 3590 retenta
1118 3539 1198 3597 sunt;
1213 3552 1224 3582 i
1240 3539 1267 3587 et
1287 3546 1371 3601 quum
1396 3534 1442 3585 flat
1454 3546 1581 3586 manuum

367 3612 452 3674 dere,
470 3625 506 3664 ne
523 3624 607 3677 quam
625 3612 776 3666 effeminati
792 3616 882 3668 cultus
899 3629 960 3681 spe
993 3621 1131 3685 extensio,
1150 3620 1285 3686 Episcopo
1306 3625 1331 3673 et
1346 3620 1514 3685 presbyteris
1530 3630 1582 3670 ma·

366 3696 437 3748 ciem
458 3706 516 3761 prae
532 3708 563 3748 ae
590 3696 699 3749 torrent.
711 3698 748 3744 ι·
769 3699 818 3762 Qui
844 3704 958 3753 tonsura
993 3718 1045 3759 nus
1060 3707 1186 3759 dexteras
1199 3710 1326 3758 extensas
1337 3704 1581 3768 tenentibus,dum

367 3778 512 3832 initiantur
534 3780 697 3833 clericorum
720 3784 959 3851 gaudentpririle·
993 3792 1144 3858 Episcopus
1163 3786 1255 3844 bennit
1279 3790 1431 3844 orationem
1452 3795 1516 3857 post
1532 3788 1581 3855 pri·

366 3865 438 3932 giis,
460 3877 524 3931 quae
540 3864 608 3931 lori,
626 3868 792 3934 coccumque
819 3870 958 3924 dicuntur.
992 3886 1064 3929 mam
1078 3890 1208 3929 manuum
1221 3876 1581 3943 impositionem3quaeritur

368 3952 438 4006 Foru
454 3950 526 4006 cirili
544 3951 736 4007 eximebantur
753 3954 780 4007 in
799 3958 892 4023 regnis
910 3960 959 4011 ca·
994 3976 1055 4031 quae
1088 3976 1218 4016 manuum
1255 3963 1393 4030 impositio
1420 3968 1579 4029 potestaten

367 4038 593 4102 tirolicisclerici,
613 4053 707 4094 eorum
726 4042 960 4099 causisadeccle·
994 4048 1140 4102 sacerdotii
1153 4050 1286 4103 conterat.
1311 4050 1394 4103 llobls
1410 4046 1580 4114 videturpri·

371 4124 513 4180 siasticum
531 4126 652 4179 tribunal
675 4127 846 4193 deferendis,
880 4134 959 4195 culus
994 4144 1039 4186 ma
1052 4146 1182 4187 manuum
1199 4135 1339 4201 impositio
1352 4148 1415 4188 cum
1424 4134 1580 4188 extensione

369 4210 504 4279 privilegii
525 4214 585 4277 jam
613 4213 752 4279 plerisque
772 4214 801 4266 in
824 4216 893 4268 locis
916 4216 960 4270 rix
995 4225 1022 4272 et
1038 4233 1119 4286 prece
1133 4234 1194 4287 quae
1216 4226 1468 4287 sequunturtolam
1491 4232 1582 4275 essen·

369 4302 495 4361 superest
505 4297 660 4364 vestigium.
675 4298 782 4353 Conorae
794 4312 890 4353 eorum
902 4316 960 4367 per·
994 4306 1058 4358 tiam
1082 4307 1266 4369 constituere3
1289 4320 1352 4360 nam
1374 4307 1443 4359 ritus
1460 4308 1506 4359 ille
1520 4308 1579 4358 inte

367 4392 445 4435 sonae
470 4396 557 4437 sacrae
574 4384 758 4449 habebantur,
787 4386 960 4443 anathemate
993 4404 1042 4459 ger
1059 4394 1197 4447 moraliter
1217 4395 1297 4448 unica
1321 4406 1453 4447 manuum
1478 4391 1582 4460 imposi·

395 4645 425 4693 (ll
436 4643 561 4684 smxiii.
570 4646 623 4686 Can.
633 4646 657 4687 ii.
991 4662 1080 4710 martyr.
1090 4668 1101 4697 c
1118 4658 1181 4700 xxvii.

324 4750 329 4759 ,
397 4713 425 4762 (a)
434 4713 464 4751 be
471 4712 567 4763 antiquis
582 4717 682 4757 Ecclesiae
695 4718 773 4760 ritibus
785 4726 801 4761 t.
809 4721 832 4761 it.
839 4721 854 4761 l.
862 4722 879 4762 i.
886 4734 906 4763 e.
913 4722 959 4763 viii.
1018 4726 1045 4779 (i)
1060 4727 1112 4768 inat.
1122 4728 1137 4769 l.
1145 4728 1174 4769 ir.
1184 4740 1203 4770 e.
1214 4729 1254 4769 rit.
1264 4740 1285 4769 n.
1297 4734 1329 4771 tt.

381 4780 468 4822 art.rii.
484 4782 552 4824 citans
576 4785 754 4837 discordum.
769 4790 784 4831 l.
801 4792 817 4831 i.
843 4791 870 4832 de
885 4792 956 4844 ploni
1150 4784 1153 4791 ’
