3792 5550
348 586 397 637 tat
569 584 684 637 tutet.
704 581 766 631 xlx.
787 574 828 629 DE
847 579 1071 631 substituens
1089 580 1121 631 tlt
1139 581 1341 633 uutvuusuu.

347 714 416 767 aqua
431 701 508 761 tacta,
523 698 655 753 invocatis
671 696 759 748 tribus
773 692 872 747 divinis
881 707 941 759 per·
974 701 1080 759 tantur,
1107 696 1178 749 siout
1202 702 1230 748 ot
1254 697 1425 750 lletbodistae
1454 700 1568 763 lipisco·

347 785 582 849 sonis,consistil:
594 782 684 835 caeteri
695 781 763 831 ritus
775 779 944 833 caeremoniis
974 782 1059 847 pales.

347 876 430 933 sunt,
457 872 509 923 boc
532 869 637 923 scilicet
658 866 792 921 vocabulo
820 864 941 930 comple·
1010 868 1067 917 tot.
1085 866 1215 919 Ecclesiae
1238 868 1308 919 ritus
1329 868 1460 932 probatos
1478 868 1573 922 uindi-

346 959 446 1011 otimur
464 958 531 1009 ritus
549 968 645 1009 omncs
663 953 709 1019 qui
722 952 756 1005 ad
771 952 899 1004 decorem
913 956 941 1005 et
973 952 1045 1003 cauit
1063 951 1216 1005 Concilium
1243 952 1447 1014 tridentinum,
1459 954 1573 1006 anathe-

347 1043 522 1109 splendorem
537 1040 619 1092 divini
634 1040 723 1091 cultus
733 1036 897 1102 diriguntur.
910 1037 940 1089 ln
974 1043 1047 1089 mate
1065 1038 1121 1091 lato
1139 1036 1168 1089 in
1190 1050 1239 1089 eos
1254 1038 1301 1102 qui
1313 1051 1362 1089 eos
1376 1039 1468 1103 sperni
1485 1051 1573 1103 posse

346 1123 871 1186 easdebaccnatusestcatvtnus,eas
892 1134 940 1175 uo·
972 1122 1016 1174 vel
1035 1123 1126 1174 omitti
1155 1122 1215 1173 sine
1242 1128 1356 1188 peccato
1386 1124 1568 1177 asserebant·

346 1226 435 1267 cansa
452 1224 557 1276 nugas,
576 1210 651 1275 quod
670 1208 739 1261 nihil
753 1207 878 1261 utilitatis
892 1208 940 1261 ba·
976 1206 1027 1257 «Si
1039 1206 1102 1271 quis
1118 1207 1218 1259 dixerit
1230 1214 1356 1273 receptos
1366 1209 1569 1274 etapprobatos

345 1300 447 1351 beant:
467 1296 567 1349 deinde
590 1296 761 1361 praestigias.
781 1293 853 1359 quod
875 1306 939 1357 spe·
973 1290 1102 1343 Ecclesiae
1128 1292 1277 1345 Catholicae
1305 1294 1373 1345 ritus
1396 1294 1424 1345 in
1447 1296 1569 1347 solemni

345 1382 475 1435 ctantium
507 1382 603 1435 oculos
631 1381 705 1432 inani
736 1392 835 1445 pompa
861 1378 940 1451 delu-
973 1380 1211 1433 sacramentorum
1231 1381 1468 1434 administratione
1490 1382 1569 1434 adhi-

346 1468 420 1521 dant.
434 1488 446 1513 n
460 1466 468 1499 ¹
484 1468 618 1519 botherus
637 1478 693 1517 non
720 1463 829 1529 negavit
856 1476 939 1517 oaerc·
972 1464 1031 1516 beri
1050 1471 1214 1529 consuetos,
1230 1474 1278 1518 aut
1294 1468 1434 1520 contemni
1450 1468 1567 1521 autsine

346 1552 453 1607 monias
466 1553 572 1617 aliquas
585 1550 686 1601 utiliter
698 1548 823 1601 adhiberi
836 1560 938 1613 posse,
973 1554 1088 1615 peccato
1109 1563 1125 1601 a
1145 1549 1280 1603 ministris
1298 1565 1347 1617 pro
1366 1553 1445 1606 libito
1458 1554 1565 1615 omitti,

345 1638 496 1691 dummodo
515 1636 647 1703 obligatio
673 1648 719 1689 eas
749 1635 890 1699 servandi,
912 1639 941 1688 et
973 1639 1020 1687 ant
1031 1633 1059 1685 in
1069 1647 1154 1687 noros
1167 1635 1236 1687 alios
1246 1650 1295 1701 per
1306 1642 1564 1703 quemcumquellc-

345 1725 435 1776 cultus
454 1724 529 1776 notio
549 1723 688 1775 abessent.
702 1720 713 1753 ¹
727 1719 868 1787 anglicani
887 1731 940 1773 oae·
973 1719 1064 1773 clesiae
1082 1727 1220 1785 pastorem
1248 1723 1346 1779 mutari
1373 1737 1474 1789 posse;
1500 1738 1567 1779 ana-

345 1809 484 1863 remonias
497 1810 628 1875 probant,
652 1814 679 1860 et
697 1806 853 1872 arguendos
877 1818 939 1858 esse
973 1805 1065 1857 thema
1087 1806 1223 1859 sit.⁸lam
1244 1808 1417 1862 recitavimus
1430 1823 1567 1863 canonem

345 1897 435 1963 palam
457 1895 557 1949 docent
577 1895 623 1960 qui
645 1907 691 1947 eas
706 1896 855 1958 spernuut;
869 1903 939 1957 quas
973 1902 1028 1955 quo
1046 1891 1179 1945 feriuntur
1198 1878 1288 1947 llissae
1310 1896 1490 1949 caeremonias
1507 1897 1567 1949 irri-

347 1987 438 2035 tamen
457 1980 617 2033 institecndi
631 1980 673 2032 vel
686 1978 810 2030 mutandi
821 1982 940 2043 potesta·
972 1976 1080 2030 dentes.

347 2074 402 2120 tem
421 2067 533 2121 cuilibet
555 2065 681 2119 Ecclesiae
702 2064 833 2117 nationali
854 2060 940 2115 vindi·
1187 2065 1349 2130 Propositio.

347 2151 439 2205 cant.l
456 2154 512 2205 lloc
525 2156 633 2202 trientes
649 2149 771 2213 arbitrio,
783 2149 939 2214 plerasque,
1006 2149 1116 2213 liecepti
1131 2154 1158 2201 et
1170 2151 1313 2215 approbati
1328 2153 1457 2206 Ecclesiae
1466 2155 1566 2206 catho-

346 2226 416 2305 quas
429 2240 546 2304 majores
561 2237 602 2289 sui
616 2241 807 2298 servaverant,
822 2234 941 2299 relique-
974 2234 1035 2287 licae
1053 2234 1123 2287 ritus
1140 2235 1169 2285 in
1192 2236 1309 2289 solemni
1327 2240 1566 2291 sacramentorum

347 2327 428 2384 runt,
448 2330 475 2374 et
496 2324 587 2385 plures
606 2322 798 2381 immutarunt,
811 2318 939 2371 Eduardo
974 2321 1213 2374 administratione
1231 2323 1356 2375 adbiberi
1368 2325 1503 2387 consueti,
1513 2338 1567 2377 nec

347 2412 374 2459 et
387 2406 542 2459 Elisabetba
568 2405 756 2473 regnantibus.
777 2404 825 2467 Qui
845 2404 873 2456 in
894 2405 939 2456 bis
973 2406 1114 2459 contemni
1132 2407 1257 2460 necsine
1278 2410 1567 2473 peccaroaministris

347 2491 939 2559 regionibusEpiscopalesdicuntur‚eadem
973 2504 1023 2557 pro
1042 2492 1120 2544 libito
1136 2492 1243 2555 omitti,
1264 2507 1316 2545 neo
1337 2494 1365 2545 in
1388 2508 1475 2547 novos
1494 2495 1565 2547 alios

347 2579 457 2632 licentia
483 2579 518 2631 ab
538 2580 747 2645 anglicanorum
774 2577 940 2642 quibusdam
973 2590 1025 2642 per
1048 2590 1250 2643 quemcumque
1275 2580 1405 2631 Ecclesiae
1427 2585 1566 2645 pastorem

348 2664 445 2717 ritibus
472 2666 668 2718 discesserunt.
695 2664 863 2717 oxonienses
882 2665 939 2729 jam
973 2662 1073 2716 mutari
1092 2670 1217 2727 possunt.

348 2751 445 2804 rituale
468 2755 547 2804 vetus
568 2750 740 2817 deperditum
766 2750 894 2816 plorant,
912 2754 940 2802 et
1008 2748 1066 2800 lbi.
1088 2748 1235 2801 Probatur.
1254 2750 1312 2801 Non
1333 2748 1396 2802 licet
1413 2763 1567 2816 spernere,

304 2851 305 2856 ¹
347 2838 448 2892 rituum
463 2851 603 2892 sacrorum
620 2839 764 2891 utilitatem
782 2844 810 2891 et
823 2837 940 2904 antiqui·
974 2848 1026 2889 uec
1041 2834 1177 2896 omittere,
1187 2848 1239 2887 nec
1251 2841 1358 2888 mutare
1370 2836 1492 2889 instituta
1504 2851 1567 2902 pro-

348 2928 431 2976 tatem
450 2926 569 2975 tuentur.
590 2923 790 2988 Presbyteriani
809 2935 939 2976 caeremo·
973 2922 1037 2974 bata
1055 2926 1083 2974 et
1102 2920 1207 2974 sancita
1220 2935 1235 2972 a
1248 2921 1370 2987 legitima
1384 2924 1564 2976 alletoritate:

348 3007 408 3058 nias
437 3007 579 3072 rejiciunt,
601 3013 627 3059 et
657 3007 824 3072 baptismum
853 3008 939 3060 admi·
973 3019 1056 3072 porro
1068 3007 1197 3059 Ecclesiae
1210 3007 1359 3061 auctoritas
1372 3009 1485 3062 omnino
1496 3009 1566 3076 legi-

348 3091 519 3144 nistraudum
546 3093 661 3158 iubent,
691 3092 792 3158 praevia
827 3092 937 3158 quidem
973 3092 1039 3145 tima
1052 3099 1095 3146 est
1112 3098 1140 3145 et
1156 3100 1340 3155 sacrosancta,
1354 3109 1440 3159 quum
1452 3095 1477 3148 ei
1490 3107 1568 3148 corn·

349 3178 528 3232 instructione
545 3179 579 3231 de
591 3180 649 3246 ejus
670 3185 826 3243 natura‚et
839 3180 873 3232 de
892 3194 939 3246 pa·
972 3179 1058 3230 missa
1089 3178 1124 3230 sit
1150 3191 1166 3230 a
1190 3177 1296 3230 Christo
1327 3180 1566 3231 sacramentorum

347 3271 456 3318 rentum
474 3263 587 3328 officiis,
604 3264 652 3316 sed
678 3265 752 3316 omni
774 3265 876 3318 omissa
887 3278 939 3318 cae·
973 3263 1155 3330 dispensatio.
1169 3267 1320 3332 Ergoquos
1333 3265 1452 3316 institnit
1464 3271 1566 3331 etpro-

349 3350 503 3404 remonia.⁴
538 3351 734 3405 sirenaristiarn
770 3351 917 3404 conficiunt
929 3383 946 3416 ,.
972 3349 1047 3403 bavit
1058 3350 1128 3402 ritus
1149 3356 1307 3404 reverenter
1326 3358 1391 3402 sunt
1408 3351 1563 3416 excipiendi

349 3441 491 3489 narrantes
506 3437 570 3502 quid
591 3436 713 3488 cbristus
730 3435 838 3500 lecerit,
852 3442 879 3489 et
892 3451 939 3502 pa·
972 3439 1001 3489 et
1013 3436 1150 3488 servandi.

349 3534 413 3572 nem
431 3520 602 3586 frangentes,
623 3535 704 3588 quem
717 3523 940 3576 circumsedenli·
1007 3522 1064 3574 tos.
1084 3522 1212 3574 Christus
1231 3524 1362 3575 Dominus
1375 3535 1426 3574 suo
1439 3524 1566 3588 exemplo

349 3607 797 3669 busmensaedistribuunt‚vinum
809 3608 939 3674 deinceps
973 3620 1024 3660 nos
1042 3608 1123 3660 docet
1140 3608 1306 3674 perspicuo,
1332 3609 1409 3674 quod
1430 3608 1516 3674 signis
1537 3615 1566 3660 et

252 3683 254 3687 ’
348 3691 527 3756 propinaturi.
540 3693 604 3754 Quae
616 3693 773 3755 praecedunt
787 3697 813 3743 et
823 3705 940 3757 sequun·
972 3694 1080 3746 actibus
1092 3694 1192 3747 ueritas
1205 3695 1325 3746 coelestis
1344 3694 1510 3746 insinuanda
1529 3693 1566 3745 sit

350 3783 394 3829 tur
403 3775 561 3838 conciones,
574 3780 601 3828 el
614 3777 738 3842 psalmus
748 3777 790 3828 vel
803 3777 939 3828 canticum
972 3783 1001 3831 et
1016 3779 1104 3832 officia
1120 3779 1347 3832 commendanda.
1368 3779 1412 3832 Sic
1433 3779 1518 3832 surdo
1537 3785 1568 3830 et

350 3877 412 3916 oum
425 3863 548 3917 oratione
570 3875 605 3916 en
628 3867 746 3928 tempore
769 3863 828 3916 fusa
852 3868 939 3916 totum
973 3870 1049 3918 muto
1067 3866 1102 3918 ad
1121 3879 1151 3918 se
1171 3865 1335 3928 adducto,«
1353 3865 1568 3931 apprehendens

350 3949 624 4018 ritumfflconstituunt:
635 3950 724 4002 nullas
737 3951 839 4014 quippe
852 3954 941 4002 certas
974 3963 1037 4003 enm
1056 3951 1186 4003 deturba
1203 3964 1348 4014 seorsum,
1366 3951 1442 4004 misit
1463 3949 1567 4016 digitos

350 4047 446 4100 preces
460 4035 576 4096 habent,
596 4034 643 4086 sed
658 4047 706 4100 pro
720 4034 837 4087 ministri
849 4037 942 4101 cujus·
976 4048 1042 4088 suos
1057 4035 1083 4086 in
1102 4036 1239 4088 auriculas
1263 4037 1322 4101 ejus
1342 4056 1348 4086 ι
1375 4041 1402 4090 et
1421 4048 1543 4100 expuens
1555 4072 1567 4096 ,

351 4118 418 4172 libet
457 4119 610 4173 arbitrio.l
641 4119 766 4185 Baptistae
795 4121 846 4176 bos
882 4121 941 4172 imi·
976 4121 1065 4188 tetigit
1083 4121 1204 4188 linguam
1224 4122 1344 4189 ejustet
1361 4121 1516 4187 suspiciens
1536 4119 1568 4171 in

378 4384 404 4435 ll)
420 4385 471 4425 lnst.
482 4384 495 4423 l.
506 4384 533 4422 ir.
542 4395 560 4424 o.
571 4396 589 4424 x.
602 4397 623 4424 n.
640 4390 671 4426 ts.
1004 4382 1033 4436 (lt)
1049 4385 1115 4426 «The
1127 4385 1184 4426 table
1197 4397 1227 4426 on
1242 4386 1313 4427 which
1323 4386 1359 4426 the
1367 4385 1471 4428 elementa
1480 4396 1516 4427 ere
1522 4385 1571 4437 pla—

379 4452 405 4504 it)
415 4455 460 4494 Lib.
469 4455 495 4494 de
505 4453 568 4494 torn.
579 4455 662 4506 nisse,
672 4461 693 4496 et
704 4456 744 4496 lib.
756 4456 782 4496 de
799 4454 842 4508 piis
860 4467 943 4496 cerem
977 4455 1031 4506 cod,
1046 4455 1113 4506 being
1121 4455 1217 4507 decentiy
1226 4456 1330 4505 covered,
1344 4455 1380 4495 ibe
1396 4455 1462 4495 breed
1479 4454 1502 4494 in
1517 4465 1570 4494 cou-

377 4522 404 4575 (b)
414 4523 492 4562 article
501 4522 567 4562 xxxiv.
587 4550 590 4555 -
804 4537 806 4540 ·
979 4525 1066 4566 venient
1076 4525 1168 4576 dirbes,
1181 4526 1223 4566 end
1237 4526 1274 4566 llie
1286 4527 1342 4566 wine
1357 4525 1379 4565 in
1395 4536 1462 4577 cupa,
1472 4524 1514 4564 end
1530 4523 1571 4562 rte

376 4593 403 4643 (il
413 4605 423 4629 n
434 4593 465 4630 lle
474 4592 492 4631 is
503 4597 523 4631 to
533 4592 617 4643 baptizo
630 4594 666 4633 lhe
679 4593 737 4634 child
756 4593 807 4635 with
821 4598 901 4646 noter,
914 4595 942 4648 by
976 4590 1148 4636 communicants
1158 4596 1242 4649 orderly
1252 4596 1294 4636 and
1303 4596 1390 4649 grarely
1397 4595 1474 4647 sitting
1483 4593 1568 4634 emund

352 4660 446 4711 pouring
455 4671 480 4698 or
493 4660 614 4712 sprinlrling
623 4661 640 4700 it
648 4673 675 4700 on
685 4664 721 4702 tiro
739 4663 785 4702 lace
793 4661 818 4702 ol
824 4663 860 4703 tlte
868 4663 941 4714 child,
975 4665 1012 4704 tlre
1021 4664 1085 4704 table.
1096 4678 1106 4701 ι
1118 4664 1199 4705 ibidem
1209 4664 1243 4705 c'n.
1252 4664 1297 4705 rili.

352 4728 443 4768 without
452 4727 532 4777 adding
541 4739 582 4780 any
592 4729 655 4770 other
664 4740 785 4782 ceremony.
795 4743 806 4769 r
816 4731 861 4770 'ibo
870 4730 942 4772 Direc-
1003 4733 1029 4785 (s)
1040 4733 1099 4773 Sese.
1108 4733 1145 4774 rii.
1155 4745 1203 4774 can.
1212 4733 1255 4774 xiii.
1265 4734 1292 4773 de
1299 4733 1359 4774 secr.

352 4802 399 4848 tory
413 4797 475 4847 cbap.
485 4795 522 4834 rii.

1461 4730 1465 4734 ·
1547 4719 1555 4746 1
