3792 5550
751 560 822 614 CAP.
842 563 863 613 l.
877 562 921 613 bb
937 562 1162 615 saebttttcltto.
1522 570 1557 619 ct

333 675 413 729 dicit
435 676 584 740 boninus,
603 674 742 731 effundam
769 676 809 729 dc
834 675 936 743 Spiritu
968 675 1034 741 quid
1055 677 1108 741 sit,
1127 678 1203 743 juxta
1223 692 1335 744 pravam
1356 680 1559 746 ejus'mentetn

339 765 501 825 mcosuper
512 773 624 814 omnem
640 772 762 815 carnem.
781 772 795 808 s
814 760 824 796 ¹
968 762 1113 817 deuocum
1124 763 1232 817 illarum
1255 782 1270 817 ι.
1288 764 1405 830 Spiritus
1423 772 1533 821 sanctus
1544 784 1560 815 ι

376 845 421 899 22.
432 846 511 910 desp.
524 845 589 898 Hira
606 846 743 901 illa'dona
763 855 937 914 possuntva-
969 846 997 897 ri
1017 859 1073 899 non
1098 853 1141 901 cst
1154 848 1334 915 judicandum
1348 863 1355 910 ;
1369 850 1417 903 scd
1441 851 1560 906 charitas

340 930 439 998 ticinio
459 930 620 999 designari,
640 932 690 985 sed
716 946 748 985 ea
775 940 936 999 argumenta
970 944 1052 997 quam
1064 932 1092 985 in
1102 933 1185 986 corde
1194 932 1321 986 diffundit
1334 933 1470 999 imprimis
1480 935 1559 989 intel»

343 1017 438 1083 potius
449 1021 478 1068 et
492 1016 598 1069 indicia
617 1016 734 1083 Spiritus
754 1019 886 1072 cordibus
907 1020 936 1071 ti-
969 1016 1079 1083 liganda
1092 1022 1150 1079 est,
1166 1016 1278 1073 allectus
1290 1018 1394 1071 scilicet
1405 1019 1559 1083 precipuus

275 1147 277 1151 ,
341 1101 449 1155 delium
461 1100 598 1154 illabentis
613 1102 740 1155 habenda
760 1108 834 1157 sunt
852 1104 937 1170 spiri·
969 1101 1055 1155 divini
1077 1102 1150 1155 illius
1180 1102 1296 1168 Spiritus
1323 1103 1351 1155 in
1378 1103 1461 1159 corde
1483 1103 1560 1157 babi-

337 1192 390 1242 ‘tus
401 1186 582 1251 ipsesanctus
593 1186 683 1240 adbuc
694 1201 725 1240 se
734 1190 935 1254 communicat,
970 1188 1063 1241 tantis.
1073 1188 1204 1241 Praeclare
1214 1189 1379 1253 Augustinus
1393 1204 1399 1241 :
1413 1189 1559 1255 «Spiritus

344 1278 378 1325 ut
397 1271 498 1327 virtute
520 1272 626 1325 coelcsti
648 1286 701 1327 nos
716 1276 826 1328 muniat
840 1282 935 1331 conus
970 1278 1062 1325 autem
1080 1279 1193 1325 sanctus
1212 1272 1327 1339 quodin
1345 1275 1403 1327 sola
1421 1274 1559 1329 catholica
1601 1340 1605 1353 ι

335 1356 481 1411 ‘daemonis
498 1356 632 1423 impetus,
645 1363 673 1412 et
692 1358 839 1413 dulcedine
847 1360 936 1413 cbari-
969 1357 1090 1411 Ecclesia
1117 1371 1165 1424 per
1196 1371 1327 1410 manuum
1355 1358 1559 1425 impositionem

343 1442 410 1495 tatis
430 1443 560 1497 cordibus
588 1444 678 1497 inlusa
705 1445 872 1511 triumphum
900 1447 936 1499 de
970 1444 1029 1497 dari
1042 1444 1157 1508 dicitur,
1168 1444 1298 1496 nimirum
1311 1446 1363 1499 boc
1381 1444 1494 1511 intelligi
1505 1457 1561 1497 ma·

259 1554 262 1558 ·
344 1529 473 1583 bostibus
497 1530 605 1583 facilem
634 1531 682 1583 det
708 1537 856 1597 reportare.
878 1533 937 1584 Pul·
967 1528 1399 1595 joresnostrivoluerunt,quod
1412 1530 1558 1595 Apostolus

334 1616 426 1679 cbre,
439 1628 490 1681 pro
511 1616 608 1681 more',
622 1616 768 1670 discrimen
783 1624 937 1683 temporum
971 1615 1028 1667 ait:
1048 1632 1064 1662 ιι
1081 1614 1148 1677 Quia
1166 1615 1284 1667 charitas
1300 1615 1347 1668 bei
1360 1613 1459 1667 diffusa
1473 1620 1515 1669 cst
1530 1614 1559 1667 in

343 1699 436 1753 bacin
447 1713 478 1752 re
493 1700 597 1753 indicat
615 1702 782 1767 Augustinus
796 1716 803 1752 ε
819 1722 832 1747 α
844 1704 937 1767 licque
971 1717 984 1743 ν
1003 1698 1135 1752 cordibus
1155 1701 1258 1752 nostris
1281 1713 1330 1765 por
1348 1700 1477 1765 Spiritum
1498 1712 1560 1753 sau·

334 1784 418 1838 enim
432 1805 464 1846 ,s
482 1785 541 1848 ait,
554 1804 572 1833 u
589 1786 785 1851 temporalibus
803 1791 831 1839 et
852 1786 937 1839 sensi·
973 1802 985 1829 ι
1004 1788 1093 1846 ctum,
1107 1784 1153 1848 qui
1165 1784 1246 1837 datus
1257 1791 1299 1837 cst
1313 1785 1404 1837 nobis.
1425 1784 1460 1831 »ὅ

338 1868 449 1921 bilibus
459 1868 598 1921 miraculis
612 1869 805 1922 attestantibus
817 1883 867 1935 per
883 1882 938 1922 ma·
1005 1868 1048 1920 25.
1074 1868 1133 1933 bij.
1146 1872 1172 1921 d.
1196 1869 1314 1921 Gratiam
1335 1869 1450 1935 Spiritus
1472 1870 1560 1923 sancti

341 1965 399 2005 uus
419 1951 623 2017 impositionem
636 1953 719 2006 modo
732 1953 812 2005 datur
821 1954 937 2019 Spiritus
971 1952 1111 2005 Samaritae
1131 1954 1188 2017 jam
1213 1959 1375 2017 acceperant
1398 1955 1559 2007 :credentes

333 2041 475 2099 sumtus,
488 2038 654 2091 sicutantca
672 2038 789 2091 dabatur
808 2040 843 2091 ad
861 2050 936 2093 eom-
970 2037 1053 2090 enim·
1072 2037 1178 2091 lucrant
1202 2038 1342 2105 baptizati.
1375 2041 1447 2091 bona
1479 2039 1560 2105 igitur

335 2121 549 2175 ,mendationcm
568 2122 645 2175 rudis
663 2122 743 2183 fidei,
763 2130 791 2177 et
807 2125 936 2179 Ecclesiae
969 2122 1022 2175 alia
1038 2134 1101 2187 quae
1124 2120 1152 2173 in
1173 2123 1321 2189 Religionis
1333 2124 1484 2190 proiectum
1501 2137 1559 2179 ees-

340 2208 493 2274 primordia
510 2208 659 2263 dilatanda.
679 2208 746 2272 Quis
764 2210 838 2263 enim
861 2224 936 2264 nunc
969 2220 1033 2259 sura
1045 2213 1132 2270 erant,
1145 2209 1299 2275 prophetia,
1310 2210 1464 2277 linguarum
1474 2211 1560 2264 scien

336 2294 397 2347 boc
414 2277 556 2359 e'rpcctat,
575 2298 604 2345 ut
622 2293 641 2344 ii
664 2294 764 2359 quibus
782 2308 880 2347 manus
898 2296 934 2349 ad
969 2291 1006 2344 tia
1018 2330 1025 2353 ,
1039 2299 1066 2345 et
1077 2292 1130 2345 alia
1151 2294 1329 2361 hujusmodi,
1348 2296 1559 2349 occasionema·

333 2378 530 2443 accipiendum
552 2377 681 2443 Spiritum
704 2385 829 2431 sanctum
847 2380 934 2445 impo·
968 2390 1053 2429 nuum
1067 2377 1250 2444 impositionis
1260 2378 1300 2431 eis
1308 2392 1438 2434 concessa
1449 2385 1523 2434 sunt.

339 2464 417 2517 nitur
429 2501 437 2525 ,
449 2470 561 2529 repente
578 2462 709 2528 incipiant
729 2464 831 2530 linguis
841 2465 934 2531 locuti
1001 2466 1044 2517 26.
1057 2466 1136 2530 serp.
1163 2466 1259 2532 illique
1279 2467 1410 2520 censendi
1423 2473 1488 2521 sunt
1509 2471 1559 2520 Sa·

332 2548 396 2603 ‘Sed
407 2548 580 2602 invisibiliter
594 2556 621 2601 ct
641 2550 758 2603 latenter
773 2550 935 2617 intelligitur
968 2550 1073 2601 maritae
1094 2551 1151 2615 jam
1173 2551 1311 2617 baptismo
1334 2552 1390 2605 lieo
1410 2551 1490 2613 nati,
1511 2550 1557 2602 lilii

339 2634 547 2699 oeramentum
570 2636 646 2702 pacis
673 2648 770 2689 eorum
802 2638 933 2692 cordibus
968 2636 1027 2701 ejus
1039 2634 1132 2687 dilecti
1144 2640 1171 2687 et
1182 2635 1393 2701 lraeredesregni
1406 2636 1557 2689 constituti.

331 2719 434 2775 divium
461 2722 582 2776 ebaritas
602 2723 747 2789 inspirari,
766 2728 797 2777 ut
826 2725 934 2792 possint
966 2722 1091 2774 stamen
1109 2719 1228 2785 Spiritus
1245 2724 1356 2775 sanctus
1373 2719 1557 2784 daridicitur,

330 2805 597 2873 diccrc,qucniam
611 2809 755 2862 «ebaritas
774 2809 933 2864 beldiltusa
967 2805 1078 2870 quando
1095 2804 1218 2858 intimius
1241 2811 1268 2858 et
1287 2806 1388 2874 largius
1408 2819 1470 2860 sese
1485 2818 1559 2860 cone·

339 2891 448 2943 »estin
468 2892 599 2946 cordibus
621 2894 723 2948 nostris
744 2897 932 2961 perspiritum
966 2889 1105 2953 munibat,
1119 2889 1278 2944 charitatem
1291 2903 1369 2944 suam
1382 2895 1411 2944 ln
1427 2890 1558 2945 cordibus

242 3016 246 3021 .
337 2980 518 3039 assuetum,
540 2977 587 3042 qui
609 2978 690 3032 datus
708 2986 751 3033 est
766 2980 857 3035 nobis.
876 2981 917 3028 »ἱ
966 2974 1134 3030 diffundens.
1144 2979 1247 3030 caetcra
1256 2978 1300 3030 illa
1309 2978 1382 3031 dona
1393 2979 1429 3030 ad
1440 2978 1558 3032 aliorum

371 3061 414 3113 id.
435 3061 494 3126 obj.
513 3063 645 3117 estnon
659 3067 932 3132 magus,oblatcpe
965 3061 1108 3114 utilitatem
1131 3074 1278 3127 concessa,
1302 3075 1358 3117 non
1380 3070 1445 3116 suut
1471 3062 1559 3118 omui-

332 3145 437 3209 cunia,
451 3146 569 3211 peditur
589 3149 642 3214 ipsi
654 3150 739 3202 ctiam
757 3150 872 3204 facultas
890 3152 931 3205 lo·
964 3147 1018 3200 bus
1039 3148 1164 3212 fidelibus
1185 3149 1362 3212 ueceSSflrifls
1382 3151 1426 3202 iel
1455 3162 1558 3216 oppor-

336 3234 381 3283 ret
391 3230 475 3283 dandi
493 3231 623 3296 Spiritum
636 3239 781 3296 sanctum,
800 3247 931 3288 manuum
964 3238 1053 3294 tuua;
1069 3233 1119 3285 sed
1149 3234 1248 3286 animae
1265 3234 1403 3299 proiectus
1423 3233 1556 3299 imprimis

336 3313 515 3380 impositione
538 3315 652 3379 :ipsum
671 3320 762 3368 autem
779 3318 852 3369 baud
870 3331 931 3383 gra·
965 3316 994 3368 in
1017 3319 1146 3370 omnibus
1164 3319 1293 3372 Ecclesia
1316 3319 1476 3372 muneribus
1495 3331 1557 3382 spc-

336 3398 404 3452 tiam
430 3399 563 3465 largiendi
589 3398 766 3462 facultatem,
789 3400 839 3452 sed
858 3401 931 3454 dona
965 3403 1063 3452 ctatur.
1076 3403 1134 3452 lton
1156 3401 1209 3454 alia
1228 3407 1302 3454 certe
1324 3402 1359 3454 dc
1378 3413 1461 3454 causa
1482 3401 1557 3456 lesti-

335 3483 384 3536 illa
404 3483 474 3535 mira
491 3483 717 3536 communicandi·
733 3483 877 3550 quaesiisse
898 3487 930 3538 li·
965 3488 1065 3536 aarum
1088 3487 1184 3538 Petrus
1208 3491 1236 3540 et
1260 3486 1359 3539 Paulus
1384 3486 1556 3550 Samariam,

325 3572 413 3633 =spuet.
438 3569 507 3634 drgo
535 3568 612 3631 baec,
633 3580 689 3622 non
718 3569 789 3634 illa,
814 3570 929 3636 Spiritus
964 3583 1047 3637 quam
1059 3576 1088 3625 ut
1096 3571 1222 3626 fidelibus
1234 3574 1338 3640 majora
1351 3573 1557 3640 suppeditarent

326 3651 425 3715 :sancti
436 3653 547 3706 nomine
558 3655 769 3721 intelligebatur.
962 3655 1100 3721 subsidia,
1114 3657 1214 3723 quibus
1229 3658 1257 3710 in
1269 3658 1312 3713 aia
1325 3659 1431 3713 bomini
1440 3672 1555 3726 pergere

369 3737 414 3788 rt.
435 3738 515 3804 Κεφ.
533 3738 658 3792 Perditus
676 3739 722 3793 ille
746 3741 829 3794 bomo
843 3741 927 3796 mira
961 3745 992 3796 et
1013 3755 1187 3808 perseuerare
1207 3751 1330 3810 possent.
1360 3745 1474 3798 eulcbre
1502 3746 1554 3797 bos

327 3820 453 3873 ’faciendi
476 3822 622 3887 bcultate,
641 3829 699 3877 arte
720 3839 771 3878 sua
791 3826 926 3890 nebnda,
960 3827 1144 3894 impositionis
1169 3842 1301 3882 manuum
1322 3829 1426 3883 tructus
1446 3833 1477 3882 S·
1497 3833 1552 3884 Eu-

327 3906 474 3969 celebris,
488 3914 653 3973 potestatem
673 3909 798 3974 quaesivit
809 3917 840 3964 ut
849 3911 925 3976 ipse,
960 3913 1069 3966 ebetius
1090 3913 1280 3979 Lugdunensis
1298 3919 1447 3968 recenset:
1471 3933 1484 3960 s
1502 3916 1551 3966 Pa·

335 3991 464 4044 manibus
484 3992 641 4058 impositis,
663 3998 759 4058 posset
775 3994 836 4046 aliis
856 3995 926 4048 mira
960 3998 1078 4050 racictus
1098 3997 1265 4064 regeneratis
1276 3997 1304 4050 in
1319 3997 1426 4051 cbristo
1438 4003 1550 4060 custos,

327 4074 408 4128 dona
425 4077 587 4130 concedere.
600 4079 725 4131 Attamen
747 4091 803 4133 non
820 4084 928 4132 constat
961 4087 989 4136 et
996 4083 1172 4144 consolator,
1187 4088 1215 4134 et
1237 4085 1311 4136 tutor
1324 4087 1366 4134 est
1369 4114 1553 4132 .....

334 4171 399 4212 cum
426 4160 486 4214 baec
517 4174 580 4214 cum
609 4160 710 4226 Spiritu
739 4161 801 4226 ipso
833 4161 928 4216 divino
964 4170 1038 4234 Ergo
1047 4168 1162 4234 Spiritus
1174 4169 1361 4232 sauctus,qui
1375 4181 1459 4232 super
1470 4180 1555 4232 aquas

326 4243 513 4309 contudisse;
553 4247 632 4300 facile
661 4247 735 4307 euim
761 4246 930 4313 explicantur
964 4252 1092 4316 baptismi
1117 4252 1258 4306 salutilcro
1278 4252 1420 4305 descendit
1442 4252 1555 4318 illapsu,

331 4329 504 4394 ejusvcrba,
521 4331 603 4385 donis
621 4344 671 4398 pro
683 4331 792 4386 indiciis
806 4333 849 4386 vel
867 4331 929 4387 etic-
963 4336 991 4388 in
1009 4337 1084 4390 sonte
1100 4336 1299 4402 plenitudinem
1318 4336 1412 4390 tribuit
1428 4337 1462 4390 ad
1481 4337 1557 4392 inno·

330 4414 551 4470 ctibusextcrnis
561 4418 688 4482 sumptis
698 4420 834 4472 caeterum
849 4420 927 4484 quid·
963 4428 1096 4485 centiam,
1108 4423 1135 4474 in
1154 4420 1556 4492 Conslirmatioueaugmcntun

353 4675 387 4727 tt)
396 4677 442 4718 toci
451 4675 475 4717 ir.
486 4680 520 4718 te
531 4678 578 4718 Act.
586 4678 608 4718 ii.
620 4683 650 4719 ta.
984 4685 1011 4738 ts}
1024 4685 1077 4726 ibid

358 4745 389 4800 tt)
401 4747 426 4788 Ι..
435 4746 467 4788 iii.
473 4747 501 4788 dc
510 4748 572 4801 liopt-
578 4753 653 4790 contn
659 4747 736 4790 Dant
742 4760 763 4790 c·
771 4749 813 4791 nl.
