3792 5550
687 553 756 605 cte.
775 553 817 603 xl.
837 554 879 607 DE
895 554 1086 611 hulletosts.
1463 569 1514 620 347
1548 592 1555 601 -

287 693 368 741 ειμι,
392 680 444 723 seu
469 675 585 732 sicinae,
610 668 710 723 domus
732 667 837 721 scilicet
860 668 889 721 in
922 677 1126 737 paupertatem,
1152 679 1180 727 et
1201 676 1387 733 obedientiam
1412 689 1513 737 vorent

288 758 395 825 quibus
409 767 585 809 communem
595 753 733 807 ducebant
744 752 838 818 vitam,
849 753 891 806 in·
922 770 954 809 se
972 764 1145 822 servaturos3
1169 762 1244 826 qnod
1268 770 1362 817 votum
1385 768 1515 822 emittunt

288 841 380 896 stituit
396 840 426 893 iu
439 838 544 906 Egypti
554 838 702 891 Thebaide.
716 838 828 891 Plurimi
841 852 889 892 au·
922 846 986 907 post
1000 855 1103 896 anuum
1120 847 1367 901 sextumdecimum
1379 864 1436 904 suae
1448 858 1513 906 aeta-

289 936 347 983 tem
367 926 550 981 morabantur
567 924 594 977 in
610 924 716 979 cellulis
735 925 888 991 separatis,
922 927 973 991 tis,
991 933 1019 981 et
1029 931 1136 996 expleto
1151 933 1208 998 jam
1227 947 1301 987 auno
1322 936 1510 1001 probationis:

289 1026 353 1080 quae
364 1025 466 1066 omnes
477 1028 549 1080 asopo
559 1010 729 1064 dicebantur.
738 1011 769 1063 ln
781 1010 890 1063 Oriente
922 1024 1004 1065 secus
1048 1014 1105 1068 vim
1144 1029 1199 1069 uon
1242 1019 1358 1073 obtinet.
1403 1023 1513 1076 lrritum

288 1098 412 1153 Basilius
423 1100 538 1165 hlagnus
557 1096 676 1150 habetur
689 1096 888 1149 monachorum
922 1110 1034 1163 quoque
1051 1104 1094 1152 est
1114 1107 1224 1165 votum,
1249 1111 1326 1157 metu
1349 1107 1393 1159 vel
1421 1108 1448 1161 vi
1474 1109 1513 1161 fn·

289 1189 386 1251 pater,
401 1184 438 1237 oh
456 1180 889 1247 lustitutumeorumabeopro·
922 1184 1038 1245 ctnm;²
1064 1191 1092 1239 et
1120 1187 1315 1244 declarandum
1341 1197 1385 1245 est
1410 1195 1513 1247 nullius
1585 1239 1588 1243 Δ

289 1275 434 1337 pagatum.
446 1272 476 1323 ln
490 1269 665 1323 Occidentem
684 1266 889 1319 &Athanasius
921 1268 1039 1331 valoris,
1057 1270 1081 1322 si
1097 1270 1169 1325 intra
1185 1275 1405 1342 quinquennium
1428 1280 1514 1333 recla-

290 1355 478 1411 mouasticam
495 1354 580 1408 vitam
601 1352 738 1407 invexisse
752 1350 888 1414 creditur,
922 1352 1007 1407 matio
1019 1352 1098 1407 fiat.⁸
1592 1416 1599 1423 .

290 1442 405 1509 quando
419 1444 513 1495 homae
532 1440 735 1502 versabatur,a
755 1438 821 1491 sede
839 1450 889 1490 sua
926 1486 928 1490 ,
956 1441 1014 1491 177.
1037 1441 1265 1499 sanctimoniales
1274 1447 1303 1499 in
1312 1448 1438 1501 coenobia
1448 1461 1514 1503 con·

289 1522 888 1595 profugus.«crehravirginummonasteria,
921 1528 1512 1597 venerunteoseretemporeqnomonaehi.

289 1615 497 1667 monachorum
531 1610 739 1665 innumerabilis
766 1608 890 1661 multitu·
923 1611 1026 1665 Eadem
1044 1614 1172 1666 emittunt
1191 1620 1273 1677 vota;
1287 1616 1337 1669 sed
1360 1617 1414 1681 legi
1438 1618 1514 1671 clau-

197 1692 208 1715 '
290 1698 338 1763 do,
352 1720 365 1747 o
381 1705 508 1765 tempore
519 1696 674 1764 Hieronymi
685 1698 778 1749 Romae
789 1692 889 1747 erant¹
923 1709 996 1750 surae
1016 1698 1125 1751 arctiori
1143 1699 1326 1765 subjiciuntur
1341 1716 1347 1751 :
1364 1714 1416 1753 nec
1435 1701 1511 1754 enim

290 1787 317 1837 S.
332 1784 502 1839 Benedictus
510 1783 612 1837 saeculo
621 1785 698 1835 sexto
706 1779 890 1833 monasticum
923 1782 957 1835 iis
974 1781 1039 1835 licet
1055 1788 1131 1835 extra
1148 1790 1226 1850 septa
1238 1786 1398 1838 monasterii
1416 1788 1512 1853 egredi

291 1870 451 1923 institutum
479 1866 592 1934 perfecit
619 1871 646 1920 et
670 1864 832 1932 propagavit
860 1864 889 1917 in
922 1866 976 1920 uisi
994 1868 1155 1935 gravissima
1179 1876 1274 1937 urgeat
1294 1885 1392 1935 causa,
1419 1887 1446 1926 v.
1465 1887 1514 1940 g.:

290 1952 725 2020 Occidente,legibusquecertis
738 1950 890 2004 monachos
923 1952 1099 2016 incendium,
1120 1955 1215 2021 lepra,
1239 1956 1384 2022 epidemia.
1407 1959 1513 2011 Nemini

291 2040 326 2094 ad
347 2038 585 2107 perseverandum
604 2038 736 2091 insemel
758 2041 889 2102 suscepto
922 2039 987 2093 licet
999 2040 1105 2107 ingredi
1115 2042 1389 2105 monasterium‚uisi
1399 2042 1510 2097 licentia

291 2125 422 2179 instituto
442 2124 597 2177 adstrinxit.
615 2122 741 2188 Plerique
760 2120 890 2175 monachi
923 2126 1051 2192 Episcopi
1068 2131 1096 2179 et
1108 2127 1322 2192 superioris,ob
1340 2140 1438 2194 graves
1449 2140 1513 2181 cau.

291 2211 355 2266 laici
381 2216 478 2273 erant,
496 2210 642 2276 laborique
659 2221 792 2261 manuum
810 2219 890 2261 vaca·
923 2224 995 2272 sas,
1026 2211 1179 2276 impetrata.
1218 2212 1515 2268 Excommunioationis
1607 2207 1610 2211 ’

291 2299 379 2359 baut3
398 2313 473 2353 uuus
485 2303 577 2353 tamen
590 2303 637 2352 aut
654 2298 724 2351 alter
735 2294 889 2350 sacerdotio
923 2310 1040 2349 censura
1054 2297 1154 2365 ligatur
1165 2298 1212 2365 qni
1225 2313 1305 2353 secus
1316 2299 1514 2367 ingrediatur.‘

291 2386 321 2440 iu
352 2391 519 2441 caeterorum
548 2386 693 2439 utilitatem
721 2381 888 2449 insignitus,
922 2383 1074 2450 Episcopo,
1092 2388 1233 2451 tamquam
1254 2384 1514 2451 sedisapostolicae

293 2483 373 2525 sacra
387 2484 504 2525 munera
516 2472 666 2539 peragebat
679 2471 707 2523 in
720 2469 821 2523 sacello
833 2479 890 2521 mo·
922 2467 1061 2535 delegato,
1074 2469 1257 2523 demandatur
1274 2472 1408 2524 clausurae
1420 2477 1513 2525 custo·

291 2557 420 2611 nasterii.
433 2558 555 2610 Fuerunt
565 2556 648 2609 etiam
657 2553 770 2619 plurimi
784 2552 889 2606 ordinis
923 2551 989 2615 dia,
1012 2554 1061 2618 qni
1080 2553 1161 2619 punit
1184 2554 1266 2607 etiam
1292 2561 1434 2621 exemptos
1452 2568 1514 2608 eam

291 2641 480 2704 Benedictini,
500 2641 547 2707 qni
569 2647 598 2694 et
614 2644 706 2693 vetera
721 2636 888 2705 exemplaria
922 2636 1068 2691 violantes.
1080 2637 1091 2671 ¹
1103 2639 1204 2702 Quaein
1215 2639 1258 2691 his
1268 2641 1427 2707 regionibus
1440 2654 1516 2707 repe·
1562 2623 1567 2636 ’

291 2727 533 2791 transcribebant,
544 2732 572 2781 et
584 2725 712 2782 scientias
722 2738 814 2780 sacras
824 2735 891 2791 prae·
923 2720 1033 2774 riuntur
1050 2721 1157 2788 piarum
1174 2722 1349 2777 foeminarum
1366 2738 1516 2793 congrega·

292 2813 391 2868 sertim
409 2799 586 2876 excolebant,
599 2811 697 2865 litteris
714 2810 787 2878 apud
803 2809 889 2864 laicos
922 2806 1028 2871 tiones,
1054 2808 1167 2862 nomino
1193 2811 1323 2863 sororum
1347 2812 1513 2876 charitatis,

293 2900 351 2954 fere
362 2899 570 2962 vilescentibus.
914 2891 1147 2948 sanctimoniales
1169 2908 1226 2948 non
1253 2901 1335 2960 sunt,
1362 2897 1427 2963 qnia
1447 2902 1512 2952 vota

328 2988 388 3040 175.
400 2986 507 3040 Saeculo
517 2985 665 3040 undecimo
676 2985 803 3040 canonici
812 2997 889 3051 regu·
922 2982 1056 3045 perpetua
1085 2992 1141 3034 non
1156 2980 1294 3034 emittunt.
1323 2983 1515 3037 carmelitanae

294 3071 367 3125 lares
384 3071 503 3124 instituti
522 3076 601 3125 sunt:
615 3073 708 3126 clerici
722 3072 891 3126 scilicetEc-
923 3070 1016 3118 autem
1033 3070 1061 3118 θῑ
1087 3067 1203 3120 Sorores
1231 3067 1413 3133 Visifflliffltls,
1436 3071 1513 3122 SSmi

295 3156 387 3229 clesiis
405 3156 573 3223 quibusdam
586 3156 705 3221 addicti,
718 3157 800 3210 certis
814 3168 890 3210 com·
923 3151 1020 3203 cordis
1029 3153 1110 3215 lesu,
1123 3157 1150 3205 θῑ
1166 3154 1300 3208 Ursulinae
1318 3155 1513 3208 sanctimonia·

294 3241 389 3296 munis
414 3241 477 3296 vitae
501 3241 603 3309 regulis
633 3254 695 3294 sese
722 3241 888 3308 obligarunt.
922 3235 1199 3289 libusacccnsentur.

295 3328 404 3383 saeculo
426 3326 631 3382 decimotertio
655 3325 823 3388 ineunte‚s.
838 3327 890 3378 lto·
956 3322 1013 3373 t78.
1032 3323 1152 3375 Fuerunt
1169 3323 1235 3375 olim
1255 3323 1283 3375 in
1306 3324 1429 3377 Ecclesia
1455 3324 1515 3377 dio·

295 3412 416 3467 minieus
437 3412 563 3466 ordinem
583 3411 795 3464 Praedicatornm
815 3408 890 3461 insti·
921 3407 1052 3470 coosssoe,
1072 3406 1194 3462 ioeminae
1223 3410 1328 3464 scilicet
1352 3411 1516 3476 plerumque

297 3497 364 3562 tuit,
376 3503 409 3552 ut
427 3496 570 3564 Episcopis
585 3499 679 3549 essent
691 3493 808 3557 anxilio,
820 3505 890 3559 prae·
922 3493 1102 3560 provectioris
1114 3495 1212 3559 aetatis,
1223 3508 1286 3561 quae
1292 3496 1419 3563 plurimis
1429 3496 1515 3562 pieta·

297 3583 394 3636 sertim
423 3587 519 3637 contra
547 3580 673 3634 haeresim
702 3577 890 3646 albigensium
922 3578 960 3632 tis
981 3577 1111 3644 operibus
1131 3581 1275 3634 vacabant.
1297 3583 1515 3636 catechumenas

297 3672 365 3721 tnnc
381 3672 564 3736 grassantem.
594 3667 671 3721 idem
702 3666 754 3719 suh
780 3670 890 3732 tempus
923 3663 1095 3726 edocebant,
1125 3665 1271 3720 adstabant
1299 3667 1364 3720 dum
1393 3665 1516 3719 foeminae

289 3753 325 3804 ·S.
338 3753 502 3808 Franciscus
515 3752 677 3806 assisiensis
695 3753 820 3805 Fratrum
840 3748 890 3802 idi·
922 3749 1140 3816 baptizarentur,
1153 3750 1300 3805 visitabant
1311 3756 1445 3818 aegrotas,
1456 3765 1517 3804 mu·

297 3849 398 3892 norum
412 3839 537 3892 ordinem
549 3838 684 3901 instituit,
701 3841 890 3903 paupertatem
923 3835 1007 3889 lieres
1021 3835 1171 3890 Ecclesiam
1190 3837 1376 3903 ingredientes
1397 3836 1515 3902 excipie-

296 3923 400 3994 ¹Christi
422 3923 547 3976 imitandi
563 3935 656 3976 cansa.
669 3923 764 3974 Plures
778 3919 891 3973 ordines
923 3919 1006 3981 bant,
1020 3925 1048 3972 et
1064 3919 1117 3972 alia
1134 3920 1245 3986 pietatis
1264 3934 1378 3974 munera
1390 3920 1515 3974 obibant.

298 4006 432 4060 militares
462 4006 608 4060 occasione
635 4006 772 4058 bellorum
808 4015 890 4056 cruce
923 4003 986 4055 Ritu
1006 4002 1142 4067 quodhn,
1160 4004 1208 4069 qui
1228 4008 1321 4057 tamen
1342 4000 1513 4057 sacramenti

298 4091 470 4158 signatorum
493 4089 610 4144 instituti
637 4094 718 4153 sunt,
744 4086 892 4155 templarii
925 4101 983 4141 non
1007 4088 1126 4142 habehat
1152 4089 1307 4154 rationem,
1331 4089 1362 4142 in
1388 4089 1516 4143 ordinem

299 4175 423 4242 scilicet,
441 4175 549 4243 equites
564 4173 818 4242 hierosolymitani,
832 4171 891 4226 alii·
926 4174 1002 4226 illum
1013 4172 1215 4236 evehebantur,
1225 4173 1400 4240 impositione
1410 4173 1517 4228 scilicet

296 4273 362 4324 que.
441 4323 444 4342 ι
925 4272 1068 4313 manuum.
1087 4259 1139 4313 Sed
1167 4260 1225 4326 jam
1251 4258 1333 4312 desiit
1356 4271 1458 4312 nomen
1484 4265 1517 4314 ct

331 4347 390 4399 tto.
418 4346 568 4414 Regulares
589 4357 687 4401 omnes
714 4343 891 4412 castitatem,
926 4345 1046 4402 officium
1063 4345 1092 4400 in
1106 4349 1163 4400 tota
1175 4344 1305 4400 Ecclesia.

328 4605 355 4661 ut
372 4608 411 4662 Er·
424 4609 500 4652 emrr.
927 4611 1053 4654 visacum
1062 4610 1330 4656 comucuenemumv.
1339 4609 1366 4652 ss
1377 4589 1477 4651 msam?

330 4676 357 4730 (ἱ)
367 4677 420 4732 Cap.
430 4681 445 4721 i.
455 4681 482 4721 de
490 4680 526 4722 his
536 4691 584 4732 quat
592 4680 622 4724 vi.
953 4682 981 4735 (t)
989 4682 1056 4724 conc
1064 4682 1123 4724 trid
1132 4681 1191 4723 Seu.
1198 4693 1245 4723 xxv.
1253 4693 1301 4734 esp.
1310 4693 1331 4722 v.
1339 4681 1366 4722 de
1375 4680 1455 4733 ltegnl.

331 4747 360 4800 lt)
370 4749 436 4792 conc.
455 4743 514 4793 trid.
533 4751 592 4794 sen.
602 4762 648 4793 nv.
658 4749 710 4804 Cep.
725 4749 768 4792 xix.
783 4750 810 4792 de
817 4749 896 4804 ltegul.
954 4752 983 4805 (tl
991 4751 1083 4804 Gregor.
1091 4751 1134 4792 xv.
1145 4751 1220 4793 const.
1229 4750 1380 4792 inscrutabili.
