3792 5550
555 550 614 601 cle
633 549 652 599 l.
671 551 712 601 till
729 550 816 612 noda
832 550 874 600 lb
892 548 1078 601 BAPTISUUM
1095 543 1304 598 decussatim.
1504 538 1535 589 ts

320 663 422 719 christi
434 664 607 719 confessione
622 664 788 728 moriuntur,
806 668 913 717 tantum
927 695 930 700 -
946 664 1012 717 dum
1040 675 1116 716 suam
1141 663 1262 713 montem
1281 656 1370 722 magis
1391 653 1473 708 vellet
1491 664 1535 707 ex·

294 774 301 785 ·
320 750 363 803 eis
374 750 448 803 valet
463 750 499 802 ad
517 749 678 802 dimittenda
690 754 817 815 peccata,
829 761 915 814 quan·
946 750 1065 817 plicare,
1078 747 1113 801 de
1133 746 1191 800 sola
1207 742 1308 811 Spiritu
1325 740 1463 795 nativitato
1476 751 1535 793 ver·

320 842 381 890 tum
396 836 419 888 si
438 837 615 890 abluerentur
635 848 714 891 sacro
733 835 808 890 tonte
823 837 915 902 Bapti-
947 837 983 889 ba
1000 834 1121 888 iaciens:
1138 831 1240 895 «Quod
1258 834 1352 882 natum
1371 832 1457 879 estex
1476 825 1537 892 spi·

321 923 430 975 smatis.
446 922 495 985 Qui
507 922 581 974 enim
602 920 687 974 dixit:
704 941 716 968 α
735 921 764 973 Si
780 920 842 987 quis
858 934 915 974 non
949 921 1022 984 ritu,
1034 918 1145 985 spiritus
1162 920 1220 979 est,
1237 919 1286 968 tet
1296 911 1370 966 venti
1381 911 1489 975 flantis,
1505 922 1538 963 ex

325 1028 338 1055 »
356 1012 467 1060 renatus
489 1007 571 1059 tuerit
597 1019 629 1059 ex
660 1018 728 1071 aqua
758 1011 786 1059 et
813 1005 916 1071 Spiritu
949 1009 1114 1072 adaperta,
1134 1003 1177 1057 vol
1196 995 1539 1067 quo‚nescimus,addu·

326 1114 339 1140 ι
358 1098 464 1157 sancto,
479 1105 534 1145 non
555 1092 666 1146 intrabit
684 1095 710 1144 in
727 1105 841 1159 regnum
861 1105 916 1146 coe-
949 1089 1192 1151 ctasimilitudiue,
1204 1086 1281 1140 addit
1295 1100 1301 1137 :
1315 1086 1381 1138 «Sic
1395 1087 1437 1137 est
1448 1082 1538 1136 omnis

325 1199 339 1227 n
358 1179 464 1241 loram,
486 1196 497 1226 t
519 1178 572 1231 alia
600 1177 734 1231 sententia
756 1179 825 1231 istos
854 1177 917 1230 iecit
950 1180 997 1247 qui
1011 1183 1092 1232 natus
1108 1180 1149 1231 est
1171 1188 1203 1229 ax
1217 1172 1327 1241 Spiritu.
1347 1170 1390 1219 »⁸

327 1268 473 1329 exceptos,
494 1261 541 1314 ubi
560 1275 615 1315 non
640 1263 730 1315 minus
755 1262 917 1330 generaliter
983 1266 1025 1317 60.
1044 1264 1122 1329 Rcrp.
1144 1260 1233 1314 Semel
1252 1258 1385 1325 explicata
1404 1256 1538 1310 acbristo

322 1347 396 1401 'dixit
408 1362 415 1398 ε
429 1367 441 1393 α
456 1348 505 1410 Qui
520 1361 565 1400 me
577 1348 719 1401 coufessus
731 1347 813 1401 tuerit
824 1360 918 1402 coram
951 1351 1056 1405 ratione
1080 1360 1134 1415 qua
1155 1348 1217 1414 quis
1240 1345 1339 1399 iterum
1366 1348 1539 1405 nasceretur,

329 1454 343 1481 s
363 1434 535 1498 bominibus,
559 1435 710 1488 confitebor
730 1440 758 1487 et
782 1446 833 1501 ego
854 1447 918 1487 eum
946 1422 1022 1504 ¹opus
1045 1448 1102 1489 non
1119 1438 1178 1487 erat
1201 1444 1262 1486 earn
1283 1428 1540 1483 iteruminculcare.

330 1539 343 1566 s
363 1532 454 1573 coram
471 1521 549 1572 Patre
566 1521 687 1587 meoqui
707 1520 735 1573 in
749 1521 889 1574 coelisest.
904 1540 917 1567 »
953 1523 1074 1577 Perrexit
1107 1534 1171 1588 ergo
1214 1519 1359 1573 ostendere
1392 1514 1541 1569 secundam

329 1604 433 1656 litatio
450 1604 511 1657 loeo
529 1604 622 1668 :citui
639 1604 788 1671 perdiderit
799 1604 919 1657 animam
953 1609 1121 1664 nativitatem
1139 1606 1252 1659 omnino
1267 1602 1385 1669 requiri,
1399 1601 1465 1667 quin
1483 1610 1542 1653 rno-

330 1707 344 1735 »
364 1702 441 1741 Silam
463 1694 575 1756 bilimer
593 1702 654 1753 11¹³,
667 1689 788 1743 inveniet
798 1701 869 1741 eim·
882 1708 896 1735 a
911 1687 920 1721 ¹
954 1697 1020 1749 dum
1037 1696 1171 1759 repeteret
1185 1706 1192 1743 z
1206 1708 1222 1739 r<
1242 1688 1318 1753 Quod
1339 1692 1433 1740 natum
1451 1688 1543 1738 estex

363 1777 407 1827 5⁷·
419 1773 478 1840 Oli·
490 1777 530 1827 ¹5·
545 1778 581 1825 ⁰⁰
591 1773 691 1839 Sillim
704 1777 921 1840 tamquamaqua
956 1792 1055 1842 carne,
1068 1790 1131 1831 caro
1147 1780 1208 1829 est:
1222 1779 1249 1829 et
1260 1774 1334 1841 quod
1344 1778 1438 1825 natum
1456 1775 1543 1823 estex

331 1860 456 1913 Christus
469 1859 534 1911 alibi
549 1860 657 1912 locatus
670 1864 722 1921 est,
736 1858 776 1911 uti
793 1858 923 1912 certiores
957 1862 1073 1929 Spiritu,
1088 1861 1200 1927 spiritus
1213 1864 1264 1913 est.
1283 1858 1321 1907 >1⁸
1335 1861 1365 1909 lu
1377 1859 1448 1909 banc
1458 1855 1542 1909 vitam

331 1957 386 1999 nos
401 1944 466 1997 iacit
486 1947 650 1997 ioannesta
669 1944 695 1997 Si
714 1943 776 2009 duis
795 1943 861 2005 sitit,
878 1956 924 1997 ve·
957 1948 1105 2010 nascimur,
1124 1944 1313 2011 aparentibus
1326 1941 1426 2009 geniti,
1440 1940 1488 1993 sed
1511 1938 1545 1991 ad

332 2029 392 2081 aiat
403 2029 438 2080 ad
455 2042 510 2092 me,
523 2034 550 2081 et
564 2027 650 2081 bibat.
661 2029 710 2093 Qui
726 2028 813 2082 credit
826 2030 854 2081 in
867 2042 922 2094 me,
956 2034 1039 2089 pum
1069 2038 1199 2086 aerernam
1217 2027 1414 2095 capessendam
1434 2038 1467 2077 ex
1487 2023 1546 2089 Spi-

334 2114 406 2167 sicut
425 2112 491 2165 dicit
505 2113 660 2179 Scriptura,
680 2113 792 2167 tlumina
808 2114 844 2167 de
860 2127 924 2169 ren·
957 2121 1010 2173 ritu
1039 2132 1185 2173 nascamur
1208 2118 1325 2182 oportet.
1356 2110 1442 2165 bivini
1473 2108 1546 2161 illius

334 2206 377 2253 lle
395 2200 454 2265 eius
471 2199 556 2251 fluent
568 2213 647 2265 a<luae
666 2200 744 2259 vivae.
758 2203 816 2255 lloc
833 2206 924 2253 autem
958 2204 1073 2272 spiritus
1089 2204 1117 2256 in
1130 2202 1260 2256 cordibus
1280 2198 1382 2252 nostris
1401 2201 1492 2250 motus
1504 2207 1547 2248 ex·

336 2284 403 2338 dixit
415 2285 449 2338 de
464 2284 576 2350 Spiritu,
588 2297 667 2351 quem
687 2284 825 2350 accepturi
846 2289 925 2338 erant
957 2290 1086 2358 perimur,
1100 2288 1168 2356 quin
1177 2300 1273 2342 eorum
1285 2291 1424 2339 auctorem
1438 2292 1547 2347 semper

336 2372 479 2425 credentes
492 2372 520 2423 in
532 2385 596 2427 eum
614 2388 621 2423 :
637 2374 759 2425 nondum
775 2372 847 2426 enirn
867 2376 926 2425 erat
959 2387 1150 2441 agnoscamus.
1176 2373 1219 2426 Sic
1244 2371 1320 2425 omni
1338 2369 1385 2436 qui
1405 2373 1486 2421 natus
1505 2370 1547 2420 est

337 2456 452 2523 Spiritus
463 2458 558 2521 datus,
567 2459 631 2525 quia
641 2461 722 2513 iesus
732 2459 857 2513 nondum
867 2463 926 2512 erat
959 2474 992 2515 ex
1001 2458 1099 2527 Spiritu
1117 2457 1272 2524 contingit,
1286 2455 1390 2509 scilicet
1408 2454 1478 2507 miro
1492 2451 1548 2517 Spi-

337 2542 515 2609 glorificatus.
529 2561 545 2591 a
561 2543 573 2577 ¹
960 2547 1029 2600 ritus
1044 2558 1126 2612 opere
1138 2545 1169 2597 tit
1181 2544 1253 2596 tilius
1266 2542 1323 2596 liei.
1337 2541 1377 2593 dd
1388 2540 1462 2593 venti
1476 2538 1549 2591 siml·

370 2627 413 2679 58.
432 2628 558 2694 despue
573 2627 674 2694 Spiritu
692 2629 926 2694 dirin0,np0sto·
960 2631 1102 2685 titudinem
1125 2629 1199 2697 quod
1230 2629 1342 2690 attinet,
1365 2636 1421 2678 non
1443 2626 1550 2677 constat

340 2712 384 2765 ¹0⁸
402 2714 565 2779 replente,a
582 2727 637 2782 <tuo
654 2716 736 2769 veluti
753 2716 853 2770 aiente
871 2727 929 2768 coe-
961 2730 1057 2774 rocem
1077 2716 1191 2784 opimius
1211 2720 1322 2769 uentum
1344 2723 1377 2766 eo
1400 2709 1453 2763 loci
1474 2707 1548 2761 desi·

340 2799 418 2852 lestis
444 2800 574 2855 doctrinae
597 2815 675 2868 aquae
696 2803 829 2868 fluerent,
851 2805 928 2856 Cbri·
962 2817 1063 2872 gnare,
1077 2816 1161 2870 quum
1182 2800 1274 2868 potius
1286 2813 1319 2854 ex
1331 2797 1401 2853 serie
1417 2795 1548 2851 orationis

340 2889 399 2937 stus
417 2883 524 2939 loeutus
544 2892 595 2941 est.
614 2888 706 2954 ipsum
725 2889 855 2955 Spiritum
872 2903 928 2944 aon
963 2891 1036 2944 idem
1050 2888 1166 2955 Spiritus
1182 2887 1284 2953 dequo
1296 2897 1358 2939 mox
1373 2882 1550 2939 locutustue·

340 2970 536 3037 dictandam,
550 2974 600 3026 sed
610 2974 732 3027 coelestia
744 2975 817 3028 dona
828 2974 929 3041 quibus
962 2981 1009 3030 rat.
1022 2975 1145 3028 cbristus
1162 2973 1197 3026 sit
1215 2969 1408 3038 intelligendus
1419 3009 1426 3032 ,
1439 2980 1552 3034 praeser-

340 3056 499 3121 credentes‚
522 3060 674 3125 praesertim
692 3060 813 3125 Apostoli
825 3098 833 3124 ,
846 3073 930 3126 auge·
963 3062 1011 3114 tim
1030 3073 1115 3127 quum
1129 3059 1257 3115 voluntas
1273 3057 1298 3109 ei
1314 3055 1465 3116 tribuatur,
1487 3063 1551 3119 qaae

341 3146 451 3206 rentur,
475 3144 570 3208 aquis,
598 3145 699 3210 quibus
728 3145 930 3198 ioeoundaretur
963 3150 1060 3210 vento,
1074 3145 1126 3198 nisi
1141 3156 1224 3198 seusu
1237 3141 1329 3194 miuus
1341 3138 1464 3206 proprio,
1478 3137 1551 3190 baud

341 3226 417 3280 orbis
435 3232 586 3288 terrarum,
604 3228 749 3281 adsimilat.
763 3232 826 3282 llaeo
846 3231 930 3295 ligura
965 3230 1101 3284 convenit.
1116 3229 1155 3281 lta
1172 3227 1310 3293 plerisque
1327 3223 1451 3277 Patribus
1462 3222 1553 3274 visum

341 3325 374 3366 ex
397 3312 468 3364 serie
486 3309 619 3364 orationis
638 3312 705 3362 satis
718 3318 793 3375 patet
811 3327 818 3362 ε
838 3314 933 3365 sitien·
966 3319 1018 3367 est.
1031 3313 1108 3375 Quod
1125 3313 1148 3364 si
1167 3313 1371 3374 daryscstomo
1383 3307 1482 3371 cyrillo
1493 3305 1555 3356 nle-

343 3397 488 3449 tamenim
512 3394 547 3446 ad
571 3392 723 3447 sevocavit
745 3393 887 3458 cbristus,
904 3400 934 3448 ut
967 3394 1118 3459 xandrino,
1136 3393 1251 3458 aliisque
1270 3405 1302 3446 ex
1320 3390 1473 3454 veteribus,
1491 3401 1554 3444 cum

341 3481 465 3540 biberet,
478 3476 617 3532 credendo
629 3478 734 3532 scilicet
750 3478 871 3534 divinam
881 3481 933 3534 do·
967 3486 1022 3535 tota
1035 3479 1114 3534 turba
1131 3477 1281 3532 recentium
1295 3476 1473 3544 interpretum
1491 3487 1555 3542 pro·

342 3565 460 3620 ctrinam
473 3563 612 3629 hauriret,
625 3565 700 3618 etita
713 3566 773 3619 aliis
789 3568 848 3632 ipse
858 3568 933 3622 tieret
967 3568 1183 3630 testanticorum,
1194 3565 1384 3628 assentiamur,
1398 3564 1471 3619 venti
1483 3575 1557 3618 com-

342 3655 406 3708 icus
420 3654 526 3708 salutis.
544 3655 708 3709 Praedixerat
725 3656 808 3709 isaias
821 3670 854 3708 t«
867 3660 934 3710 ilau-
967 3655 1136 3723 parationem
1161 3651 1217 3706 illic
1238 3651 1468 3720 agnoscentibus,
1487 3649 1555 3703 nibil

344 3739 421 3793 rietis
440 3752 525 3806 aquas
538 3740 566 3792 in
582 3742 682 3807 gaudio
695 3742 730 3796 de
742 3742 866 3796 tontibus
881 3745 933 3796 sal·
968 3743 1031 3796 inde
1049 3747 1144 3796 contra
1164 3752 1242 3806 aquae
1255 3738 1457 3801 necessitatem,
1470 3749 1556 3803 quum

344 3826 467 3889 tatoris,
490 3843 506 3872 >a
532 3823 544 3858 ⁸
567 3826 692 3879 homines
723 3827 756 3879 ad
784 3828 934 3881 bibendum
968 3829 1094 3883 nativitas
1116 3827 1215 3893 Spiritu
1239 3827 1300 3890 liat,
1318 3825 1411 3894 gratiae
1435 3823 1556 3878 motibus

345 3914 490 3964 vocaverat
514 3925 521 3960 ε
544 3930 557 3956 α
580 3913 681 3964 Omnes
698 3912 934 3978 sitientesuenite
968 3914 1100 3977 occultis,
1113 3914 1162 3966 sed
1181 3925 1251 3978 aqua
1263 3911 1346 3966 veluti
1363 3911 1555 3963 instrumento.

347 3996 382 4050 ad
400 4009 494 4063 aquas.
511 4017 523 4044 s
541 3996 558 4032 -⁴
579 4000 710 4051 l’raeterea
740 4000 873 4064 explicata
894 4006 937 4052 est
970 4001 1014 4054 Sic
1033 3998 1147 4066 cyrillus
1164 3996 1362 4050 Alexandrinus
1384 4007 1400 4048 a
1420 3997 1502 4048 vento
1521 3991 1555 4044 ad

346 4082 433 4148 ligura
445 4083 480 4135 ab
493 4083 682 4150 Evangelista,
700 4084 747 4149 qui
759 4091 850 4138 tamen
869 4083 936 4135 nibil
970 4084 1085 4150 Spiritus
1107 4081 1193 4136 sancti
1214 4081 1333 4134 adlatum
1353 4077 1495 4131 transitum
1514 4087 1558 4142 ag·

348 4167 415 4220 dixit
439 4156 495 4234 quo
518 4181 589 4235 aqua
610 4167 696 4234 priori
709 4169 780 4222 ‘loco
807 4167 937 4235 spiritum
972 4167 1060 4222 noscit
1082 4181 1119 4218 r«
1136 4165 1271 4231 Exemplis
1291 4175 1356 4230 ergo
1377 4166 1404 4215 et
1423 4160 1509 4228 ligura
1529 4161 1557 4214 in

348 4258 474 4307 sanctum
489 4254 655 4321 designaret.
829 4272 832 4278 ·
971 4251 1154 4319 cognitionem
1202 4249 1365 4303 Nicodamus
1405 4246 1557 4302 deducitur.

380 4341 422 4392 bt).
435 4338 494 4405 Oti.
513 4340 553 4391 tl.
572 4340 695 4394 cbristus
717 4352 817 4406 aquarn
840 4338 934 4404 siluit,
970 4335 1167 4405 Spiritusenim
1179 4335 1239 4402 bic,
1253 4334 1299 4400 ait,
1314 4347 1426 4398 aereus,
1441 4347 1489 4400 per
1503 4331 1560 4386 uni·

380 4621 406 4672 (t)
419 4621 450 4662 De
457 4621 503 4663 Cir·
511 4621 549 4662 liei
559 4622 574 4662 Ι.
581 4621 625 4663 xiii.
635 4633 654 4663 e.
664 4622 702 4666 rii.
999 4621 1028 4674 (a)
1043 4619 1124 4662 ibidem
1141 4620 1168 4661 lv.
1185 4619 1201 4659 i.

378 4692 406 4742 (t)
419 4691 480 4732 toan.
493 4691 530 4732 rii.
540 4696 572 4733 88.
931 4727 935 4731 ,
1000 4693 1026 4742 (s)
1040 4691 1100 4730 ioan.
1110 4687 1141 4729 iii.
1151 4693 1169 4729 o.
1180 4694 1199 4729 S.

379 4760 405 4811 (t)
419 4759 479 4801 leniat
491 4759 528 4800 xil.
537 4762 557 4800 ὅ.
1002 4759 1028 4812 (a)
1042 4758 1123 4800 ibidem
1138 4757 1170 4799 iii.
1179 4764 1197 4799 t.
