3792 5550
623 570 690 619 CAP.
713 571 731 618 l.
752 571 793 622 bu
811 573 1014 625 stcEAnEA‘Tl
1033 573 1204 625 VEElTATE.
1471 575 1525 626 “299

310 684 335 731 el
358 692 448 732 secum
469 680 539 732 ferre
561 687 742 745 peccatorum.
757 685 896 740 remissio·
930 688 982 740 sub
1001 688 1089 754 ipsum
1113 688 1175 741 vitae
1187 687 1302 751 exitum,
1317 702 1401 753 quum
1418 688 1478 741 aliis
1492 689 1523 741 in

311 777 380 815 nem.
930 775 1007 837 gravi
1025 785 1198 839 quocumque
1217 774 1281 824 vitae
1300 773 1458 826 discrimine
1476 775 1523 826 da-

340 854 365 901 5.
397 854 424 902 S.
459 854 686 919 chrysostomus,
720 858 895 911 sacerdotum
931 863 1016 911 retur.

309 948 370 1001 erga
382 937 551 990 laborantem
566 946 593 992 et
612 941 692 993 morti
708 942 821 1008 jamjam
833 957 896 1009 pro·
964 945 988 992 7.
1009 945 1109 996 Auctor
1130 943 1276 1008 antiquus,
1290 945 1335 1010 qui
1349 947 1373 995 S.
1388 946 1522 998 Caesarius

310 1023 438 1088 pinquam
450 1025 570 1078 animam
584 1027 672 1080 oiiicia
685 1030 806 1081 extollit:
821 1051 833 1075 ι
848 1034 897 1083 Ee·
930 1027 1096 1079 Arelatensis
1110 1028 1417 1093 aplerisqueoeusetur‚
1431 1030 1518 1084 dicit:

309 1120 360 1170 que
382 1109 453 1159 euim
465 1111 554 1161 solum
567 1125 629 1164 oum
648 1125 699 1166 nos
714 1121 895 1180 regenerant,
933 1113 1075 1175 «Quoties
1099 1114 1189 1180 aliqua
1217 1115 1358 1167 iufirmitas
1394 1129 1522 1180 superve-

311 1191 356 1243 sed
373 1199 468 1257 posteo
487 1195 569 1246 etiam
590 1197 897 1252 condonandorumno-
930 1198 1018 1260 uerit,
1052 1211 1151 1264 eorpus
1175 1204 1202 1251 et
1231 1201 1391 1266 sanguinem
1422 1201 1521 1255 Christi

310 1276 350 1327 bis
376 1283 548 1341 peccatorum
573 1280 728 1333 facultatem
749 1283 894 1336 obtinent:
930 1283 991 1347 ille,
1012 1286 1059 1348 qui
1082 1288 1214 1350 aegrotat‚
1234 1285 1348 1351 accipiat
1372 1301 1379 1336 :
1402 1292 1429 1338 et
1457 1285 1524 1338 inde

314 1360 503 1425 «infirmatur,
520 1364 655 1431 uinquit,
672 1386 685 1411 ε
702 1367 897 1421 intervosali-
930 1370 1123 1434 corpusculum
1154 1385 1234 1423 suum
1271 1376 1369 1438 ungat,
1399 1380 1429 1424 ut
1454 1372 1521 1423 illud

310 1464 322 1488 r
341 1446 419 1510 urrist
431 1455 554 1501 accersat
565 1451 739 1517 presbyteros
753 1439 895 1518 Ecclesiae,
931 1455 1004 1519 quod
1023 1455 1153 1520 scriptum
1175 1461 1216 1508 est
1244 1456 1390 1520 impleatur
1413 1456 1440 1507 in
1468 1468 1521 1529 eoq

310 1551 321 1574 r
340 1538 366 1582 et
376 1539 454 1584 orent
470 1548 649 1600 supereum,
671 1542 807 1604 ungentes
833 1553 895 1591 eum
933 1559 945 1583 r
959 1539 1112 1591 infirmatur
1123 1541 1243 1612 aliquis?
1261 1540 1371 1594 inducat
1382 1541 1522 1606 presbyte-

309 1618 408 1670 »oleo
429 1617 466 1665 »¹
488 1620 897 1694 igitur-Cluysostomiquoque
920 1645 944 1671 -n
966 1639 1029 1688 ros,
1061 1632 1112 1679 etc.
1133 1647 1145 1673 r
1168 1627 1278 1689 Videte,
1304 1627 1416 1690 iratres,
1444 1628 1522 1692 quia,

307 1707 383 1755 aetate
400 1704 470 1756 ritus
490 1708 671 1774 peragebatur
693 1710 777 1763 veluti
795 1725 896 1764 munus
931 1711 978 1776 qui
999 1712 1026 1763 in
1039 1711 1195 1766 inllrmitato
1206 1714 1238 1766 ad
1250 1715 1397 1766 Ecclesiam
1409 1727 1521 1767 concur-

306 1791 448 1843 sacerdotii
476 1794 615 1845 christiani
653 1802 827 1860 peccatorum
850 1811 896 1850 ue·
930 1795 1012 1859 rerit,
1027 1802 1054 1848 et
1067 1798 1189 1863 corporis
1214 1801 1358 1850 sanitatem
1380 1801 1520 1865 recipcre,

305 1876 374 1933 niam
388 1876 519 1930 afferens.
931 1889 959 1934 et
973 1889 1144 1948 peccatorum
1158 1883 1354 1950 indulgentiam
1373 1885 1524 1937 merebitur
1603 1919 1606 1926 ·

335 1963 395 2014 ds.
414 1965 593 2018 innocentius
606 1967 624 2016 l.
641 1968 783 2021 consultus
795 1971 830 2022 ab
845 1973 896 2023 Eu·
931 1968 1064 2021 obtinere.
1090 1987 1106 2017 u
1126 1969 1136 2002 ὅ
1160 1972 1223 2022 llaec
1255 1971 1379 2034 corporis
1418 1969 1520 2021 sanitas

305 2047 404 2110 gudino
434 2050 590 2116 Episcopo,
622 2055 770 2117 decentio,
804 2063 896 2108 utrum
931 2055 1004 2106 baud
1026 2055 1094 2108 adeo
1119 2063 1191 2108 certa
1210 2062 1270 2118 est,
1297 2069 1381 2121 uuum
1403 2056 1520 2121 pendeat

306 2133 441 2199 Episcopo
459 2137 613 2189 Extremam
640 2139 799 2192 linctionem
819 2142 897 2193 mini·
930 2141 1044 2193 omnino
1062 2155 1094 2193 en
1120 2141 1165 2194 bei
1185 2142 1341 2204 voluntate,
1364 2144 1520 2194 neosacra·

305 2223 388 2270 strare
412 2222 591 2286 conveniret,
625 2225 788 2290 plerumque
822 2232 894 2279 enim
929 2227 1014 2278 menti
1028 2228 1063 2281 sit
1072 2228 1185 2281 effeetus
1198 2228 1366 2294 praecipuus,
1381 2227 1429 2280 sed
1439 2234 1520 2292 prout

306 2316 320 2353 a
342 2306 532 2359 sacerdotibus
559 2308 689 2372 dabatur,
725 2313 868 2377 respondit
887 2328 894 2363 :
930 2311 965 2363 ad
980 2312 1026 2364 bei
1038 2313 1152 2380 gloriam
1171 2321 1198 2366 et
1219 2314 1317 2365 animae
1328 2315 1442 2366 salutem
1456 2327 1521 2378 pro·

308 2407 320 2431 r
332 2392 388 2442 Non
400 2398 444 2443 est
456 2392 570 2444 dubium
590 2394 680 2457 (uerbo
701 2396 807 2459 iacobi)
820 2396 855 2450 de
868 2397 897 2448 li·
931 2399 978 2449 sit.

305 2473 410 2527 delibus
423 2479 620 2542 aegrotantibus
629 2479 714 2546 accipi
726 2483 769 2535 vel
781 2483 896 2549 intelligi
965 2482 989 2531 8.
1000 2482 1166 2535 venerabilis
1190 2483 1259 2535 Beda
1281 2478 1314 2534 in'
1329 2483 1423 2536 iacobi
1444 2483 1520 2535 testi-

304 2558 469 2625 debere‚qui
482 2568 577 2615 saneto
591 2565 653 2617 oleo
665 2565 820 2618 chrismatis
834 2582 897 2632 per·
933 2565 1057 2617 monium
1080 2568 1176 2618 scribit
1194 2582 1200 2616 :
1221 2585 1236 2614 r<
1253 2570 1308 2619 lloc
1332 2574 1359 2619 et
1375 2569 1523 2632 Apostolos
1568 2599 1571 2604 -

304 2647 366 2711 uugi
394 2653 536 2710 possuntt
559 2681 566 2698 .
588 2688 593 2698 .
616 2687 622 2699 .
644 2652 803 2703 «caeterum
830 2653 896 2705 illud
930 2648 1046 2712 iecisse,
1060 2649 1087 2701 in
1101 2651 1246 2716 Evangelio
1260 2651 1393 2716 legimus,
1412 2658 1521 2703 etnunc

301 2729 470 2794 superlluum
495 2731 621 2785 videmus
640 2735 794 2801 adjectum,
814 2743 843 2791 ut
862 2739 897 2792 de
923 2734 1060 2802 Ecclesiae
1071 2735 1241 2789 consuetudo
1259 2741 1351 2799 tenet,
1371 2743 1399 2787 ut
1420 2733 1521 2788 infirmi

302 2813 439 2879 Episcopo
453 2816 623 2883 ambigatur,
643 2822 716 2884 quod
730 2824 896 2889 presbyteris
930 2818 992 2871 oleo
1014 2825 1175 2873 consecrato
1202 2825 1338 2887 ungantur
1362 2834 1376 2873 a
1406 2820 1521 2887 presby-

302 2899 385 2951 ucere
406 2911 462 2952 non
490 2901 604 2954 dubium
632 2910 683 2957 est.
703 2908 768 2958 uani
794 2908 896 2962 idcirco
930 2904 1012 2965 reris,
1036 2912 1063 2957 et
1092 2905 1215 2959 oratione
1240 2906 1388 2959 comitante
1421 2920 1519 2960 sanen-

303 2983 337 3035 de
355 2984 522 3050 presbyteris
543 2988 645 3040 dictum
671 2997 731 3055 est,
751 2992 814 3057 quia
836 2994 896 3059 Epi·
930 2989 1025 3041 tur.»⁴

303 3070 395 3134 scopi,
408 3071 633 3136 occupationibus
645 3075 705 3127 aliis
715 3076 847 3143 impediti,
861 3080 895 3131 ad
963 3078 988 3127 9.
1002 3077 1141 3130 Probatur
1160 3079 1186 3127 5.
1208 3090 1243 3129 eu
1265 3077 1343 3130 libris
1361 3076 1517 3129 ritualibus.

304 3167 398 3207 omues
417 3157 561 3222 languidos
577 3158 617 3211 ire
635 3173 690 3213 uon
701 3168 826 3226 possunt.
839 3167 896 3215 Gae-
929 3162 1174 3213 sacramentarium
1205 3163 1230 3211 S.
1251 3160 1373 3227 Gregorii
1398 3164 1432 3211 Μ.
1450 3174 1520 3225 prae·

304 3246 392 3292 terum
410 3242 433 3291 si
457 3242 610 3307 Episcopus
624 3250 784 3309 autpotest‚
798 3248 896 3298 autdi·
928 3245 1025 3297 scribit
1047 3246 1101 3297 olei
1119 3244 1338 3296 benedictionem
1361 3244 1395 3296 ab
1408 3244 1520 3307 Episco-

303 3339 385 3389 gnum
399 3326 474 3378 ducit
495 3327 614 3392 aliquem
633 3341 691 3381 ase
708 3329 894 3394 visitandum,
928 3342 982 3395 po,
1004 3335 1031 3382 et
1044 3342 1139 3395 preces
1156 3328 1308 3380 recitandas
1331 3328 1458 3394 ungendo
1478 3328 1518 3379 in-

302 3416 329 3460 et
346 3409 525 3475 benedicere,
554 3418 582 3463 et
611 3418 723 3479 tangere
748 3414 895 3468 chrismate
928 3413 1047 3466 tirmum.
1062 3414 1244 3466 intercutem
1262 3413 1376 3465 dicitur:
1392 3414 1523 3465 «conou-

301 3493 360 3546 siue
373 3497 548 3547 cunctatione
556 3503 656 3561 potest,
667 3500 745 3565 eujus
755 3499 894 3565 estipsum
920 3521 941 3546 a
962 3501 996 3551 de
1016 3507 1045 3551 ut
1067 3498 1201 3551 medelam
1228 3504 1302 3550 tuam
1321 3510 1375 3549 non
1387 3497 1476 3548 solum
1490 3498 1519 3548 in

301 3579 420 3631 chrisma
445 3580 590 3633 conticere.
609 3585 675 3633 Nam
700 3572 895 3649 penitentibus
917 3606 941 3632 «ι»
955 3598 1086 3650 corpore,
1098 3584 1237 3636 sedetiam
1251 3584 1278 3635 iu
1291 3583 1380 3635 anima
1391 3584 1516 3635 sentiat.»

306 3663 380 3716 istud
400 3664 506 3716 infundi
531 3678 586 3718 uon
605 3672 711 3733 potest,
731 3670 794 3735 quia
808 3683 894 3736 genus
962 3674 1002 3723 ltl.
1032 3670 1113 3723 Liber
1141 3668 1335 3735 poenitentialis
1362 3668 1520 3730 Theodori,
1570 3722 1571 3725 ,

303 3755 344 3800 est
373 3752 547 3803 sacramenti.
572 3755 637 3804 Eam
663 3755 764 3820 quibus
789 3758 893 3823 reliqua
927 3754 1131 3810 cantuariensis
1148 3752 1369 3820 Arclriepisoopi‚
1384 3752 1521 3818 quinono

303 3820 476 3887 Sacramenta
490 3845 633 3903 negantur,
652 3842 792 3906 quomodo
807 3857 890 3896 uuum
928 3843 1031 3894 saeculo
1045 3845 1161 3893 exeunte
1175 3839 1284 3901 floruit,
1298 3839 1414 3904 injungit
1432 3852 1438 3887 :
1456 3839 1521 3889 «Ab
1570 3912 1572 3915 Ι

306 3932 391 3983 genus
416 3925 527 3984 putatur
551 3934 634 3985 posse
657 3926 813 3977 concedit»
827 3927 838 3960 ¹
852 3928 893 3978 ul·
927 3926 1043 3979 infirmis
1058 3926 1084 3975 in
1099 3924 1220 3990 periculo
1229 3924 1325 3977 mortis
1344 3923 1440 3988 positis
1449 3937 1516 3986 pura

305 4012 436 4067 dustrem
449 4004 588 4056 indubiam
597 4006 716 4059 habitam
728 4022 790 4061 esse
800 4012 893 4063 iacobi
928 4015 971 4061 est
983 4008 1142 4073 inquirenda
1153 4007 1289 4060 confessio
1305 4013 1488 4073 peccatorum.
1508 4044 1517 4057 .

303 4089 387 4142 verba
403 4089 438 4141 de
459 4090 658 4155 aegrotantibus
678 4092 891 4147 fidelibusiutel·
930 4133 937 4145 .
959 4132 965 4143 .
986 4131 993 4143 .
1013 4098 1040 4145 et
1058 4090 1209 4145 secundum
1227 4092 1417 4143 auctoritatem
1435 4103 1517 4144 cano·

302 4172 412 4238 ligenda
424 4185 494 4234 esse,
510 4180 538 4226 et
566 4173 648 4225 ritum
661 4181 746 4230 totam
755 4177 807 4229 vim
818 4192 895 4232 suam
929 4179 1035 4241 nicam,
1049 4190 1084 4229 ne
1094 4175 1149 4227 illis
1163 4176 1246 4241 janua
1258 4174 1366 4241 pietatis
1378 4175 1469 4227 clausa
1478 4176 1517 4228 vi-

302 4258 430 4311 retinere.
454 4258 644 4311 punitentiam
664 4262 800 4326 publicam
813 4277 895 4330 agen·
929 4264 1044 4325 deutur,
1065 4260 1234 4314 orationibus
1245 4268 1272 4313 et
1283 4260 1521 4315 consolationibus

302 4341 376 4395 tibus
395 4356 451 4396 non
472 4344 610 4397 dabatur:
628 4358 643 4398 a
656 4348 892 4402 sacramentorum
928 4347 1122 4403 ecclesiasticis
1136 4360 1216 4400 sacra
1224 4346 1353 4400 unctione
1368 4336 1423 4399 'olei
1437 4346 1516 4399 inun-

301 4430 374 4485 euim
399 4432 574 4496 perceptione
599 4433 822 4499 prohibebantur,
842 4436 895 4488 uisi
930 4436 988 4500 eti,
1009 4434 1159 4488 secundum
1181 4439 1281 4487 statuta
1300 4438 1454 4487 sauctorum
1467 4436 1516 4487 Pa·

331 4691 358 4741 lt}
369 4692 392 4731 Ι..
400 4692 430 4733 iii.
440 4695 466 4733 de
476 4694 598 4735 sacerdotio
608 4708 628 4737 c.
636 4696 664 4738 ri.
953 4698 1055 4749 (aldeam.
1065 4708 1123 4739 cerv.
1134 4697 1160 4737 de
1168 4699 1270 4753 Tempore
1278 4699 1332 4739 inter
1339 4698 1517 4750 Augustiniauost

330 4760 357 4810 lt)
368 4761 407 4811 Ep.
420 4763 446 4801 ad
456 4762 589 4804 mouns.
952 4768 978 4820 (t)
990 4767 1102 4810 commin
1113 4769 1191 4809 locum.
