3792 5550
368 560 418 612 ως
665 553 768 606 rtrlcr
801 552 862 602 xm.
883 551 923 602 oa
943 549 1094 603 exrcent
1111 553 1283 606 uucrtorn.

369 686 436 730 tunc
450 673 562 740 quidem
572 676 683 724 sanatos
695 668 780 720 inisse
791 665 959 720 credendum
995 668 1069 720 l'asc.
1090 668 1117 720 ii.
1138 684 1164 734 p.
1184 670 1245 733 528)
1270 667 1345 734 quod
1369 665 1591 733 presbyterorum

370 753 727 828 manutenementum*
993 754 1118 806 Ecclesiae
1144 767 1245 808 nomen
1272 754 1300 806 in
1326 753 1390 807 novi
1420 754 1591 806 Testamenti

401 849 445 898 dl.
464 844 523 909 otj.
541 847 593 896 dx«
606 844 718 895 Sacrum
730 839 810 892 ritum
822 836 960 890 tinctionis
995 839 1072 892 libris
1086 853 1194 905 semper
1217 839 1252 892 de
1268 838 1335 893 viris
1358 840 1385 892 in
1403 839 1526 892 Ecclesia
1538 839 1594 906 pri·

370 934 600 994 terroremue
621 926 761 980 morituris
776 925 832 992 jam
853 922 961 988 impen-
994 923 1106 986 mariis,
1124 923 1264 990 iisquevel
1284 924 1425 988 magistris
1439 925 1485 978 rel
1497 925 1594 991 praesi·

371 1018 460 1079 ditur‚
472 1015 585 1068 minime
606 1026 640 1066 ex
661 1013 714 1066 lroe
732 1012 795 1063 loco
817 1021 900 1074 posse
910 1007 962 1059 de·
994 1008 1076 1063 dinus
1089 1016 1247 1076 usurpetur,
1259 1010 1293 1057 ι·
1312 1013 1350 1063 Ex
1361 1025 1416 1064 usu
1428 1011 1514 1078 igitur
1527 1012 1594 1064 scri-

371 1100 518 1155 monstrari
533 1098 613 1152 leeile
625 1103 718 1164 patet;
731 1097 962 1148 commemoratur
994 1101 1102 1160 ptorum
1124 1097 1190 1150 Nori
1214 1099 1381 1150 Testamenti
1394 1137 1401 1158 ‚
1416 1102 1445 1150 et
1465 1098 1591 1150 omnium

371 1188 446 1241 enlm
462 1185 650 1248 adjumentum
661 1180 871 1241 sanitatis‚non
891 1189 961 1242 prte-
994 1179 1042 1245 qni
1066 1191 1122 1232 rem
1150 1181 1322 1234 illustrarunt
1352 1182 1535 1234 christianam
1556 1183 1591 1234 ab

372 1271 472 1326 sidium
497 1276 526 1324 et
547 1270 736 1335 adjumentum
762 1263 886 1330 pacatius
903 1273 961 1314 rno-
994 1267 1073 1322 initio
1082 1267 1388 1335 ltcclesioe‚presl)yteri
1398 1268 1592 1334 intelliguntur

372 1357 471 1410 riendi.
485 1353 730 1408 »tltosenmiillen
994 1353 1163 1406 sacerdotes.
1197 1353 1330 1419 Equidem
1365 1365 1484 1406 munera
1513 1365 1591 1406 seem

404 1444 447 1495 25.
468 1442 548 1506 ltesp.
569 1439 608 1491 dd
629 1437 745 1490 salntem
769 1433 868 1486 animae
890 1436 962 1497 dpo·
994 1438 1049 1490 illis
1058 1439 1277 1504 planeatacolro
1287 1438 1481 1505 adsignantur,
1491 1451 1591 1504 nempe

372 1529 436 1582 stoli
453 1527 536 1580 verba
559 1523 676 1576 maxime
693 1520 848 1573 reseruntur
866 1532 874 1568 :
897 1527 962 1569 nam
995 1523 1146 1578 orationem
1162 1524 1315 1578 solemnem
1333 1523 1465 1586 fundere,
1484 1535 1590 1576 sacram

373 1611 498 1666 remissio
514 1614 687 1675 peccatorum
706 1606 760 1657 one
777 1605 858 1670 plane
879 1599 963 1668 pcrti-
995 1609 1125 1662 adhibere
1143 1610 1319 1666 unctionem,
1336 1609 1391 1662 lieo
1408 1609 1592 1670 invocato‚et

373 1703 435 1758 net·
452 1701 480 1748 θῑ
491 1694 604 1747 terbum
617 1711 684 1742 Μ’
701 1691 816 1743 salutem
829 1686 903 1752 apud
920 1689 961 1739 ³³·
995 1699 1170 1759 peecatorum
1197 1695 1323 1760 excipere
1352 1693 1560 1748 confessionem
1580 1731 1589 1757 ‚

372 1782 473 1835 conum
495 1778 597 1845 passim
619 1777 746 1844 designat
764 1791 771 1826 ι
789 1793 806 1822 α
825 1771 962 1838 Numquid
995 1778 1158 1832 remissione
1175 1791 1273 1832 eornm
1286 1790 1370 1844 opera
1381 1779 1457 1830 data.

374 1867 474 1935 poterit
491 1866 559 1918 odes
575 1867 680 1918 sumere
693 1863 775 1916 euml
790 1862 822 1923 pt
837 1865 932 1910 etiem
952 1865 963 1905 t
1029 1867 1070 1917 28.
1091 1865 1151 1931 ooj.
1170 1869 1194 1919 5.
1218 1887 1230 1912 t
1249 1867 1326 1930 Quod
1352 1866 1426 1932 apud
1454 1867 1591 1920 iacobum

374 1960 452 2008 stom
463 1965 536 2004 aaran
548 1954 625 2014 torte
642 1952 653 1985 θ
673 1954 727 2004 t'or
747 1948 815 2018 tpip·
834 1945 963 2001 amarit
995 1951 1161 2018 presbyteros
1179 1955 1396 2018 interpretantur
1417 1952 1591 2014 sacerdotes,

374 2043 409 2094 ad
427 2040 510 2094 animi
522 2041 646 2092 levamen
658 2050 713 2089 non
727 2036 819 2100 inepte
834 2032 961 2092 retertur,
996 2043 1024 2090 et
1036 2038 1171 2103 pluentem
1184 2051 1331 2091 numerum
1349 2038 1384 2090 ad
1398 2038 1529 2091 decorem
1542 2049 1594 2104 po-

374 2120 694 2183 latenteseltleusnero‘
706 2119 831 2185 quamtis
843 2116 964 2168 nilvelel
996 2121 1079 2174 situm
1099 2129 1254 2189 nugantur,
1267 2121 1351 2176 nimis
1374 2122 1500 2176 frivolum
1529 2129 1592 2176 est:

374 2225 435 2264 eam
447 2207 615 2273 decerperis
624 2206 782 2272 adjumento
794 2202 962 2267 intelligere,
996 2206 1156 2271 quasivero
1171 2207 1301 2260 Ecclesiae
1318 2220 1353 2261 eo
1365 2214 1490 2274 ternpore
1510 2209 1595 2261 sacri·

375 2295 449 2361 quod
470 2294 539 2345 ritus
568 2292 612 2344 tric
641 2303 718 2342 sacer
742 2292 869 2353 praestat,
887 2286 964 2350 iuxta
997 2289 1110 2344 ficorum
1130 2291 1303 2344 examinibus
1321 2292 1504 2356 abundarint,
1517 2299 1548 2346 ut
1564 2294 1593 2346 in

375 2379 528 2445 sapientem
546 2376 592 2428 lici
605 2373 804 2432 oecotlomiam.
826 2369 963 2436 supremis
996 2376 1078 2442 longa
1101 2390 1200 2443 pompa
1226 2377 1377 2443 procedere
1399 2379 1540 2444 potuerint
1557 2382 1592 2432 ad

375 2467 435 2531 ⁰1⁰⁸
462 2461 586 2516 wsstiffis
610 2463 750 2512 mimam·
775 2458 836 2522 lllsse
860 2456 964 2508 Roseu-
995 2461 1139 2514 terendum
1161 2463 1231 2516 sacri
1247 2464 1301 2517 olei
1324 2464 1593 2518 torculum.›¹cal·

375 2551 475 2607 mnller
481 2550 549 2603 dicit
557 2565 563 2600 :
571 2568 588 2599 e
600 2551 698 2601 liotnm
712 2545 784 2598 enim
796 2549 839 2596 est
851 2543 879 2595 in
891 2554 964 2596 novo
985 2545 1085 2600 rinus.

376 2641 566 2697 testamento,
576 2641 608 2688 nt
619 2634 646 2685 iu
659 2632 713 2686 rita
727 2629 877 2692 communi,
890 2639 964 2694 saepc
1031 2632 1072 2684 29.
1092 2633 1170 2696 nese.
1184 2633 1342 2701 Presbyteri
1362 2636 1488 2691 Ecclerioe
1500 2649 1593 2691 neces·

378 2724 505 2778 universe
523 2719 678 2782 enuntiari,
703 2717 778 2784 quod
798 2730 862 2769 cum
874 2714 965 2768 restri-
998 2717 1070 2771 sario
1084 2717 1255 2787 intelligendi
1263 2726 1329 2774 sunt
1341 2723 1517 2777 sacerdotes:
1529 2735 1591 2776 nam

373 2809 466 2862 ctione
497 2805 705 2871 intelligendum
741 2807 793 2855 est.
827 2801 966 2855 durabunt
999 2803 1035 2857 ita
1053 2811 1185 2859 constans
1204 2806 1255 2859 lert
1282 2821 1350 2862 usus
1367 2809 1499 2875 loquendi
1523 2810 1591 2863 seri·

375 2904 471 2960 preces
483 2895 679 2956 aegrotantem,
691 2886 715 2937 si
735 2887 761 2939 ei
783 2885 910 2951 expediat
928 2884 964 2937 ad
998 2896 1106 2955 plorum
1116 2890 1179 2943 novi
1189 2893 1491 2947 Testamenti.Pluralis
1500 2901 1590 2947 autem

374 2977 492 3029 salutem
509 2980 651 3027 aeternam.
664 2971 703 3019 »⁸
998 2988 1129 3029 numerus
1154 2977 1236 3031 olivio
1260 2991 1346 3032 sensu
1371 2986 1521 3047 usurpatur
1540 2993 1590 3047 pro

408 3062 451 3113 26.
471 3060 530 3125 Oltj.
550 3061 575 3111 l.
596 3058 737 3111 «lacobus
750 3057 808 3109 rult
826 3054 964 3109 infirmum
998 3061 1121 3126 quolibet
1138 3074 1154 3114 e
1173 3069 1259 3124 coetu3
1281 3063 1353 3117 sicut
1365 3080 1450 3131 quum
1468 3066 1591 3119 Christus

374 3147 440 3215 ungi
456 3144 635 3201 asertoribus
648 3143 776 3197 Ecclesiae
789 3157 795 3192 :
808 3142 853 3194 isti
872 3146 966 3195 uncto
998 3145 1159 3212 praeciperet
1171 3148 1289 3213 leprosis
1307 3162 1323 3201 a
1341 3163 1373 3203 se
1390 3151 1549 3215 mundatis,
1562 3156 1593 3203 ut

375 3232 666 3292 remnonadmittunt,
680 3228 733 3281 nisi
746 3228 962 3282 sacrificulum.»
999 3244 1029 3284 se
1048 3232 1240 3287 sacerdotibus
1258 3233 1468 3298 exhiberent,¹⁸
1483 3235 1532 3288 uni
1549 3248 1593 3287 sa·

376 3317 583 3373 ltacalrinus.‘
998 3316 1102 3369 cerdoti
1124 3317 1192 3369 satis
1212 3324 1271 3371 erat
1287 3331 1318 3371 se
1339 3318 1527 3373 ostendere¹¹
1539 3320 1595 3373 Cae·

408 3407 450 3460 at.
472 3406 552 3469 llam.
569 3401 724 3467 Presbyteri
741 3400 868 3453 Ecclesia·
889 3399 967 3451 intel·
999 3408 1086 3455 terum
1102 3406 1129 3454 et
1142 3402 1235 3468 plnres
1252 3404 1412 3458 sacerdotes
1428 3410 1544 3471 possent
1557 3404 1592 3456 ad

374 3492 499 3558 ligentur
521 3489 696 3545 sacerdotes.
724 3486 842 3550 ideoque
864 3497 965 3537 nomen
1000 3486 1156 3541 unctionem
1172 3487 1384 3542 ministrandam
1396 3502 1509 3556 operam
1521 3501 1592 3555 prae·

376 3575 443 3629 illud
457 3574 499 3627 lais
513 3574 686 3635 .adl1aesit,et
702 3576 731 3624 tn
748 3571 893 3635 pleresque
912 3569 967 3621 lin·
1000 3577 1090 3631 stare.
1110 3586 1196 3637 quum
1217 3572 1277 3640 ipsa
1298 3574 1493 3640 apostolorum
1513 3580 1594 3627 aetate
1640 3588 1643 3597 ·

376 3671 445 3723 guas
470 3657 605 3709 adscitum
625 3662 668 3708 est
689 3655 699 3688 ⁷
724 3654 847 3709 Proiecto
868 3654 966 3719 puduit
999 3659 1092 3723 plures
1101 3670 1175 3724 saepe
1187 3658 1269 3712 simul
1278 3660 1376 3713 adesse
1386 3660 1414 3712 in
1426 3660 1493 3716 urbe
1504 3660 1594 3725 aliqua

375 3741 564 3796 ltosenmitller
573 3738 712 3804 carpzovtl
722 3737 895 3791 subscribere
904 3751 966 3792 sen·
999 3742 1180 3810 contingeret.
1193 3746 1271 3811 Apud
1293 3747 1403 3799 Graecos
1422 3752 1529 3812 septem
1550 3757 1594 3797 sa·

376 3824 963 3891 tentiae‚quiroeisetymologiaeinhaerendo
1000 3828 1125 3881 cerdotes
1142 3829 1244 3882 adsunt
1260 3830 1370 3895 quoties
1394 3832 1464 3885 ritus
1477 3830 1522 3884 llic
1533 3842 1594 3897 per·

375 3911 505 3977 protectos
522 3915 600 3965 oetotc
620 3910 772 3963 intellexit:
787 3929 799 3955 r
814 3909 881 3963 lluie
902 3924 965 3965 sen·
998 3914 1103 3985 egitur,
1116 3915 1163 3981 qui
1177 3915 1243 3969 olim
1259 3916 1331 3982 apud
1345 3917 1458 3972 Latinos
1470 3916 1594 3983 pluribus

376 3996 468 4054 tentiae
485 3996 597 4051 obstare
616 3997 735 4061 ridetur,
746 3996 964 4063 (tidelioesselt,
998 4000 1180 4066 praesentibus
1193 4000 1358 4068 plerumque
1368 4002 1557 4071 peragebatur.

400 4262 427 4313 it)
436 4263 529 4314 system.
539 4262 613 4305 rteot.
621 4274 643 4314 p.
653 4266 697 4303 aad.
709 4262 734 4305 it'
747 4262 837 4305 ibidem.
997 4262 1084 4313 tionem,
1100 4263 1150 4316 only
1165 4266 1285 4307 sometrlret
1302 4267 1421 4311 sltortened
1438 4269 1467 4322 by
1482 4280 1524 4309 our
1540 4268 1596 4308 lore

400 4335 428 4381 (a)
437 4334 483 4371 lac.
493 4332 516 4371 ii.
527 4337 558 4373 lt.
568 4333 619 4371 Vide
628 4338 649 4372 et
658 4332 673 4373 i.
684 4339 716 4373 lt.
726 4333 755 4373 ir.
765 4338 796 4375 lt.
805 4346 826 4374 r.
834 4339 871 4375 tt.
997 4334 1078 4373 lettere
1097 4334 1117 4371 in
1132 4334 1188 4373 their
1197 4335 1367 4387 peortaneietien
1386 4339 1412 4379 ol
1424 4338 1441 4379 it
1449 4360 1475 4371 -·
1484 4339 1597 4391 Presbyter

401 4400 427 4449 (t)
449 4400 531 4438 Novum
556 4402 715 4440 Testamentum
738 4402 835 4443 Graecum
860 4409 964 4455 perpetue
998 4402 1113 4443 wnsmade
1133 4405 1280 4455 Prester,and
1296 4408 1344 4447 thet
1358 4408 1386 4460 by
1402 4409 1493 4461 degrees
1508 4410 1596 4449 mm·

376 4468 514 4506 annotatione
530 4467 674 4520 illustratum,
692 4470 743 4509 edit.
756 4471 872 4522 lloppianee
885 4472 927 4511 rol.
936 4473 963 4512 ix.
999 4476 1058 4515 l‘rest
1069 4486 1094 4512 or
1104 4473 1179 4513 l‘riest.
1191 4489 1200 4510 ι
1211 4475 1281 4515 Tenet.
1292 4478 1315 4517 Ν.
1327 4482 1362 4517 lt.

376 4535 481 4585 (tottingn
496 4540 550 4576 litla-
1023 4547 1042 4593 ts
1062 4542 1238 4583 llosenmilllerin
1248 4544 1290 4583 loc.

404 4606 430 4651 ts)
440 4605 464 4642 ln
474 4604 554 4641 locum.
563 4603 592 4653 (d)
607 4604 658 4645 lost.
668 4607 682 4645 l.
697 4607 725 4648 ir.
732 4619 751 4648 c.
761 4608 801 4647 nir.
811 4618 833 4648 tt.
842 4613 876 4649 st.
1023 4617 1046 4661 (tt
1060 4612 1111 4651 inst.
1122 4611 1135 4650 Ι.
1147 4610 1173 4651 lv.
1183 4624 1201 4652 c.
1212 4612 1253 4653 rix.
1263 4624 1285 4652 n.
1296 4619 1328 4654 at.
1338 4615 1378 4667 (tol
1390 4617 1442 4657 Luc.
1452 4616 1502 4657 xvii.
1513 4622 1541 4656 tt,

372 4663 375 4668 ’
403 4670 430 4720 (7)
445 4672 475 4710 lle
490 4671 613 4711 vocabulo«
628 4673 715 4714 Priectn
732 4676 807 4717 dieunt
816 4678 964 4720 oxonienses:
1026 4685 1065 4726 llll
1076 4681 1124 4720 lev.
1134 4680 1175 4721 nir.
1193 4681 1244 4723 l'ide
1263 4684 1327 4735 plura
1344 4686 1444 4739 exempla
1454 4686 1594 4740 sputans*

375 4750 386 4778 c
402 4740 426 4782 ltt
440 4739 499 4781 murt
514 4740 530 4779 it
544 4740 562 4781 is
572 4751 612 4783 one
628 4744 652 4783 oi
658 4744 694 4784 tlte
705 4757 755 4798 very
770 4747 839 4787 eorde
854 4760 895 4800 pou
906 4760 964 4789 men·
998 4750 1077 4788 clintum
1093 4750 1106 4789 l.
1124 4748 1191 4791 tilde
1201 4764 1307 4795 consensu
1323 4756 1532 4809 Evangelistarumc
1548 4755 1594 4795 xri.
