3792 5550
354 556 389 605 52
752 560 866 610 TlthT.
884 562 927 611 xl.
942 562 983 612 hu
1001 562 1167 614 barrisno.

355 673 445 727 lorurn
474 677 714 729 tundamentalium
744 677 772 728 iu
801 684 875 731 secta
901 679 944 731 vi·
976 683 1066 731 autem
1087 679 1233 744 nonnulli,
1253 680 1566 734 antellcclesiaedelini-

357 768 430 827 peut.
443 761 452 795 ¹
976 764 1093 828 tionem,
1107 766 1223 818 haeresis
1243 765 1322 828 odio,
1335 766 1471 832 baptismo
1482 766 1517 819 ab
1530 766 1569 819 iis

388 850 447 900 w).
464 850 551 910 Quum
569 859 584 898 a
603 846 742 913 plerisque
759 850 943 903 sectariislia·
975 850 1074 902 collato
1101 857 1304 917 repugnarunt,
1323 864 1379 904 non
1409 851 1475 905 satis
1502 864 1565 918 per·

353 934 470 1001 ptismus
478 932 568 985 valere
574 940 729 999 censeatur,
743 946 757 986 a
769 947 942 1001 quocumque
975 941 1095 1000 spectum
1116 936 1249 990 habentes
1263 937 1346 991 totius
1357 938 1486 991 Ecclesiae
1498 950 1565 991 con·

354 1018 434 1071 tuerit
448 1018 588 1082 collatus,
614 1020 712 1073 saltem
731 1020 754 1074 si
772 1021 854 1074 luerit
869 1022 941 1073 ordi·
974 1021 1157 1075 suetudinem.
1168 1022 1217 1087 Qui
1231 1025 1509 1090 posteascripserunt,
1520 1026 1565 1077 vel

352 1107 651 1161 neumasensium
671 1120 726 1160 non
750 1108 942 1174 rideturprin⁴
973 1107 1123 1172 loquuntur
1147 1108 1181 1161 de
1204 1110 1340 1163 haereticis
1371 1112 1418 1176 qui
1444 1110 1562 1176 somnam

353 1187 454 1253 cipium
472 1187 540 1241 illud
564 1191 725 1257 explicatius
744 1206 938 1260 propugnare,
973 1194 1119 1246 verhorum
1147 1195 1342 1260 immutarunt,
1371 1198 1414 1250 rel
1442 1198 1476 1249 de
1499 1194 1564 1250 effe-

351 1273 425 1340 quod
441 1272 554 1339 quidem
579 1282 667 1329 totum
685 1279 719 1330 ad
745 1279 872 1331 Ecclesiae
887 1286 941 1331 tra·
974 1280 1085 1344 ctibus,
1115 1282 1209 1347 gratiae
1235 1283 1338 1337 scilicet
1371 1283 1472 1346 donis,
1501 1294 1564 1349 quea

353 1359 486 1414 ditionem
505 1368 533 1415 et
559 1364 746 1417 auctoritatem
767 1364 939 1418 referendum
974 1380 1055 1431 prava
1080 1369 1220 1422 voluntate
1244 1368 1340 1421 haercsi
1358 1368 1563 1421 adhaerentibus

350 1453 403 1501 est.
439 1451 573 1502 cretarum
609 1451 733 1517 quadam
767 1450 939 1506 dilllcultates
973 1464 1028 1507 non
1058 1455 1255 1519 conferuntur,
1286 1454 1404 1520 «quia,
1425 1475 1437 1500 »
1467 1460 1495 1506 ut
1525 1449 1570 1506 ait*

353 1534 494 1587 solvenda
523 1540 602 1600 sunt,
630 1550 666 1589 ne
693 1537 755 1603 quis
783 1538 835 1590 hac
862 1538 890 1590 in
910 1553 939 1593 re
972 1538 1155 1605 Augustinus,
1178 1542 1262 1607 «ojus
1282 1538 1393 1593 effectus
1404 1546 1485 1605 atque
1496 1552 1562 1591 usus

353 1622 466 1674 haereat.
973 1624 1001 1676 in
1033 1624 1194 1679 liberatione
1218 1639 1234 1679 a
1257 1625 1396 1691 peccatis,
1422 1630 1449 1677 et
1471 1624 1562 1677 cordis

382 1709 441 1759 att.
460 1708 617 1760 llandatum
634 1707 788 1773 baptizandi
800 1710 939 1774 apostolis
972 1712 1135 1765 rectitudine
1153 1713 1225 1779 apud
1249 1711 1392 1766 haereticos
1415 1724 1469 1765 non
1489 1711 1563 1763 inve·

349 1794 462 1860 quidem
475 1795 569 1848 datum
580 1800 631 1857 est;
643 1807 696 1846 nec
705 1793 765 1846 aliis
777 1794 831 1847 nisi
843 1807 938 1848 eorum
974 1796 1108 1851 aiebatur.
1122 1816 1138 1847 a
1150 1798 1161 1832 ⁸

348 1882 557 1935 successorihus
569 1880 868 1947 legitimis,Episcopis
885 1882 939 1935 sei·
1006 1884 1064 1935 alb.
1084 1884 1148 1947 Quae
1167 1883 1252 1951 gratia
1272 1883 1400 1937 tribuitur
1412 1881 1563 1935 infantibus

349 1969 413 2023 licet
425 1968 585 2031 catholicis,
597 1966 695 2031 velqui
710 1966 745 2018 ah
757 1966 791 2019 iis
802 1968 836 2020 ad
851 1981 941 2021 sacer·
974 1971 1008 2023 ab
1028 1970 1164 2023 haereticis
1183 1970 1348 2036 baptizatis,
1370 1970 1396 2024 vi
1415 1969 1560 2036 baptismi,

349 2056 456 2109 dotium
474 2054 558 2109 evecti
576 2059 655 2116 sunt,
667 2052 730 2105 licet
743 2053 810 2105 illud
827 2054 937 2120 aggredi
973 2054 1019 2121 qni
1035 2055 1133 2107 Christi
1155 2060 1211 2119 est,
1233 2056 1402 2109 conceditur.
1418 2056 1490 2108 «Est
1502 2040 1565 2121 enh

350 2158 451 2196 munus
477 2147 553 2195 extra
582 2140 789 2205 necessitatem,
820 2141 890 2193 adeo
908 2146 939 2194 ut
972 2141 1562 2209 dem»lpseloquituraugustinus,«chrl-

349 2233 463 2296 peccent
481 2227 602 2280 haeretici
628 2239 769 2293 praecones
793 2227 861 2279 illud
884 2227 937 2281 sibi
972 2226 1007 2279 sti
1024 2226 1179 2292 Baptisma,
1203 2228 1277 2292 quod
1307 2226 1409 2295 ubique
1435 2232 1564 2281 sanetum*

347 2320 521 2379 usurpantes.
541 2314 666 2364 Attamen
685 2312 756 2364 valet
779 2312 935 2377 Baptismus
971 2324 1029 2376 est,
1049 2319 1075 2366 et
1100 2312 1225 2379 quamvis
1245 2313 1317 2379 apud
1340 2313 1499 2376 haereticos,
1516 2313 1560 2367 vel

346 2414 362 2453 a
379 2411 553 2465 quocumque
571 2398 703 2459 collatus,
726 2396 789 2463 quia
814 2397 850 2450 oh
876 2398 936 2465 ejus
971 2398 1178 2461 schismaticos,
1191 2398 1278 2463 ipsius
1292 2404 1382 2451 tamen
1392 2398 1506 2451 haeresis
1516 2398 1568 2452 vel

347 2499 482 2539 summam
516 2483 708 2537 necessitatem
746 2481 869 2535 Christus
899 2484 936 2535 ita
971 2484 1125 2539 schismatis
1141 2498 1197 2539 non
1226 2492 1288 2549 est,
1313 2490 1341 2539 et
1362 2485 1425 2553 ideo
1448 2498 1499 2538 nee
1524 2484 1560 2537 ad

345 2572 454 2634 statuit,
475 2569 514 2622 uti
531 2583 563 2622 ex
582 2568 781 2623 consuetudine
804 2574 831 2622 et
853 2569 936 2622 tradi·
971 2574 1056 2639 ipsam
1071 2574 1236 2627 catholicam
1247 2574 1311 2626 inde
1329 2572 1471 2627 venientes
1481 2583 1560 2637 opor·

344 2658 421 2712 tione
431 2654 558 2710 acclesiae
571 2655 726 2708 didicimus.
740 2674 757 2704 «
774 2655 891 2709 Proinde
902 2676 933 2719 ,a
970 2664 1008 2713 tet
1027 2660 1118 2713 denuo
1136 2658 1282 2726 baptizare.
1300 2658 1337 2707 »⁴
1356 2658 1446 2711 adulti
1468 2662 1558 2710 autem

344 2739 935 2810 urlanimadrertitaugustinus,«quamvis
969 2759 1027 2800 suae
1047 2747 1195 2801 voluntatis
1225 2752 1287 2801 actu
1318 2745 1416 2800 haeresi
1440 2756 1560 2798 consen·

345 2834 426 2900 hujus
444 2831 484 2884 rei
503 2836 577 2883 certe
589 2829 624 2883 de
636 2831 782 2897 scripturis
793 2831 934 2884 canonicis
968 2834 1083 2894 tientes,
1097 2839 1124 2886 et
1141 2832 1310 2898 usurpationi
1328 2829 1485 2893 ministerii,
1498 2829 1557 2880 nnl-

343 2932 400 2972 non
417 2917 570 2984 proferatur
588 2917 760 2983 exemplum,
774 2919 932 2970 earumdem
967 2919 1021 2970 lam
1037 2919 1150 2984 gratiam
1168 2923 1388 2982 consequuntur,
1400 2927 1483 2980 quum
1494 2924 1556 2978 pra-

345 3013 436 3059 tamen
458 3003 658 3069 scripturarum
678 3004 759 3056 etiam
786 3003 931 3057 inhaere
966 3015 1016 3057 vus
1025 3015 1121 3055 eorum
1130 3001 1237 3054 animus
1245 3001 1345 3054 obstet.
1360 2999 1424 3052 ldco
1434 2997 1557 3066 quamvis

346 3091 456 3146 anobis
466 3095 576 3142 tenetur
592 3091 714 3153 ueritas,
730 3103 792 3142 cum
807 3089 933 3142 hocfeci·
967 3089 1120 3155 Baptismus
1142 3088 1213 3140 haud
1240 3087 1336 3140 iterato
1364 3082 1570 3151 suscipiendus

343 3191 405 3230 mus
422 3176 496 3242 quod
509 3176 709 3238 universaejam
724 3174 826 3242 placuit
844 3175 933 3227 Eccie·
966 3175 1010 3238 sit,
1024 3175 1301 3229 vehementertamen
1320 3173 1555 3228 doleantneccsse

343 3265 408 3326 siae,
424 3276 505 3328 quam
518 3262 639 3328 ipsarum
652 3261 852 3328 scripturarum
862 3273 933 3314 oom-
967 3265 1009 3314 est
1022 3262 1163 3319 ,haereseos
1175 3260 1248 3326 quod
1268 3259 1387 3312 inierunt
1399 3257 1553 3319 consortie;

342 3349 453 3402 mendat
473 3349 641 3408 authoritas;
655 3353 684 3400 ut
698 3347 828 3414 quoniam
839 3352 932 3400 sancta
967 3353 994 3400 et
1008 3347 1101 3400 humili
1124 3347 1322 3414 amplectantur
1336 3345 1427 3398 animo
1445 3359 1476 3398 ea
1494 3357 1554 3411 quae

344 3434 482 3500 scriptura
499 3434 592 3487 fallere
617 3432 932 3499 nonpotest,quisquis
966 3435 1163 3501 poenitentibus
1201 3431 1280 3486 offert
1306 3431 1427 3486 remedia
1456 3429 1554 3484 Christi

344 3523 399 3575 salli
411 3521 508 3575 metuit
525 3522 607 3584 hujus
626 3520 793 3572 obscuritate
805 3519 933 3584 quaestio·
966 3519 1096 3572 Ecclesia.
1118 3521 1147 3570 ln
1165 3519 1224 3584 eius
1246 3517 1379 3584 gremium
1398 3515 1464 3569 olim
1485 3517 1555 3568 reci-

344 3606 540 3671 nis,oamdem
559 3604 708 3656 Ecclesiam
725 3603 933 3656 deillaconsu-
966 3605 1127 3671 pichantur,
1158 3604 1260 3668 ejurata
1290 3601 1405 3662 haeresi,
1424 3613 1555 3653 manuum

344 3689 932 3760 lat,quamsl11eullaamhignitatesancta
966 3689 1141 3756 impositione
1172 3699 1233 3753 quae
1259 3687 1438 3740 confirmandi
1472 3685 1553 3738 ritum

341 3782 479 3847 Scriptura
492 3780 672 3832 demonstrat.
686 3773 718 3821 ν’
967 3775 1171 3841 quodammodo
1185 3772 1340 3826 imitabatur
1351 3772 1556 3825 :lsicutetlam

373 3867 432 3919 hta.
453 3865 528 3930 Quod
548 3864 581 3917 ad
606 3875 727 3916 canones
751 3860 840 3914 dictos
861 3862 933 3925 llpo·
966 3875 1032 3914 num
1051 3861 1081 3913 tlt
1098 3861 1169 3926 apud
1185 3861 1293 3914 Graecos
1309 3875 1315 3910 ε
1334 3860 1406 3926 apud
1420 3871 1471 3912 nos
1489 3871 1553 3914 vero

341 3955 454 4008 stolicos
480 3951 590 4013 attinet,
610 3947 656 4014 qui
678 3946 804 4013 rejiciunt
822 3944 933 3997 haereti·
967 3945 1134 4012 recipiuntur
1157 3950 1219 4011 post
1244 3946 1394 4012 abjuratam
1412 3943 1554 4008 haeresim,

340 4054 437 4095 conam
457 4036 638 4104 baptismum,
652 4033 798 4100 apostolos
815 4044 871 4084 non
889 4031 934 4082 ha·
968 4033 1068 4085 emissa
1081 4031 1144 4084 tidel
1161 4031 1351 4097 professione,
1365 4038 1391 4084 et
1410 4031 1499 4084 soluto
1512 4013 1567 4082 εκ)

342 4130 408 4182 bent
424 4133 561 4187 auctores,
581 4130 608 4176 et
621 4123 672 4174 hac
690 4122 788 4173 saltem
810 4133 842 4172 ex
855 4124 932 4184 parte
966 4116 1223 4172 communicationis
1232 4117 1340 4170 vinculo
1351 4157 1356 4171 .
1367 4129 1421 4184 quo
1434 4114 1554 4168 haeretici

341 4215 408 4267 nihil
421 4214 527 4276 valent,
545 4209 646 4277 quippe
662 4207 708 4273 qui
731 4219 794 4259 cum
808 4206 930 4273 'antiqua
966 4210 993 4257 et
1011 4217 1108 4258 eorum
1127 4204 1247 4256 lautores
1264 4203 1485 4268 obstringuntur.
1498 4203 1565 4254 iloc-

340 4299 486 4366 disciplina
497 4303 524 4351 et
537 4293 662 4349 doctriua
681 4297 812 4360 pugnant.
833 4293 928 4345 Patres
964 4289 1289 4358 specialiternotavimus,
1300 4301 1334 4340 ne
1346 4288 1465 4354 quissibi
1474 4287 1555 4342 licere

366 4566 415 4616 (tta
430 4565 501 4604 Hence
521 4563 538 4602 it
561 4560 646 4602 fullons
669 4558 716 4598 thet
735 4556 789 4597 lsitlr
808 4567 833 4597 as
855 4561 877 4596 to
894 4555 931 4596 the
990 4551 1324 4607 tethrlmleltaprlsmosemrs
1342 4551 1417 4593 bonet.

340 4634 457 4676 essentiale
479 4633 504 4676 oi
522 4630 661 4683 christissity
678 4627 766 4670 readers
782 4627 821 4666 the
838 4626 931 4678 baptism
990 4625 1020 4676 (ll
1032 4624 1125 4675 ibidem,
1134 4625 1149 4663 l.
1163 4623 1178 4662 i.
1187 4634 1206 4662 e.
1215 4622 1256 4662 sir.

339 4706 367 4747 ol
374 4706 410 4745 the
419 4716 496 4758 person
511 4702 619 4754 receiving
627 4700 644 4740 h
653 4698 739 4742 ralla.»
755 4698 800 4738 Art.
808 4695 848 4737 sis.
855 4707 878 4750 p.
886 4698 931 4738 ω.
993 4694 1021 4743 (Ι)
1040 4693 1091 4734 viae
1101 4691 1257 4732 Tronboll'rum
1274 4691 1301 4732 de
1312 4689 1416 4732 oenum
1429 4689 1516 4754 dissert.
1526 4691 1555 4731 ir.

1430 4781 1433 4788 a
1561 4765 1568 4786 J

365 4777 395 4829 (a)
407 4777 430 4816 l..
439 4776 454 4816 i.
465 4781 540 4818 contra
552 4770 692 4816 Graeculum
706 4780 725 4810 c.
734 4766 807 4809 miri.
911 4808 914 4813 .
966 4775 986 4808 e.
997 4763 1019 4804 ii.
