3792 5550
354 603 402 654 ΗΟ
649 595 764 649 abaci.
784 591 852 643 iiiii.
873 592 899 642 P.
922 590 942 640 i.
962 589 1005 641 bi:
1024 588 1246 639 buchtuisttt.

383 718 442 769 iiii.
463 714 522 780 tibj.
546 717 586 766 ii.
603 716 695 765 Patres
709 710 883 779 hyperbolice
901 709 940 761 le·
978 718 1074 758 renam
1090 717 1122 756 ex
1144 716 1198 769 qua
1215 702 1361 757 conficitur
1379 703 1569 765 Eucharistiae,
1651 686 1658 695 ⁶

351 803 407 857 cuti
424 811 488 856 sunt
502 803 537 855 de
557 800 743 862 Eucharistin,
765 798 804 851 uti
823 802 896 863 patet
908 809 941 848 ex
977 798 1005 845 et
1020 791 1099 859 eujus
1128 789 1247 856 speciem
1274 788 1392 852 retinet,
1419 788 1485 854 quin
1508 791 1572 855 ejus

351 887 536 955 chrysostomi
551 885 658 945 verbis,
672 896 733 950 quae
745 888 825 950 prout
843 889 942 933 sonant
976 875 1159 929 substantiam
1180 887 1290 926 manere
1313 874 1427 926 innuat:
1444 887 1507 927 nam
1528 875 1572 926 vi-

353 984 434 1026 nemo
458 971 579 1036 accipit:
602 970 668 1022 dicit
694 969 767 1022 enim
791 966 942 1021 sacerdotis
977 975 1043 1013 num
1071 966 1098 1013 et
1123 959 1202 1025 panis
1225 979 1237 1004 α
1258 958 1433 1024 percipieuiia
1455 959 1573 1011 verbum

353 1071 464 1110 manum
475 1068 585 1109 carnem
598 1055 696 1107 Christi
705 1066 808 1115 secare,
820 1052 940 1105 fidelium
977 1046 1022 1099 bei
1033 1083 1041 1110 ,
1057 1045 1234 1099 Erechorisiio
1242 1044 1330 1108 fittrrt,
1344 1046 1416 1108 quod
1425 1049 1465 1097 est
1474 1058 1575 1110 eorpus

352 1144 472 1210 linguam
506 1142 574 1207 tingi
609 1140 707 1194 Christi
735 1140 877 1205 sanguine.
902 1140 941 1191 ita
975 1132 1125 1199 titutionis
1148 1130 1314 1183 Christo»²
1336 1131 1374 1182 lia
1397 1130 1457 1196 19⁸0
1479 1130 1574 1184 ⁴100&-

352 1227 479 1283 Cosinus.
976 1219 1110 1269 caeterum
1123 1216 1222 1267 mirum
1240 1228 1297 1268 non
1309 1222 1427 1269 osteum
1442 1216 1478 1267 de
1495 1221 1575 1269 tanto

384 1315 444 1365 ets.
463 1314 543 1378 itesp.
555 1314 605 1366 Tot
620 1324 681 1377 quae
692 1310 855 1363 adduximus
867 1308 942 1361 lesti-
976 1314 1078 1354 areano
1106 1301 1265 1366 loquentem
1294 1300 1327 1353 iis
1355 1300 1395 1353 uti
1432 1313 1574 1353 nonnum-

352 1398 461 1463 monia,
485 1403 512 1450 et
534 1397 650 1463 plurima
670 1396 721 1447 alia
741 1407 796 1448 non
826 1399 942 1460 possunt
977 1397 1059 1451 quam
1079 1385 1192 1438 vocibus
1208 1398 1270 1451 quae
1283 1385 1503 1439 cavillationibus
1522 1399 1574 1439 no·

352 1484 446 1537 haberi
471 1495 553 1535 merae
568 1480 814 1546 exaggerationes.
839 1478 866 1529 Si
887 1478 942 1529 eie·
975 1479 1101 1527 vatorum
1120 1486 1216 1525 ausam
1229 1474 1387 1539 praebeant;
1406 1474 1434 1525 in
1453 1474 1569 1527 reenim

352 1574 444 1622 menta
464 1572 557 1620 essent
572 1566 649 1631 sigua
666 1570 786 1626 tantum,
808 1561 942 1627 quantait-
977 1557 1152 1621 hujusmodi,
1185 1558 1263 1621 euius
1297 1557 1404 1623 speeies
1440 1557 1571 1610 sensibus

282 1692 286 1701 .
351 1648 399 1706 b‘et
419 1652 517 1704 virtute
541 1649 674 1716 praedita,
697 1648 800 1700 insulsa
830 1658 942 1712 prorsus
977 1643 1141 1697 obviaadeo
1158 1642 1284 1695 etheria
1306 1644 1345 1696 rei
1365 1645 1572 1717 ueritate,veio

351 1736 441 1790 iorent
473 1735 518 1786 itia
550 1736 657 1785 Petrum
685 1732 777 1791 dieta,
801 1742 815 1781 a
842 1728 942 1793 quibus
977 1728 1024 1781 iiio
1038 1728 1273 1793 obleeta,dupiex
1284 1728 1441 1783 necessario
1460 1729 1572 1781 induci-

353 1820 467 1887 proinde
491 1831 588 1871 omnes
604 1818 783 1869 abhorrerent
798 1830 804 1865 :
825 1814 873 1868 sed
888 1814 942 1867 tide
978 1818 1022 1865 iur
1038 1812 1168 1878 loquendi
1182 1813 1261 1877 ratio,
1276 1813 1314 1865 uti
1327 1813 1464 1879 sapienter
1475 1821 1573 1867 mouet

352 1904 476 1970 mysterii
491 1902 606 1968 praevia,
621 1901 777 1968 hujusmodi
790 1900 862 1953 dieta
875 1899 944 1964 opti·
977 1899 1096 1963 scriptor
1108 1898 1210 1964 egregii
1222 1899 1315 1964 operis
1335 1899 1370 1951 de
1386 1899 1449 1952 fidei
1471 1913 1569 1965 perpe-

352 2002 397 2042 me
421 1988 605 2050 conveniunt,
623 1992 650 2039 et
669 1987 750 2039 facile
766 1985 800 2037 ab
813 1985 942 2037 omnibus
976 1981 1090 2045 tuitaie,
1116 1982 1170 2035 alia
1192 1983 1296 2036 scilieet
1322 1985 1475 2037 secundum
1507 1997 1571 2051 spe·

353 2074 549 2140 intelliguntur.
575 2076 669 2125 Manus
695 2071 845 2125 sacerdotis
881 2083 942 2123 oar·
976 2066 1046 2119 elem
1069 2068 1245 2132 sensibilem,
1267 2070 1319 2121 alia
1349 2070 1502 2122 secundum
1532 2071 1572 2122 rei

353 2172 415 2211 nem
432 2158 532 2210 Christi
549 2170 643 2209 secare
661 2156 773 2218 dieitur,
787 2155 850 2220 quia
869 2154 943 2206 iran-
975 2152 1119 2204 veritatem
1143 2152 1196 2205 lide
1225 2154 1403 2219 propositam.
1422 2156 1571 2220 Perspicua

353 2243 391 2310 git
411 2240 941 2306 hostiam,quaevercestearochristi,
976 2242 1067 2291 autent
1089 2245 1153 2291 sunt
1179 2252 1241 2304 quae
1268 2241 1350 2293 tradit
1382 2243 1501 2293 irenaeus
1534 2242 1570 2294 de

352 2326 477 2393 quamvis
499 2327 535 2379 ob
562 2327 707 2393 gloriosam
738 2327 819 2393 hujus
846 2326 943 2379 condi·
975 2324 1090 2375 veritate
1113 2324 1237 2388 corporis
1256 2331 1284 2377 et
1304 2325 1446 2391 sanguinis
1468 2326 1569 2378 Christi

353 2410 454 2462 tionem
480 2409 554 2461 nulia
581 2410 670 2473 possit
688 2408 757 2462 atiiei
781 2408 941 2461 mutatione.
977 2407 1004 2459 in
1023 2407 1202 2462 Eucharistia.

353 2495 484 2549 Fidelium
515 2496 596 2547 etiarn
622 2495 714 2561 lingua
732 2495 828 2549 ,obvio
858 2508 942 2547 sensu
1009 2491 1143 2557 atuoij.
1167 2495 1208 2545 ib.
1227 2496 1254 2545 S.
1274 2496 1568 2562 ioanneschrysosto·

353 2582 436 2635 tincta
466 2581 564 2633 Christi
597 2582 731 2648 sanguino
758 2581 942 2647 praedieatur,
976 2589 1039 2628 mus
1062 2577 1207 2631 manifesto
1229 2578 1315 2643 rejicit
1338 2581 1569 2635 transubstantia-

352 2681 436 2733 quum
455 2680 518 2719 enm
540 2659 666 2719 bibamus
684 2667 712 2719 in
729 2665 874 2733 mysteriis.
888 2666 942 2718 Sed
977 2661 1098 2715 tionem:
1113 2664 1289 2715 moneteuim
1308 2666 1482 2719 Sacramenta
1495 2668 1567 2719 hand

352 2749 472 2802 insanire
488 2749 625 2802 videretur
640 2749 686 2814 qui
700 2762 797 2815 panem
811 2754 838 2801 et
849 2748 942 2802 vinum
977 2747 1177 2802 consideranda
1208 2748 1373 2814 carnaliter,
1401 2751 1451 2804 sed
1481 2752 1568 2806 oculis

352 2834 476 2901 symbola
494 2834 593 2886 Christi
613 2835 736 2899 corporis
754 2840 781 2886 et
801 2833 942 2900 sanguinis
977 2833 1148 2895 intellectus;
1172 2840 1200 2886 et
1225 2847 1325 2900 corpus
1352 2837 1459 2889 bomini
1493 2839 1566 2891 haud

352 2921 508 2983 estimans,
522 2920 707 2986 Chrysostomi
726 2919 876 2972 imitaretur
889 2933 943 2971 ser·
976 2917 1079 2983 percipi
1101 2925 1216 2972 externo
1234 2920 1326 2986 aliquo
1339 2928 1419 2985 actu,
1436 2923 1486 2977 sed
1502 2923 1564 2977 fide.

353 3017 472 3058 monem.
503 3004 570 3057 ilinc
593 3004 943 3058 Whitenonvereturdi-
977 3004 1182 3057 iiaeecosinus.
1213 3071 1218 3079 ,
1329 3073 1332 3078 Ι

350 3103 414 3144 cere
448 3103 510 3142 eum
537 3089 691 3156 eloquentia
719 3095 825 3156 raptum
851 3090 942 3143 minus
1005 3089 1560 3158 2i9.1tesp.i>erperamomninoetcontra

350 3181 478 3230 accurate
497 3177 637 3229 locutum!
977 3175 1164 3241 Chrysostomi
1173 3184 1292 3230 mentem
1305 3181 1364 3232 haec
1376 3180 1542 3246 objiciuntur
1555 3219 1562 3242 ‚

384 3263 443 3314 eto.
456 3261 514 3328 dij.
529 3263 569 3314 ta.
581 3263 700 3314 irenaeus
713 3263 782 3314 duas
794 3275 849 3327 res,
862 3269 941 3316 terre
978 3260 1015 3312 uti
1035 3261 1192 3315 testimonio
1206 3262 1314 3329 integro
1335 3265 1447 3318 recitato
1467 3265 1565 3331 cuique

352 3363 415 3402 nam
430 3354 457 3402 et
468 3349 624 3411 coelestem,
637 3349 664 3400 in
679 3348 846 3402 Eucharistia
860 3362 943 3415 agno·
977 3345 1106 3422 patebitfr
1120 3347 1268 3399 credamus
1281 3347 1372 3414 itaque
1383 3349 1484 3415 ubique
1501 3352 1565 3410 lieo,

350 3435 421 3487 soit:
438 3453 450 3480 α
464 3433 699 3498 Quemadmodum
718 3435 790 3485 enim
807 3434 908 3498 quiesi
925 3447 940 3486 a
976 3443 1027 3483 nec
1045 3444 1229 3496 repugnemus
1242 3433 1265 3484 ei
1277 3471 1285 3495 ,
1298 3433 1380 3486 etiam
1394 3435 1418 3486 si
1431 3426 1524 3488 sensui
1539 3443 1566 3488 et

352 3523 423 3570 terra
453 3517 531 3582 panis
559 3517 712 3583 percipiens
740 3517 940 3582 invocationem
976 3514 1134 3579 cogitationi
1153 3523 1254 3570 nostrae
1276 3519 1426 3572 absurdum
1447 3533 1508 3574 esse
1525 3522 1567 3572 ui·

351 3601 413 3660 bei,
438 3602 494 3664 jam
517 3613 572 3653 non
600 3602 754 3653 eommunis
774 3603 852 3668 panis
877 3597 939 3664 est,
976 3598 1073 3650 deatur
1085 3601 1160 3664 quod
1176 3601 1258 3664 dicit,
1273 3612 1384 3668 superet
1396 3611 1423 3657 et
1435 3618 1564 3668 sensum,

351 3684 940 3748 sediiucharistia,exduabusrebuscon-
976 3688 1003 3734 et
1021 3683 1156 3736 rationem
1185 3694 1307 3741 nostram
1334 3703 1425 3744 sermo
1456 3691 1564 3756 ipsius.

351 3779 441 3830 stans,
460 3775 567 3822 terrena
589 3775 616 3822 et
628 3769 750 3829 coelesti;
771 3770 810 3821 sic
833 3775 860 3822 et
881 3783 941 3824 cor·
976 3768 1049 3833 quod
1069 3768 1096 3820 in
1115 3771 1243 3824 omnibus
1259 3779 1287 3825 et
1306 3775 1443 3840 praeeipue
1462 3777 1489 3828 in
1508 3790 1566 3842 my-

351 3866 417 3919 pora
432 3861 524 3906 nostra
544 3854 937 3920 percipientiaEucharistinm,
975 3853 1065 3906 steriis
1088 3855 1237 3919 iaciamus,
1262 3871 1318 3912 non
1341 3859 1387 3911 iiia
1411 3873 1473 3926 ‹yuae
1502 3868 1565 3912 ante

346 3940 403 4004 jam
423 3951 478 3992 non
500 3946 564 3990 sunt
584 3938 789 4004 corruptibilia,
804 3953 881 4005 spem
899 3954 940 3993 re·
975 3951 1026 3992 uos
1035 3940 1127 4005 jacent
1140 3942 1314 3996 solummodo
1327 3944 1500 4010 aspicientes,
1515 3944 1565 3996 sed

351 4023 528 4076 surrectionis
540 4023 675 4074 babentia.
693 4041 704 4068 u
721 4022 728 4055 ¹
973 4024 1057 4077 verba
1072 4038 1182 4091 quoque
1203 4028 1263 4092 ey’us
1277 4033 1411 4082 tenentes.
1428 4031 1494 4080 Nam
1506 4043 1566 4082 uer-

383 4107 793 4174 ethitespirenaeusrespteit
811 4121 867 4161 rem
886 4114 939 4162 ter·
974 4110 1019 4161 bis
1047 4111 1106 4175 ejus
1133 4111 1287 4164 defraudari
1312 4127 1368 4166 nou
1396 4127 1566 4179 possumus,

350 4357 386 4396 the
398 4354 497 4408 question
514 4353 533 4393 is
543 4358 564 4393 to
573 4353 599 4393 be
608 4353 701 4406 brought
715 4361 737 4395 to
751 4355 786 4395 the
802 4361 842 4395 test
852 4355 876 4396 oi
884 4357 940 4398 nhnt
975 4356 1032 4406 tion,
1040 4357 1095 4398 riuti
1112 4364 1149 4399 not
1167 4359 1194 4400 be
1203 4360 1254 4401 here
1268 4361 1351 4401 denied.
1362 4376 1372 4397 ι
1382 4362 1483 4401 Lecturee
1492 4372 1520 4401 on
1531 4362 1569 4401 the

351 4436 394 4465 nus
412 4423 461 4463 held
475 4423 501 4474 by
517 4423 553 4462 the
571 4433 636 4474 many
652 4424 747 4464 eminent
764 4435 812 4464 rnen
827 4425 874 4465 who
888 4425 941 4465 tiou-
974 4425 1096 4466 Cuteebitru
1111 4428 1137 4467 oi
1151 4429 1187 4468 the
1202 4430 1321 4470 Protestant
1331 4430 1445 4482 Episcopel
1461 4431 1567 4481 Choreb,

350 4493 423 4534 rished
439 4492 461 4532 in
477 4492 514 4532 the
522 4492 594 4532 iuurtb
607 4498 703 4546 century.
714 4494 805 4534 Further
814 4495 840 4533 he
849 4495 939 4544 lnows,
974 4495 1015 4535 and
1026 4496 1184 4548 Dissertatione,
1194 4496 1316 4549 byWiiiian
1326 4498 1405 4549 white,
1415 4499 1466 4538 iub.
1478 4498 1573 4552 Bisitop,

350 4563 396 4604 that
414 4563 464 4616 they
478 4564 545 4616 spolie
560 4565 680 4616 commonly
697 4563 739 4604 oia
750 4565 833 4615 change
846 4564 939 4604 maelein
973 4571 1015 4606 ete.
1023 4565 1186 4619 Philadelpbie,
1195 4572 1251 4607 tots.
1259 4578 1281 4620 p.
1291 4573 1336 4610 att.
1430 4575 1436 4585 ·

349 4633 387 4672 tbo
395 4633 505 4684 elemento,
515 4633 552 4672 but
562 4637 599 4673 not
607 4633 731 4686 destroying
742 4633 797 4672 their
810 4631 938 4673 substantiel
998 4634 1024 4685 (i)
1037 4635 1060 4674 i..
1070 4633 1099 4673 ir.
1108 4634 1156 4674 adr.
1166 4635 1216 4676 brer.
1225 4647 1245 4676 e.
1258 4636 1324 4678 mir.
1334 4636 1387 4677 alite
1396 4635 1462 4677 sulii..

350 4701 476 4752 properties.
486 4702 541 4743 Thai
556 4702 606 4754 they
615 4702 728 4754 expresses
742 4701 778 4740 ibe
787 4700 867 4742 former
876 4702 940 4742 senti·
1000 4704 1028 4756 (t)
1047 4703 1070 4743 t.
1078 4715 1098 4743 v.
1108 4714 1126 4743 r.
1137 4702 1166 4744 ri.

351 4776 410 4811 ment
425 4771 446 4812 in
464 4774 571 4824 ianyuuge
587 4772 657 4814 nbieb
676 4771 709 4812 led
724 4776 745 4811 to
762 4769 941 4812 transubstantia-
