3792 5550
359 522 376 573 t
837 507 1088 577 rnonnuonnrm.

360 640 403 693 los
420 641 570 709 comparari
587 644 678 705 queat,
691 649 725 691 es
736 637 837 706 eligere
847 640 949 694 instrn·
983 654 1051 695 sona
1061 642 1177 696 ministri
1190 644 1353 699 conserentis
1363 635 1570 703 sacramentnm

359 734 453 783 monta
465 728 563 795 quibus
575 724 680 791 gratia,
698 738 782 792 quam
795 727 877 780 nobis
897 740 948 781 sua
982 741 1044 780 oum
1082 728 1231 782 intentione
1256 728 1372 783 faciendi
1402 734 1475 797 qnod
1507 734 1571 787 lacit

360 822 449 869 morte
465 810 627 879 promeritus
649 816 706 876 est,
725 811 871 866 tribuatur.
889 814 951 867 llis-
982 813 1123 875 Ecclesia;
1149 825 1263 879 quornm
1291 815 1314 867 si
1340 816 1452 882 aliquod
1476 818 1569 883 desit,

361 898 506 967 tinguendo
529 896 612 964 igitur
632 905 699 951 sunt
726 900 903 954 sacramenta
933 914 949 953 a
983 911 1039 953 non
1062 898 1454 964 perficitnrsacramentum.»
1476 902 1485 937 ¹
1509 904 1569 957 lio-

362 986 456 1037 ritibus
484 995 556 1048 quos
586 984 716 1039 Ecclesiae
745 988 882 1040 Traesnlcs
913 985 947 1038 sd
982 986 1058 1038 tcrioe
1082 989 1110 1037 et
1131 984 1227 1049 somtoe
1245 1000 1327 1040 voces
1356 994 1420 1041 sunt
1439 1002 1508 1055 quas
1535 1002 1568 1043 ex

360 1071 486 1121 decorem
506 1068 591 1122 divini
610 1072 701 1125 cultus
719 1076 747 1126 ct
764 1072 799 1125 ad
820 1071 947 1138 pietatem
982 1068 1153 1137 philosophia
1178 1071 1366 1138 aristotelica,
1388 1074 1499 1130 ineunte
1522 1076 1569 1130 de-

360 1152 503 1205 lorendent
517 1154 704 1211 instituerunt.
982 1156 1053 1209 cimo
1065 1156 1145 1209 tertio
1154 1158 1255 1212 saeoulo
1266 1196 1275 1222 ,
1285 1161 1437 1213 Guilelmus
1449 1162 1571 1215 altissio

394 1237 434 1287 12.
448 1240 530 1292 Novae
550 1240 620 1308 legis
639 1243 814 1295 Sacramenta
834 1240 948 1308 gretiam
983 1241 1108 1294 dorensis
1147 1243 1251 1309 primus
1283 1251 1421 1299 mutuatus
1452 1248 1569 1312 dicitur,

360 1324 651 1394 conterunt‚ideoqne
670 1328 825 1391 continent,
841 1327 947 1380 scilicet
983 1327 1107 1391 quamvis
1131 1333 1159 1382 et
1189 1329 1306 1395 toronum
1340 1332 1478 1385 vocaverit
1504 1333 1570 1385 olim

360 1420 394 1460 cx
410 1409 509 1463 Christi
529 1412 636 1465 homini
656 1412 826 1467 institutione
845 1416 948 1466 certam
983 1413 1166 1467 Tertullianus
1189 1416 1272 1469 verba
1303 1417 1490 1481 sacramenti,
1521 1417 1571 1470 sed

359 1495 415 1546 rim
435 1496 538 1549 habent
559 1497 948 1564 grstiamimpertiendime-
984 1510 1079 1563 sensu,
1097 1504 1128 1552 ut
1151 1499 1268 1564 videtur,
1290 1500 1409 1555 direrso.
1431 1501 1570 1555 'Materia

360 1580 420 1633 ritis
440 1584 502 1649 ejus
523 1588 551 1636 ot
569 1585 728 1647 uoluntate,
748 1583 819 1637 adeo
839 1588 870 1636 ut
887 1583 948 1648 oui·
984 1586 1146 1638 &mentum
1161 1586 1197 1638 ab
1215 1586 1366 1652 augustino
1389 1592 1483 1642 vocale
1501 1592 1570 1639 est:

360 1680 527 1735 cumquest
547 1670 644 1736 recipit
654 1684 716 1724 cans
733 1676 807 1723 oerto
821 1668 948 1735 recipiet,
983 1670 1070 1723 forma
1092 1671 1165 1725 dicta
1182 1676 1224 1725 est
1239 1672 1372 1733 verbum3
1398 1691 1410 1717 α
1429 1673 1535 1734 Verbo,
1556 1692 1569 1717 n

361 1742 524 1807 nisi'iorsen
536 1754 643 1807 obicem
656 1755 716 1820 ipse
727 1766 811 1819 pravo
829 1754 872 1806 sui
889 1754 947 1806 ani·
984 1756 1086 1822 inquit,
1110 1757 1290 1824 «Baptismus
1306 1763 1502 1811 consecratur:
1522 1756 1572 1809 de-

361 1838 398 1890 mi
414 1837 514 1892 adactu
526 1838 646 1906 objiciet.
660 1842 693 1893 tlt
704 1841 774 1892 hanc
786 1841 946 1893 Sacramen-
983 1843 1061 1895 trahe
1077 1843 1209 1907 verbnm,
1224 1849 1251 1897 et
1268 1841 1335 1909 qnid
1351 1848 1393 1895 est
1414 1855 1484 1909 sorta
1495 1881 1503 1906 ‚
1516 1842 1570 1894 nisi

361 1927 398 1980 tis
416 1926 525 1981 insitum
544 1928 672 1981 virtutem
699 1927 898 1993 exprimerent,
920 1932 948 1981 et
984 1932 1074 1995 aqua?
1086 1930 1190 1983 accedit
1202 1929 1316 1982 verbum
1333 1928 1367 1980 ad
1387 1928 1570 1991 elementum,

363 2019 457 2067 contra
478 2015 667 2067 haereticorum
684 2012 869 2067 cavihntiones
887 2019 948 2067 tne-
984 2021 1011 2067 ct
1028 2015 1056 2068 it
1068 2017 1310 2067 Sacramentum.»
1331 2012 1469 2065 *Materia
1488 2012 1572 2079 igitur

362 2105 456 2151 rentur
477 2097 627 2150 Tridentini
646 2101 757 2160 Patres,
782 2098 948 2153 definierunt
973 2101 1152 2164 ,resest,vel
1170 2106 1247 2153 octus
1260 2097 1409 2161 sensibilis,
1420 2111 1445 2151 v.
1459 2111 1485 2159 e.
1499 2110 1570 2164 aqna

361 2196 411 2248 per
437 2185 607 2236 sacramenia
638 2196 717 2237 norae
737 2185 806 2252 legis
828 2186 947 2240 conferri
983 2188 1010 2239 in
1023 2180 1180 2252 baptismo:
1198 2186 1286 2251 [orma
1305 2189 1348 2239 est
1363 2183 1509 2237 verborum
1526 2196 1572 2237 se·

362 2267 476 2335 gratiam
498 2282 534 2322 cs
550 2282 627 2334 opere
645 2276 767 2335 operato,
789 2272 903 2325 vocibus
931 2286 948 2325 a
982 2272 1036 2325 ries
1049 2272 1150 2338 quihus
1164 2270 1276 2323 materis
1289 2270 1323 2322 ad
1341 2268 1467 2322 ellectum
1484 2282 1573 2323 sacre·

362 2356 464 2409 scholae
480 2355 639 2410 doctoribus
653 2357 792 2410 mutuatis.
804 2359 849 2411 lis
870 2373 948 2423 opere
983 2359 1130 2411 mentalem
1148 2356 1354 2410 determinatur.
1374 2355 1385 2390 ⁸

362 2441 497 2506 operantis
514 2441 618 2505 oratio,
633 2442 826 2510 eleemosyna,
839 2445 948 2511 aliaque
1016 2443 1056 2493 tl.
1077 2442 1192 2494 intentio
1206 2441 1323 2495 ministri
1336 2440 1417 2495 etism
1436 2441 1570 2508 exigitur.

362 2527 434 2580 bona
446 2539 529 2593 opera
544 2526 650 2590 valent,
669 2540 719 2593 pro
736 2529 783 2594 pio
804 2530 889 2581 animi
908 2530 947 2582 ai«
983 2529 1013 2578 ul
1025 2525 1128 2579 scilicet
1138 2526 1203 2579 velit
1214 2526 1302 2580 lacere
1314 2527 1389 2593 quod
1403 2526 1467 2579 iacit
1479 2526 1571 2579 Eccle-

361 2614 434 2667 lcctu
446 2629 453 2665 :
465 2614 513 2667 sed
526 2613 948 2678 Sacramentaipsarimhsbent
984 2612 1023 2665 sia
1043 2627 1049 2663 :
1070 2625 1133 2665 nom
1156 2613 1207 2665 heo
1227 2617 1332 2666 tantum
1348 2614 1454 2667 ratione
1472 2614 1517 2666 fiet
1542 2618 1572 2665 ut

362 2700 475 2766 gretiam
504 2698 683 2765 producendi.
714 2701 847 2751 caetorum
877 2702 948 2753 sicul
984 2698 1083 2751 Christi
1103 2698 1217 2751 nomine
1233 2704 1310 2765 aget,
1329 2698 1447 2764 ideoque
1464 2710 1570 2751 sacrum

362 2785 529 2840 solislnmcn
546 2785 625 2839 obice
643 2785 750 2851 objecto
769 2786 877 2838 excludi
898 2799 947 2852 po-
983 2785 1105 2852 perficiat
1126 2785 1216 2838 ritum.
1239 2787 1372 2837 Caeterum
1398 2784 1464 2836 satis
1482 2782 1571 2847 gravis

362 2876 431 2933 test,
445 2871 520 2924 itaet
540 2873 778 2924 sacramentorum
797 2871 883 2938 gratia
897 2886 946 2925 sua
983 2871 1100 2937 agitetur
1111 2871 1139 2922 in
1152 2870 1255 2923 scholis
1269 2867 1465 2930 controversia,
1478 2873 1570 2920 utrum

361 2957 439 3022 eulpa
451 2958 580 3022 privatur,
594 2957 639 3024 qui
654 2971 686 3010 oa
699 2958 771 3010 haud
783 2958 834 3010 rite
855 2957 948 3024 dispo-
984 2957 1017 3008 iis
1032 2957 1058 3020 in
1077 2969 1168 3008 rerum
1190 2954 1344 3021 adjunctis,
1366 2953 1393 3004 itt
1415 2952 1516 3018 quihus
1540 2965 1572 3006 se

360 3045 429 3096 situs
448 3044 553 3109 accipit.
567 3043 759 3106 Sicinlidelis,
772 3044 816 3096 rel
835 3048 948 3108 peccato
984 3041 1052 3108 gerit
1064 3041 1191 3094 Ecclesiae
1210 3038 1336 3102 nomine,
1356 3037 1433 3090 nullo
1450 3036 1514 3089 dato
1528 3036 1585 3112 iri-⁵

362 3128 444 3180 enimi
462 3127 560 3182 aflectu
581 3129 739 3192 adhaerens,
756 3129 903 3194 baptismi,
924 3128 948 3180 si
984 3127 1055 3179 dicio
1077 3140 1107 3179 se
1119 3127 1188 3178 rollo
1203 3125 1315 3178 mimum
1330 3136 1429 3190 agere,
1448 3124 1491 3175 vel
1507 3121 1571 3174 illn-

365 3229 424 3267 -rrm
442 3215 589 3280 suscipiat,
604 3213 689 3280 gratie
704 3220 794 3280 caret,
809 3226 892 3280 quarn
904 3226 949 3266 re·
983 3212 1049 3264 dere
1066 3211 1246 3273 adstantibus,
1260 3208 1348 3276 possit
1365 3211 1569 3262 Sacramentum

363 3303 428 3369 cipit
446 3300 534 3353 inians
547 3301 652 3352 nullum
674 3300 781 3354 obicem
801 3299 947 3366 objiciens.
984 3296 1124 3362 frustrari,
1138 3297 1245 3350 occulto
1258 3295 1340 3347 animi
1362 3293 1478 3347 consilio
1497 3293 1570 3345 haud

364 3390 428 3442 ideo
439 3388 615 3451 requiruntur
624 3387 651 3438 in
660 3388 773 3450 adultis,
785 3391 833 3455 qni
847 3388 950 3441 inerint
984 3383 1099 3438 faciendi
1121 3381 1195 3447 quod
1216 3380 1281 3434 iacit
1298 3379 1428 3433 Ecclesia.
1448 3377 1570 3432 cathari-

256 3503 267 3525 ·
363 3476 407 3528 sni
425 3478 582 3538 compotes,
607 3473 801 3539 dispositiones
820 3480 947 3541 quadam
985 3482 1057 3531 nus,
1080 3465 1195 3520 celebris
1224 3465 1387 3530 theologus,
1416 3463 1462 3529 qui
1483 3463 1571 3516 adluit

363 3561 462 3623 animi,
480 3557 539 3612 sine
567 3559 667 3625 onibus
691 3561 865 3614 sacramenta
894 3563 949 3618 inis
985 3553 1105 3608 concilio
1124 3550 1293 3614 Tridentino,
1306 3549 1414 3602 censuit
1428 3563 1491 3602 enm
1513 3561 1569 3602 non

363 3646 473 3712 gratiam
496 3657 554 3698 non
581 3644 714 3700 tribuunt.
743 3647 950 3702 calumniantur
985 3653 1082 3706 possa
1100 3636 1311 3691 sumcereenrm
1328 3633 1509 3688 intentionem
1525 3647 1572 3686 ex·

364 3733 464 3798 igitur,
482 3731 529 3798 qui
549 3738 676 3785 asserunt
696 3744 728 3784 ea
759 3745 791 3784 ex
811 3734 949 3788 catholica
985 3733 1092 3779 ternum
1108 3723 1190 3775 flium
1215 3720 1287 3774 serio
1302 3719 1467 3787 peragendi,
1479 3719 1572 3772 ΕῢθῙθ·

364 3817 486 3871 dootrina
510 3818 720 3883 peccatoribus,
743 3818 826 3870 animi
849 3818 948 3873 affectu
985 3811 1033 3864 siae
1044 3809 1171 3874 nomine,
1186 3820 1247 3874 quae
1257 3807 1371 3860 intentio
1382 3810 1494 3860 externo
1508 3803 1572 3856 inde

364 3909 474 3971 peccato
487 3904 706 3969 adhaerentibus,
723 3903 865 3971 prodesse.
984 3895 1075 3951 vocari
1087 3894 1237 3948 consuevit.
1253 3896 1330 3946 llunc
1348 3896 1499 3958 sequnntur
1510 3891 1571 3942 lue·

398 3992 438 4042 lo.
460 4010 471 4034 a
500 3991 595 4042 Omnis
614 3992 805 4052 Sacramenta,
832 4011 843 4037 ι
864 3991 953 4057 inquit
985 3984 1080 4048 ninus,
1092 3983 1235 4043 Drtrenus,
1249 3978 1412 4046 plurimique
1428 3975 1498 4028 inter
1511 3975 1571 4026 Gal-

366 4075 502 4144 Engenius
522 4075 662 4140 Pontifex,
686 4076 714 4128 in
736 4077 847 4129 decreto
876 4076 951 4142 qnod
986 4071 1027 4122 los
1045 4066 1206 4134 praesertim.
1231 4065 1290 4118 Itali
1317 4062 1439 4130 plerique
1459 4066 1571 4114 censent

366 4161 522 4216 Florentino
545 4161 573 4214 in
593 4160 734 4225 concilio,
751 4175 802 4228 pro
819 4164 953 4215 Armeno-
986 4168 1100 4210 necesse
1117 4167 1179 4208 csse
1190 4157 1221 4206 ut
1232 4149 1378 4204 seriorclit
1390 4148 1478 4204 iecere
1498 4146 1572 4212 quod

366 4261 426 4299 rum
446 4246 625 4300 instructione
638 4247 740 4312 edidit,
756 4247 867 4300 ttribns
888 4261 952 4313 por·
986 4241 1049 4294 iacit
1065 4238 1205 4302 Ecclesia,
1225 4235 1310 4289 animi
1328 4232 1442 4287 oonsilio
1461 4236 1572 4284 externo

366 4332 882 4398 ficiuntur,videlicolrchustamqnam
895 4345 952 4385 me·
986 4327 1058 4381 actui
1081 4325 1265 4392 respondente
1289 4333 1364 4373 :nec
1393 4318 1459 4373 alias
1483 4322 1572 4370 actum

365 4417 551 4484 toria‚vcrbis
571 4423 708 4484 tamquam
725 4417 830 4482 forma,
845 4423 872 4472 et
890 4431 953 4484 pcr-
986 4411 1084 4466 Christi
1108 4409 1218 4464 nomine
1235 4419 1298 4463 vere
1311 4404 1378 4458 lieri.
1398 4405 1472 4458 lianc
1491 4403 1573 4454 inter-

392 4674 421 4727 (ι)
435 4675 492 4716 inter
500 4679 547 4716 acta
557 4673 623 4715 conc.
633 4671 690 4713 Flor.
1016 4663 1043 4717 (tl
1055 4664 1123 4706 voces
1131 4662 1164 4704 hs
1172 4659 1304 4703 scholastice
1312 4661 1445 4711 usurpantur
1453 4654 1476 4697 in
1486 4653 1574 4696 borneti

393 4747 419 4799 (2)
436 4747 458 4787 h.
472 4746 498 4788 de
508 4743 619 4798 baptismo
628 4754 647 4783 o.
657 4741 701 4782 xiii.
709 4741 736 4794 (ll
751 4742 787 4782 Tr.
797 4741 850 4781 lm.
860 4738 880 4779 in
890 4739 952 4780 loen.
987 4734 1068 4788 analpsi
1082 4745 1103 4787 p.
1120 4738 1164 4774 tle.
