3792 5550
493 715 495 718 v
568 652 637 704 dte.
656 651 701 703 lll.
722 653 762 703 DE
780 650 930 703 uhertsttl
948 650 1155 703 nruncrltttts
1445 652 1477 703 att

269 765 482 833 cupiscentiam,
506 766 548 820 vel
562 766 704 832 fomitem,
722 768 782 820 haec
800 780 861 819 san·
894 766 1067 831 impiissima
1084 767 1143 819 haec
1157 764 1239 819 verha
1260 776 1292 818 eo
1316 766 1431 819 redeunt
1454 774 1483 819 ut

270 858 313 905 ota
324 852 451 919 synodus
462 852 569 918 fatetur,
576 858 603 906 et
614 853 697 906 sentit
708 868 714 903 ε
726 866 788 919 quae
799 866 860 906 cum
895 864 951 905 non
963 852 1130 917 imputentur
1142 863 1203 916 quae
1216 862 1279 905 vere
1296 857 1408 904 manent
1424 865 1485 917 peo-

270 938 305 991 ad
324 950 441 1005 agonem
453 938 546 991 relicta
555 938 600 1000 sit,
614 951 714 991 nocero
729 950 784 990 non
797 950 862 991 oon·
895 941 955 990 ceta
974 951 980 987 r
1006 954 1017 985 t
1037 940 1124 989 ltanet
1136 949 1199 990 rere
1226 941 1368 1002 peccatum
1388 938 1417 988 in
1435 950 1485 991 no·

270 1023 471 1087 sentientibus,
495 1023 545 1077 sed
562 1024 676 1077 viriliter
696 1037 745 1089 per
762 1023 860 1077 Christi
895 1022 953 1085 his,
967 1042 979 1069 ι
995 1021 1102 1087 inquit,
1119 1041 1130 1068 ο
1149 1035 1239 1087 neque
1256 1036 1304 1087 per
1317 1022 1483 1088 Baptismum

270 1112 336 1162 tesn
354 1110 469 1176 gratiam
482 1109 697 1175 repugnantibus
707 1122 762 1162 non
774 1110 859 1163 valet:
895 1108 988 1161 statim
1007 1119 1063 1160 uno
1084 1106 1128 1159 die
1146 1106 1332 1183 extinguitur:
1352 1106 1399 1160 sed
1420 1107 1483 1173 quia

271 1195 396 1261 quinimo
408 1195 455 1261 qui
473 1195 595 1262 legitime
612 1196 863 1259 certaverit,coro·
896 1195 1136 1258 deleturreatus,
1169 1194 1348 1260 imputatione
1378 1196 1484 1247 nullum

271 1279 394 1333 nahitnr.
409 1282 483 1333 llanr
497 1280 765 1345 concupiscentiam,
780 1292 862 1345 quam
896 1286 946 1333 est.
971 1300 983 1327 r
1004 1278 1071 1331 opp
1090 1279 1165 1333 hisce
1190 1279 1297 1346 placitis
1309 1280 1374 1334 'non
1396 1292 1487 1335 reces-

272 1364 422 1430 aliquando
443 1366 589 1430 Apostolus
607 1371 749 1431 peccatum
772 1366 863 1430 appel·
897 1370 993 1418 serunt
1010 1364 1209 1432 Presbyteriani
1227 1364 1353 1419 hodierni
1377 1364 1409 1415 :⁸
1428 1364 1488 1432 qui·

272 1449 329 1512 lat,
355 1455 451 1501 sancta
478 1450 604 1517 synodus
624 1451 746 1503 declarat
769 1451 864 1502 Ecole·
896 1452 949 1504 hus
981 1464 1031 1517 pro
1060 1464 1137 1504 more
1165 1449 1315 1504 concinunt
1345 1450 1483 1516 Baptistae.

273 1534 342 1586 siam
355 1535 522 1588 catholicam
536 1548 685 1601 numquam
696 1535 863 1598 intellexisse
896 1536 1035 1602 zuinglius
1049 1536 1216 1602 Baptismum
1228 1536 1295 1588 dixit
1305 1548 1412 1589 merum
1424 1548 1486 1589 esse

241 1683 244 1688 ,
273 1624 417 1685 peccatum
430 1620 578 1686 appellari,
596 1622 671 1686 quod
683 1633 747 1674 vere
759 1626 787 1672 et
801 1633 864 1686 pro·
898 1621 1052 1688 symbolum
1066 1626 1226 1685 externum,
1242 1622 1320 1687 cuius
1338 1620 1379 1674 vis
1397 1622 1431 1673 ed
1445 1634 1488 1674 sa·

273 1707 333 1771 prie
351 1705 380 1759 in
398 1706 500 1760 renatis
514 1712 656 1773 peecatum
670 1706 724 1771 sit,
738 1707 788 1759 sed
801 1706 865 1771 qnia
897 1708 983 1759 lutem
1008 1707 1081 1758 nulla
1097 1706 1140 1761 sit.
1155 1705 1317 1773 ⁵huglicaui
1335 1706 1369 1759 ad
1389 1707 1489 1761 Catho-

274 1805 307 1843 οι
324 1795 439 1858 peccato
453 1798 513 1857 est,
526 1797 554 1845 et
572 1794 606 1845 ad
628 1799 771 1857 peccatum
789 1792 866 1845 incli-
899 1793 981 1845 licam
993 1792 1145 1845 doctrinam
1160 1792 1331 1859 aliquatenus
1343 1792 1488 1855 accedunt,

275 1882 332 1942 nat.
352 1878 380 1928 Si
398 1877 462 1941 quis
476 1881 568 1929 autem
586 1876 751 1930 contrarium
773 1891 868 1931 sense·
901 1876 1069 1942 Baptismum
1087 1877 1195 1942 signnm
1212 1876 1449 1943 regenerationis,
1462 1882 1490 1929 et
1560 1864 1564 1867 ’

182 2028 183 2038 ¹
274 1961 329 2025 rit,
343 1962 489 2018 anathema
507 1960 551 2022 sit.
575 1980 588 2007 r
608 1960 619 1994 ¹
902 1962 1114 2014 instrumentum
1135 1971 1190 2025 quo
1211 1960 1238 2011 in
1258 1959 1408 2013 Ecclesiam
1426 1970 1491 2013 ooo·

295 2028 867 2101 '125.uuerunttnterretereshereticos
900 2054 1013 2117 ptentur
1035 2049 1158 2102 dicentes
1178 2063 1184 2099 :
1210 2049 1259 2102 sed
1282 2047 1393 2101 nonnisi
1411 2046 1490 2101 heni-

279 2132 326 2197 qui
345 2144 457 2185 omnem
468 2132 523 2187 rim
536 2132 675 2198 Baptismo
689 2134 865 2200 denegarent.
900 2134 990 2203 gniori
997 2133 1190 2187 oxoniensium
1198 2132 1421 2199 interpretatione
1430 2144 1492 2199 pos·

182 2283 183 2288 ἵ
277 2218 435 2282 ltanichaei,
464 2218 634 2283 messaliani,
661 2218 763 2285 aliique
784 2219 867 2273 variis
900 2226 966 2274 sunt
989 2233 1084 2274 eorum
1107 2219 1189 2274 rerba
1217 2219 1251 2272 ad
1271 2232 1369 2272 sanum
1397 2219 1491 2273 reduci

278 2303 419 2355 erroribus
438 2303 474 2356 de
494 2316 527 2357 eo
548 2305 718 2358 laborabant.
732 2307 867 2358 Lntherus
901 2319 1024 2359 sensum.
1044 2306 1056 2339 ⁸
1080 2305 1158 2371 upud
1177 2304 1312 2359 linitarios
1336 2309 1363 2358 et
1381 2306 1489 2358 turham

279 2385 345 2441 tidei
373 2391 463 2441 totum
493 2388 635 2454 trihuens,
659 2390 788 2455 Baptismi
812 2391 867 2446 vim
902 2391 1082 2445 sectariorum
1106 2392 1164 2458 jam
1188 2391 1278 2444 omnis
1313 2390 1424 2446 evanuit
1455 2390 1490 2443 de

280 2474 436 2527 necessario
462 2475 581 2529 sustulit.
612 2477 739 2531 calvinus
767 2478 869 2543 pariter
900 2476 999 2531 virtute
1017 2475 1147 2541 Baptismi
1165 2475 1252 2530 notio.

280 2572 342 2612 eum
364 2561 447 2613 hahet
470 2561 554 2615 veluti
579 2562 688 2629 signum
707 2567 810 2615 tantum
837 2576 869 2617 ac
1112 2560 1274 2625 Propositto.

281 2645 476 2698 documentum
485 2648 669 2713 purgationis,
682 2648 810 2702 virtutem
821 2650 871 2701 tol·
936 2647 967 2698 ln
979 2645 1117 2711 Baptismo
1140 2644 1225 2710 gratia
1243 2646 1308 2696 iesu
1326 2642 1423 2696 Christi
1439 2646 1491 2697 lio-

282 2730 355 2783 lendi
380 2737 521 2798 peccatum
550 2735 576 2788 ei
596 2734 761 2802 denegans:
786 2752 802 2784 ι(
820 2736 871 2787 Ba-
903 2731 971 2784 mini
990 2730 1076 2785 nostri
1094 2728 1249 2793 confertur,
1271 2740 1320 2795 per
1341 2741 1423 2795 quarn
1441 2730 1492 2783 tol·

284 2817 440 2882 ptismus,=
460 2819 557 2886 inquit,
573 2840 586 2867 α
599 2821 707 2888 signum
725 2826 767 2874 est
784 2820 871 2873 initia·
903 2817 968 2870 litnr
979 2820 1066 2869 totum
1080 2816 1107 2868 id
1120 2815 1194 2882 quod
1207 2826 1298 2869 veram
1313 2819 1340 2868 et
1353 2813 1491 2881 propriam

284 2900 381 2968 tionis,
401 2905 492 2970 quoin
509 2907 637 2960 Ecclesiae
654 2912 816 2973 cooptamur
828 2920 871 2960 so·
903 2903 1008 2971 peccati
1027 2903 1161 2957 rationem
1179 2902 1280 2967 hahet,
1298 2907 1325 2955 et
1340 2903 1395 2956 lieo
1412 2915 1507 2956 rena·

284 2988 427 3055 cietatem,
446 2996 476 3043 nt
493 2991 598 3046 christo
616 2992 689 3046 insiti
707 2993 778 3046 inter
799 2991 871 3046 tilios
904 2991 1016 3042 scimur.

285 3073 329 3124 hei
350 3086 520 3128 censeamur.
556 3118 562 3129 .
600 3117 607 3130 .
643 3117 650 3129 .
688 3097 701 3124 ι
719 3084 739 3130 tt
755 3077 870 3132 ltomiuo
940 3079 997 3130 til.
1017 3077 1154 3131 Probatur
1168 3079 1191 3128 ι.
1205 3075 1409 3142 exscriptoris.
1422 3074 1495 3126 Chri·

286 3157 365 3237 nohis
382 3161 554 3226 proponitur,
569 3165 599 3213 ut
610 3163 809 3229 symbolumsit
820 3175 873 3216 no·
905 3168 965 3217 stus
986 3163 1136 3227 hominus,
1154 3163 1188 3215 de
1207 3161 1345 3228 ltaptismo
1359 3162 1493 3226 loquens,

287 3246 350 3295 strae
361 3246 531 3311 purgationis
553 3259 585 3298 ao
604 3248 817 3300 documentum:
830 3250 872 3302 vel
906 3249 975 3301 dixit
989 3264 995 3300 ε
1008 3249 1082 3300 «Nisi
1093 3248 1155 3313 quis
1167 3253 1277 3300 renatus
1288 3245 1369 3300 suerit
1379 3259 1411 3298 ex
1424 3258 1496 3311 aqua

285 3329 324 3389 (ut
340 3331 439 3383 melius
457 3331 588 3395 explicem
609 3333 682 3396 quod
700 3334 773 3395 volo)
790 3335 874 3385 instar
908 3340 934 3385 et
952 3333 1053 3396 Spiritu
1072 3336 1177 3393 sancto,
1198 3343 1254 3383 non
1271 3335 1363 3395 potest
1382 3329 1495 3382 introire

285 3414 383 3481 signati
396 3416 539 3481 cniusdam
555 3415 734 3480 diplomatis,
752 3430 807 3483 qno
825 3430 876 3470 no·
908 3417 935 3468 in
955 3427 1071 3480 regnum
1092 3415 1149 3466 Dei.
1164 3412 1202 3460 »⁷
1220 3415 1294 3466 Nova
1317 3422 1382 3478 ergo
1400 3411 1497 3493 nativi·

285 3499 328 3551 his
346 3499 509 3562 confirmet,
529 3505 640 3564 peccata
666 3506 758 3554 nostra
783 3482 891 3556 omnia'
907 3507 970 3566 tas,
995 3513 1048 3567 qua
1071 3511 1155 3567 regno
1185 3497 1291 3552 coelesti
1319 3497 1496 3564 adipiscendo

286 3583 327 3637 sic
343 3585 444 3647 deleta,
457 3584 567 3638 inducta
579 3627 585 3647 ‚
599 3585 742 3640 obliterata
756 3601 826 3651 esse,
840 3603 875 3642 ne
908 3587 1025 3654 quisque
1042 3585 1089 3638 liat
1099 3585 1215 3638 idoneus
1229 3622 1237 3649 ,
1252 3583 1386 3652 contingit
1404 3595 1494 3651 aqua;

286 3683 408 3736 unquam
420 3669 449 3722 in
466 3677 643 3746 conspectum
656 3685 736 3725 suum
746 3673 873 3737 veniant,
908 3672 1009 3739 Spiritu
1022 3677 1116 3725 sancto
1129 3671 1268 3725 hominem
1280 3670 1366 3723 tilium
1373 3669 1420 3724 lici
1433 3682 1497 3724 oon-

288 3767 322 3806 ne
333 3763 592 3821 commemorentur,
605 3771 641 3810 ne
651 3757 826 3825 imputentur.
838 3760 875 3809 »ι
908 3761 1046 3814 stituente.
1065 3758 1180 3813 Tollitur
1202 3757 1305 3812 idcirco
1317 3750 1322 3757 ’
1334 3762 1495 3824 peccatum,

315 3997 342 4049 (ι)
352 3999 411 4042 Sus.
421 4011 439 4040 r·
449 4000 501 4042 Can.
511 4013 532 4043 r.
541 4001 563 4042 in
572 4002 657 4044 decreto
666 4003 692 4044 de
701 4014 749 4055 pec.
756 4004 813 4056 orig.
909 4015 972 4056 grece
988 4003 1038 4055 only
1059 4002 1154 4053 through
1171 4003 1207 4044 tho
1224 4000 1406 4052 instrumentalitg
1424 3999 1449 4040 oi
1462 4001 1498 4040 tho

316 4066 340 4119 ii}
349 4069 402 4113 lnst.
411 4072 426 4110 l.
435 4071 463 4111 ir.
472 4083 491 4111 ο.
498 4083 531 4113 rr.
543 4084 565 4113 n.
574 4073 590 4112 ι’.
909 4075 988 4115 mental
998 4073 1094 4124 energies
1102 4101 1108 4125 ‚
1117 4075 1165 4114 thet
1180 4075 1198 4114 is
1207 4099 1214 4125 ,
1226 4072 1323 4123 through
1337 4071 1403 4122 luith,
1412 4080 1497 4128 prayer,

316 4135 341 4189 (ι)
353 4139 377 4179 ln
390 4140 485 4181 antidoto
495 4142 561 4182 cono.
568 4141 626 4181 trid.
636 4142 662 4182 od
675 4142 732 4183 Soss.
743 4153 762 4182 r.
909 4141 979 4182 actual
990 4141 1090 4192 spiritual
1100 4143 1287 4198 contemplationi,
1294 4140 1389 4190 orlwhnt
1396 4139 1415 4178 iu
1423 4138 1497 4191 enitet)

316 4205 340 4256 (tl
355 4207 432 4248 Dicunt
452 4210 588 4262 Baptismum
611 4221 660 4250 esso
676 4210 803 4263 suscipienti
819 4221 825 4248 r
839 4221 875 4250 «u
909 4209 1048 4249 communion
1065 4210 1116 4251 with
1134 4209 1196 4261 God‚
1214 4211 1236 4249 in
1252 4206 1407 4249 contradiction
1422 4212 1444 4247 to
1461 4207 1498 4248 the

293 4270 339 4322 sign
356 4277 399 4317 and
414 4279 459 4318 seul
477 4280 502 4319 ol
514 4281 551 4319 tho
563 4285 667 4321 coronent
680 4279 705 4320 oi
713 4291 792 4331 grace,
807 4279 832 4319 oi
842 4279 877 4320 his
910 4277 1017 4331 primitive
1033 4278 1093 4329 rien,
1102 4278 1217 4330 according
1235 4283 1257 4319 to
1273 4276 1344 4320 which
1366 4275 1403 4316 tho
1416 4275 1498 4316 church

293 4339 408 4398 ingrmrng
424 4347 471 4388 into
487 4349 577 4401 Christ,-
588 4350 612 4390 oi
626 4349 791 4402 regeneration‚
807 4350 832 4390 oi
841 4349 878 4390 tire
910 4347 951 4387 und
968 4345 1007 4387 her
1016 4346 1152 4387 Sacramenta
1169 4357 1205 4386 cre
1223 4347 1259 4386 the
1270 4344 1371 4386 orduinod
1380 4345 1421 4386 und
1431 4345 1499 4388 direct

294 4413 403 4457 remissiori
412 4418 437 4458 oi
443 4417 501 4469 sins,
509 4419 552 4459 and
561 4419 585 4459 oi
591 4419 627 4460 his
640 4419 714 4470 giving
723 4431 753 4472 up
762 4424 815 4459 unto
823 4419 878 4469 (lod,
910 4415 986 4456 risible
996 4407 1070 4455 means
1080 4413 1105 4454 oi
1116 4415 1233 4468 conreging
1251 4421 1273 4456 to
1289 4414 1326 4455 the
1335 4415 1383 4456 soul
1402 4415 1461 4458 ruat
1478 4416 1498 4456 ir

295 4479 385 4536 through
402 4488 464 4528 lesus
480 4487 565 4540 Christ,
588 4493 610 4528 to
631 4486 686 4529 troili
708 4489 730 4529 in
746 4488 880 4531 nounoesol
910 4484 933 4525 in
948 4484 1321 4536 itseiisupernaturrlandunsccn.
1347 4511 1353 4524 .
1380 4510 1385 4524 .
1412 4509 1418 4524 .
1452 4485 1499 4525 And

295 4548 363 4590 lile.»
384 4557 533 4610 Presbyterian
558 4557 686 4600 Confession
709 4559 734 4600 oi
747 4559 818 4611 tuith,
842 4558 878 4598 ch.
910 4557 962 4597 does
972 4562 1009 4597 not
1018 4555 1061 4596 this
1071 4560 1161 4595 account
1176 4555 1209 4597 ior
1222 4557 1258 4598 the
1269 4555 1389 4609 preruiling
1403 4553 1498 4606 indispo-

296 4620 375 4664 uniit.
388 4636 409 4665 n.
418 4625 433 4666 i.
912 4626 976 4668 sition
990 4631 1011 4666 to
1029 4625 1096 4665 admit
1110 4625 1156 4666 that
1166 4628 1261 4681 Baptism
1277 4636 1368 4677 convers
1386 4634 1498 4676 regenera-

320 4690 345 4742 (s)
354 4693 399 4734 Lib.
408 4696 434 4736 de
443 4708 492 4738 reru
500 4702 522 4738 et
532 4698 585 4738 iulos
595 4696 664 4748 lleiig.
912 4695 974 4736 tioni
984 4710 994 4732 ι
1008 4693 1086 4735 Oxiord
1101 4699 1173 4737 trecis.
1192 4695 1359 4738 Advertisement
1366 4698 1388 4733 to
1397 4691 1438 4734 rol.
1448 4689 1472 4730 ti.

322 4759 348 4810 (⁶)
361 4763 484 4812 Queruntur
491 4767 621 4808 oxonienses
635 4767 661 4807 de
690 4765 724 4806 uis
734 4779 740 4806 r
749 4782 760 4803 ι
772 4767 811 4806 wc
825 4767 879 4806 hare
936 4765 965 4815 (ll
980 4765 1041 4804 toan.
1059 4761 1089 4801 iii.
1097 4767 1115 4802 s.

298 4825 373 4871 almost
381 4834 492 4876 embraced
505 4836 541 4877 the
551 4835 658 4887 doctrine,
670 4835 717 4877 that
726 4834 770 4876 God
788 4845 879 4887 contego
