3792 5550
362 557 412 611 210
722 544 837 599 TRAGT.
853 539 917 593 xil.
934 537 978 592 DE
995 534 1223 591 Poudititwt.

313 711 320 725 .
362 670 457 726 tterito
474 680 525 736 per
536 663 687 720 Ecclesiam
700 659 759 715 dari
775 658 876 712 solutio
889 667 951 722 pec·
981 653 1028 708 ille
1044 651 1203 722 largitioni
1215 655 1430 719 peccatauostra
1443 655 1571 720 portarit.

362 762 487 812 catorum
509 756 618 820 potest3
640 745 766 801 suscitari
787 750 877 798 autem
890 743 949 808 ipse
982 740 1030 806 qui
1041 752 1091 806 pro
1109 737 1191 793 nobis
1204 737 1311 800 doluit,
1326 752 1410 805 quem
1428 741 1501 792 neus
1520 744 1574 794 tra·

362 846 490 894 mortuus
510 834 621 890 nonnisi
640 833 714 886 intus
741 832 875 885 clamante
897 830 951 882 lto·
983 827 1055 880 didit
1071 838 1123 893 pro
1141 824 1263 891 peccatis
1280 825 1396 877 nostris.
1410 827 1500 880 llomo
1520 827 1575 880 Deo

363 926 439 980 mino
460 925 571 990 potest:
590 920 649 972 hacc
666 917 738 971 enim
750 918 820 969 neas
836 911 951 966 interius
984 925 1046 966 esse
1059 925 1116 964 non
1134 916 1226 977 potest
1242 911 1348 977 major:
1362 924 1416 965 nec
1437 911 1576 966 remittere

364 1009 428 1078 agia,
443 1007 476 1055 »ι
983 1003 1030 1050 aut
1036 998 1140 1050 donare
1146 995 1314 1064 indulgentia
1323 1009 1373 1049 sua
1381 1009 1477 1050 servus
1487 1002 1577 1063 potest

396 1097 439 1146 iti.
460 1090 519 1156 cij.
540 1089 581 1142 iil.
599 1090 691 1141 Patres
704 1086 794 1141 varias
819 1083 885 1137 dant
905 1096 952 1136 ex·
984 1082 1058 1149 quod
1089 1081 1117 1134 in
1145 1081 1290 1135 ltominum
1318 1081 1420 1136 delicto
1450 1084 1577 1150 graviore

366 1177 527 1246 plicationes
540 1176 662 1228 locorum
676 1185 738 1240 quae
756 1170 905 1224 atteruntur
917 1167 951 1220 ad
984 1167 1162 1222 commissum
1183 1173 1235 1221 est.
1255 1188 1267 1215 ι
1294 1168 1429 1221 caeterum
1453 1166 1578 1236 agnoscit

364 1269 526 1332 potestatem
567 1258 724 1314 remittendi
760 1259 871 1324 peccata
905 1253 954 1306 ad·
985 1269 1078 1310 veram
1098 1254 1268 1308 remissionis
1280 1254 1517 1322 potestatem‚uti
1534 1267 1581 1322 pa»

365 1348 524 1403 struendam
538 1361 545 1398 :
560 1359 611 1400 nec
629 1344 755 1404 dubitant
772 1352 895 1394 asserere
906 1337 953 1390 nei
986 1346 1043 1404 tet,
1063 1353 1095 1392 ex
1114 1352 1148 1393 eo
1172 1339 1246 1406 quod
1272 1340 1473 1393 conscientiam
1496 1352 1579 1392 manu

366 1447 428 1488 esse
445 1433 533 1486 solius
551 1435 662 1498 peccata
681 1427 828 1481 remittere.
849 1425 893 1476 sie
904 1424 954 1490 Cy·
988 1426 1140 1480 sacerdotis
1159 1427 1268 1494 purgari
1290 1424 1422 1488 dieat;et
1439 1427 1535 1492 lapsos
1546 1423 1579 1480 ad

366 1519 507 1586 priamus:
535 1516 646 1568 «solus
673 1513 804 1567 Dominus
830 1507 955 1562 misereri
987 1511 1176 1578 poenitcntiam
1196 1512 1334 1577 hortetur,
1353 1516 1384 1565 ut
1406 1510 1579 1565 remissionis

366 1608 467 1671 potest.
479 1604 589 1655 Veniam
611 1599 730 1668 peccatis
745 1610 807 1664 quae
825 1596 852 1648 iu
865 1596 954 1661 ipsun
988 1597 1112 1650 truantur
1123 1597 1257 1653 beneflcio
1277 1636 1283 1649 .
1303 1635 1310 1650 .
1332 1635 1339 1650 .
1358 1615 1375 1646 «
1392 1597 1581 1651 confiteantur

368 1688 517 1742 commissa
538 1691 601 1740 sunt
625 1687 700 1739 solus
723 1687 814 1752 potest
834 1683 880 1735 ille
900 1683 956 1734 lar·
988 1683 1099 1749 singuli,
1113 1695 1207 1749 quaeso
1218 1682 1386 1743 nostramet
1398 1681 1582 1746 dilectissimi,

371 1773 430 1842 giri.
447 1774 484 1822 »¹
990 1768 1118 1821 delictum
1128 1767 1296 1830 suendum
1306 1767 1397 1820 adhuc
1410 1766 1583 1833 quideliqnit

402 1859 444 1911 os.
466 1857 544 1924 ileon.
571 1857 600 1910 ld
619 1857 647 1909 in
670 1869 747 1911 more
771 1854 890 1922 positum
915 1857 958 1906 est
990 1854 1018 1906 iu
1035 1853 1137 1906 saeculo
1154 1860 1212 1917 est,
1231 1853 1297 1905 dum
1314 1851 1422 1905 admitti
1442 1853 1580 1907 coniessio

372 1943 513 2005 Patribus,
537 1941 626 1996 varias
651 1940 781 1993 adhibere
797 1939 957 2004 interpreia-
994 1940 1162 2005 ejuspotest
1176 1936 1241 1990 dum
1254 1937 1405 1990 satisfactio
1419 1938 1581 1994 ceremonia

369 2027 458 2080 tiones
472 2025 595 2080 moribus
609 2023 790 2078 informandis
807 2033 958 2075 accommc·
991 2033 1040 2086 per
1061 2025 1210 2074 sacerdotes
1228 2021 1302 2085 epod
1328 2020 1482 2073 Dominum
1503 2025 1581 2087 cram

369 2113 468 2174 datas3
487 2112 561 2178 quod
574 2124 589 2164 a
602 2108 743 2163 nonnullis
754 2108 854 2160 lactum
867 2107 902 2158 de
914 2106 958 2157 his
991 2110 1038 2158 eat.
1049 2103 1084 2152 »⁸

369 2197 544 2259 testimoniis,
558 2209 642 2261 quum
663 2193 730 2246 alias
747 2193 957 2258 depereatare·
1024 2193 1066 2243 do.
1087 2190 1145 2256 cij
1164 2191 1208 2243 to
1229 2192 1301 2244 Deus
1323 2189 1470 2244 lrominum
1500 2148 1582 2254 opera

320 2293 322 2297 ·
369 2280 496 2333 mittendi
520 2284 656 2344 potestate
676 2278 749 2344 apud
773 2289 869 2330 omnes
893 2287 958 2328 con·
991 2289 1048 2330 non
1068 2275 1196 2342 indigct'
1188 2289 1216 2327 m
1230 2275 1349 2340 pcccatis
1362 2273 1550 2327 remittendis.

370 2369 463 2426 staret,
472 2378 504 2417 ex
516 2365 596 2418 obvia
606 2363 752 2417 verborum
761 2361 957 2427 acceptatione.
1024 2362 1066 2412 ot.
1086 2361 1162 2425 neap.
1182 2360 1258 2412 Nulla
1270 2373 1300 2413 re
1310 2398 1318 2423 ‚
1328 2360 1433 2412 nullius
1446 2372 1531 2426 opera
1544 2358 1583 2411 iu·

371 2449 602 2514 Quandocumque
621 2447 755 2500 affirmant
771 2446 817 2499 ilci
836 2459 898 2499 esse
917 2457 960 2499 so·
992 2447 1067 2514 diget
1083 2449 1174 2510 Deus,
1193 2445 1242 2499 sed
1269 2459 1318 2512 pro
1338 2458 1449 2499 summo
1470 2444 1582 2497 arbitrio

371 2534 424 2586 lius
441 2533 507 2587 dare
519 2534 626 2587 veniam
640 2570 647 2594 ‚
662 2531 830 2598 intelligendi
843 2536 907 2584 sunt
924 2531 960 2583 de
992 2530 1134 2584 hominum
1161 2529 1246 2582 utitur
1268 2543 1353 2596 opera
1375 2535 1406 2584 ut
1435 2543 1488 2582 sua
1506 2528 1584 2582 uobis

371 2633 478 2672 sumana
499 2633 552 2686 qua
573 2621 658 2686 pollet
681 2617 860 2678 auctoritate;
880 2621 908 2670 et
929 2621 960 2669 ut
993 2615 1164 2682 impertiatur
1175 2615 1258 2668 dona.
1273 2615 1338 2681 Ejus
1349 2615 1480 2668 uoluntas
1493 2613 1584 2680 exqui-

371 2717 453 2758 nemo
475 2705 528 2758 sibi
552 2710 628 2771 putet
646 2705 727 2757 licere
742 2703 844 2769 aliquid
865 2707 960 2755 contra
993 2701 1077 2754 renda
1089 2706 1146 2766 est,
1157 2705 1184 2754 et
1194 2699 1388 2766 adimplenda3
1409 2699 1503 2752 illudit
1514 2700 1584 2752 enim

372 2790 490 2845 divinam
498 2791 657 2855 legemque
667 2801 787 2855 congrua
799 2788 959 2854 poeniteutia
993 2789 1046 2841 sibi
1068 2789 1194 2854 quisquis
1218 2784 1326 2843 reniam
1348 2793 1376 2841 et
1395 2788 1516 2841 salutem
1535 2786 1585 2839 sihi

372 2872 494 2939 exigitur.
507 2874 562 2925 ilac
573 2874 700 2926 decausa
711 2872 860 2939 cyprianus
872 2873 961 2939 arguit
992 2874 1136 2940 pollicetur
1157 2874 1209 2927 alia
1230 2888 1313 2945 quam
1336 2887 1370 2927 aa
1387 2888 1473 2941 quarn
1494 2873 1585 2927 statuit

373 2968 421 3010 eos
439 2956 486 3022 qui
499 2957 591 3022 lapsos
609 2957 636 3009 in
654 2957 844 3023 persecutione
857 2962 961 3010 temere
994 2961 1065 3011 neus
1077 2959 1191 3013 ratione.

373 3042 513 3094 donabant
529 3043 626 3107 venia,
644 3042 804 3109 poenitentia
816 3049 892 3097 lanto
906 3057 962 3097 see
1027 3048 1070 3097 ild.
1090 3044 1147 3113 Otj.
1168 3048 1210 3097 tt.
1230 3046 1331 3100 Saltem
1342 3046 1463 3099 liberum
1477 3052 1521 3099 est
1532 3044 1586 3098 cui-

375 3126 425 3179 leri
442 3138 563 3193 congrua
590 3140 646 3181 non
668 3133 802 3195 peracta:
829 3147 841 3178 r
861 3130 962 3182 contra
995 3145 1112 3197 cumque
1131 3132 1166 3184 ad
1184 3133 1304 3187 divinam
1323 3132 1475 3199 coningere
1486 3130 1588 3185 miseri·

375 3212 512 3279 Evangelii
535 3213 674 3281 vigorem,
693 3218 788 3267 contra
805 3214 911 3267 Domini
930 3228 963 3267 ac
995 3218 1116 3272 cordiam
1128 3233 1134 3270 :
1145 3233 1195 3273 nec
1217 3220 1292 3273 enim
1307 3222 1379 3272 lleus
1398 3233 1429 3271 sc
1446 3232 1498 3272 sua
1512 3224 1587 3286 pote-

375 3298 421 3351 llci
431 3300 519 3366 legem
533 3301 686 3355 temeritate
698 3300 879 3366 quorumdam
892 3302 964 3353 laxa·
996 3310 1067 3357 state
1079 3304 1213 3370 spoliasse
1225 3303 1381 3357 censendus
1394 3306 1447 3355 est.
1461 3301 1474 3336 ⁴

375 3390 418 3435 tur
441 3384 557 3438 incautis
580 3384 813 3444 communicatio:
832 3384 907 3437 irrita
931 3399 963 3438 ac
1028 3390 1070 3441 66.
1089 3390 1168 3454 liesp.
1189 3391 1247 3442 Non
1260 3401 1308 3441 sua
1322 3400 1353 3440 se
1372 3386 1589 3453 spoliaritpote·

375 3469 444 3520 laisa
462 3483 514 3534 pax
526 3471 678 3536 periculosa
692 3470 839 3534 dantibus,
856 3475 884 3523 et
896 3471 963 3522 nihil
996 3478 1065 3525 state
1080 3474 1216 3536 christus,
1230 3474 1279 3525 sed
1295 3472 1588 3539 apostolos,junicun

376 3552 572 3615 accipientibus
592 3554 742 3618 proditura.
766 3557 833 3605 Ante
857 3554 963 3619 expiata
998 3559 1095 3624 instar,
1108 3559 1269 3612 auctoritate
1287 3571 1351 3612 reos
1366 3559 1410 3611 vel
1420 3555 1588 3616 damnandi,

376 3634 491 3696 delicta,
506 3642 569 3687 autc
581 3636 794 3703 exomologesim
807 3638 903 3690 iactam
914 3638 964 3691 cri·
997 3646 1041 3698 rei
1055 3645 1214 3698 absolvendi
1225 3685 1232 3708 ,
1244 3645 1341 3706 innuit,
1356 3649 1384 3697 et
1397 3644 1461 3696 ineo
1473 3641 1589 3696 trienna

376 3716 475 3780 minis,
489 3723 551 3769 adit
562 3725 705 3786 carrocium
719 3721 906 3775 conscientiam
920 3736 963 3775 sa·
998 3728 1189 3791 constituisse,
1200 3729 1234 3781 ad
1253 3728 1326 3793 quod
1340 3731 1521 3793 peccatorum
1533 3737 1593 3777 cau·

377 3800 494 3865 mincio,
514 3808 541 3854 et
555 3816 640 3856 mono
659 3805 820 3869 sacerdotis,
842 3812 904 3859 aute
923 3807 964 3860 oi·
996 3825 1035 3864 san
1053 3812 1210 3866 necessario
1228 3813 1385 3867 deserendae
1404 3818 1486 3875 sunt,
1500 3812 1592 3863 dicen-

382 3885 487 3937 iensam
504 3888 637 3952 placatam
654 3888 818 3956 indignantis
837 3892 961 3960 nomini,
997 3897 1049 3949 dus
1066 3902 1116 3950 est.
1130 3898 1253 3951 Proiecto
1263 3898 1286 3951 si
1298 3898 1402 3950 nullam
1415 3896 1592 3963 imposuisset

379 3974 406 4021 et
418 3970 548 4025 minantis
558 3981 781 4041 ‚pacemputant
801 3989 862 4030 esse
882 3992 964 4043 quam
998 3980 1189 4033 necessitatem
1203 3982 1238 4034 ad
1261 3981 1422 4034 sacerdotes
1441 3993 1494 4047 pro
1515 3978 1592 4033 venia

382 4054 493 4117 quidam
518 4058 760 4113 verbisiullacihus
779 4062 929 4115 venditant.
949 4084 962 4111 a
998 4064 1175 4128 recurrendi,
1193 4063 1292 4118 irrrstra
1311 4065 1437 4118 dedisset
1458 4067 1594 4129 illampo·

377 4137 415 4189 lle
428 4139 479 4193 hac
492 4155 575 4194 numa
586 4143 713 4197 facilitate
725 4145 807 4198 dreit
818 4149 925 4200 Nemo
935 4162 965 4201 sc
999 4154 1143 4210 testatnm3
1165 4151 1204 4203 uti
1224 4164 1307 4217 supra
1325 4151 1500 4219 Augustinus
1524 4154 1595 4203 recte

380 4217 463 4286 fatiat,
475 4237 556 4277 nemo
566 4240 596 4279 se
607 4227 737 4293 deelplai
749 4231 824 4283 solus
835 4230 965 4285 numanus
1000 4233 1202 4288 animadvertit.

380 4303 503 4358 misereri
526 4316 624 4373 potest.
638 4312 748 4364 leniam
769 4314 887 4379 peccatis
904 4330 966 4381 quae
1214 4317 1376 4373 corollaria.

380 4386 433 4439 in
427 4402 515 4452 ipsum
529 4394 675 4447 commissa
688 4400 770 4462 sunt,
783 4399 858 4451 solus
875 4404 967 4465 potest
1033 4403 1076 4455 dl.
1087 4404 1107 4455 l.
1118 4406 1155 4455 lix
1167 4402 1281 4468 probata
1290 4409 1429 4470 potestate
1440 4400 1598 4458 remittenda

409 4646 436 4697 (i)
447 4646 521 4686 linari.
530 4646 556 4687 ll.
566 4649 588 4688 in
597 4652 632 4693 Ps.
641 4654 669 4695 ci.
1034 4663 1061 4713 (ὅ)
1071 4662 1116 4703 uin.
1126 4663 1152 4704 de
1161 4664 1236 4717 lapsas.

409 4718 437 4771 tt)
446 4719 468 4759 L.
479 4718 505 4759 de
514 4719 588 4771 lapsis.
1035 4732 1062 4782 lt}
1069 4730 1094 4770 w
1099 4728 1143 4772 bite
1151 4732 1291 4775 dissertation
1300 4733 1333 4777 aii.
1351 4734 1498 4787 forgiveness
1511 4734 1536 4777 oi
1547 4734 1604 4776 Slus·

564 4949 581 4982 1
