3792 5550
716 538 786 591 CAP-
806 539 845 589 lv.
865 539 908 591 DE
926 536 1101 591 CONSENSU·
1475 537 1525 589 oio

308 660 415 721 trahat,
429 664 556 725 quaerunt
570 659 710 727 theologi,
724 666 815 713 utrum
836 670 900 713 con·
931 652 960 704 in
977 663 1105 709 omrem,
1129 662 1180 702 neo
1195 662 1318 715 unquam
1342 651 1484 703 consensit
1497 652 1526 705 in

306 750 410 799 tractus
434 745 477 797 vel
503 746 710 798 Sacramentum
740 744 899 798 habendum
933 735 1093 802 illd*dictam
1114 746 1271 799 personam,
1294 734 1526 801 11111ῑ11111.θὸδθ

306 830 345 883 sit
357 845 363 880 :
378 842 431 895 qua
441 829 469 881 in
480 843 510 881 re
517 830 660 883 discordes
670 836 734 884 sunt
744 829 897 883 sententiaa.
934 820 1025 874 soedos
1038 820 1181 885 respondit
1202 820 1378 873 innocentius
1390 822 1526 877 lll.:«non

306 916 430 969 Sanclrez
442 923 532 981 negat,
546 917 609 981 quia
625 902 829 970 matrimonium
844 928 900 968 non
934 906 1018 960 dehet
1036 919 1069 958 cx
1087 906 1134 958 illo
1147 905 1218 958 iacto
1229 907 1385 972 conjugium
1392 907 1525 973 judicari,

306 1005 399 1067 potest
411 1001 580 1053 sacramenti
604 1002 738 1054 rationem
751 1001 853 1054 habere
871 1000 900 1053 in
934 991 1042 1045 comio
1072 1004 1106 1044 oo
1123 1005 1175 1044 nec
1201 992 1353 1045 substantia
1375 995 1526 1061 conjugalis

307 1085 430 1149 infideli,
445 1084 564 1150 ideoque
588 1099 639 1139 nec
658 1086 686 1138 in
706 1086 781 1139 fideli
798 1090 899 1152 potest,
935 1084 1106 1140 contractus,
1120 1091 1171 1131 nec
1179 1078 1265 1131 torma
1274 1081 1451 1133 contrahendi
1462 1095 1527 1135 con·

306 1184 393 1238 quum
420 1184 506 1223 unum
531 1183 646 1223 numero
667 1171 703 1223 sit
726 1171 754 1223 in
783 1177 901 1237 utroque
932 1163 1040 1229 jugium
1051 1164 1140 1216 valeat
1157 1162 1431 1230 invenirirquoniam
1449 1180 1481 1219 ex
1492 1169 1527 1219 al·

304 1257 425 1322 conjuge
433 1258 647 1308 sacramentum.
658 1257 695 1309 De
701 1256 827 1309 catholici
838 1270 901 1309 cum
937 1254 994 1302 tera
1007 1255 1084 1315 parte
1105 1249 1187 1301 dolus
1199 1250 1373 1305 solummodo
1392 1251 1486 1317 affuit,
1500 1260 1527 1306 ct

307 1340 437 1395 lraeretico
461 1341 589 1407 conjugio
609 1342 743 1394 sentimus
764 1341 831 1393 illud
853 1344 902 1394 sa·
935 1336 1398 1400 defuitomninocousensus,sine
1411 1352 1527 1404 quocae-

306 1425 442 1481 crementi
470 1426 571 1479 hahere
599 1427 752 1488 rationem;
781 1427 837 1480 jmo
866 1427 901 1479 de
935 1428 994 1476 tera
1019 1429 1160 1489 nequeunt
1179 1424 1269 1476 ioedus
1286 1424 1417 1489 perticere
1435 1428 1528 1489 conju·

307 1512 433 1578 ipsorum
445 1511 636 1564 haereticorum
647 1512 798 1579 conjugiis,
808 1524 903 1577 quam·
934 1508 1005 1575 gale.
1020 1507 1185 1561 »lllomiuis
1197 1493 1288 1561 tamen
1308 1510 1379 1563 fictio
1397 1522 1454 1562 non
1476 1510 1528 1564 olr-

306 1597 349 1651 vis
359 1596 388 1649 iri
402 1597 563 1663 plerumque
573 1611 668 1651 sacros
678 1599 746 1652 ritus
760 1598 901 1661 omittant,
934 1592 1061 1653 sinisset,
1075 1612 1087 1641 ι
1099 1606 1162 1645 cum
1175 1594 1303 1659 praelatus
1316 1595 1358 1648 vir
1370 1596 1527 1660 praedictam

307 1689 336 1737 ct
355 1696 414 1736 non
428 1683 542 1736 credant
561 1684 729 1738 sacramenti
740 1684 901 1751 dignitatem
934 1676 1143 1743 desponsaverit
1183 1680 1325 1731 mulierem
1361 1681 1389 1732 in
1417 1681 1527 1747 propria

307 1768 413 1834 nuptiis
432 1768 533 1821 inesse,
558 1771 691 1821 Caetepum
713 1769 773 1835 ipse
794 1776 902 1823 compa.
934 1775 1071 1829 personam
1086 1781 1102 1811 tt
1116 1764 1189 1816 unde
1202 1765 1229 1815 in
1250 1766 1310 1818 foro
1328 1772 1441 1820 externi)
1468 1768 1528 1821 ovi·

307 1858 371 1905 ctus
399 1852 600 1917 baptizatorum
633 1854 776 1907 hominum
805 1854 900 1919 adest,
934 1849 1016 1902 uetur
1035 1848 1105 1901 forte
1129 1862 1178 1915 pro
1207 1852 1334 1917 conjugio
1359 1866 1528 1918 praesumen-

306 1950 392 2003 quem
423 1939 628 1990 Sacramentum
658 1952 720 1993 esse
741 1941 901 2005 credimus,
934 1934 1078 1986 dum-»ld
1091 1936 1261 2000 0¹l¹0l21⁰m
1273 1937 1346 2001 apud
1359 1950 1528 1991 ⁰¹¹¹¹10⁸e⁵S⁰

306 2028 395 2076 totam
414 2023 501 2075 secuti
520 2029 699 2085 vetustatem3
715 2025 833 2092 ideoque
846 2026 902 2079 hac·
935 2019 1033 2082 debet,
1047 2020 1165 2085 elmoni
1183 2033 1337 2094 0011611818
1351 2022 1459 2075 1111101114
1472 2037 1528 2074 11111·

307 2108 407 2165 resim.
421 2108 491 2159 sicut
502 2113 528 2160 et
540 2114 684 2173 peccatum
696 2110 900 2177 quodcumque,
935 2106 1031 2158 lierem
1041 2105 1164 2171 decepit,
1175 2112 1202 2178 et
1212 2106 1332 2171 vitiavit,
1356 2108 1459 2160 debere
1483 2109 1528 2161 da·

307 2194 419 2249 obicem
436 2196 532 2259 gratiae
549 2208 612 2247 csse
631 2195 763 2260 latemur,
784 2197 833 2249 sed
846 2209 901 2263 quo
934 2204 1030 2243 mnum
1042 2192 1146 2243 illatum
1159 2194 1371 2258 reparare‚quod
1385 2206 1459 2259 saepe
1473 2194 1528 2246 exi·

307 2291 366 2331 non
386 2276 445 2342 ipsa
466 2278 577 2330 tollatur
590 2280 758 2332 sacramenti
770 2280 900 2333 essentia.
935 2276 975 2343 git
994 2282 1022 2329 ut
1039 2290 1120 2329 uerus
1138 2290 1291 2331 consensus
1303 2284 1398 2343 postea
1415 2283 1529 2343 praeste-

307 2363 388 2428 Quod
406 2364 440 2415 ad
458 2363 619 2418 intentionis
635 2365 772 2419 delectum
783 2366 902 2432 pertinet
934 2367 988 2415 tur.
1001 2364 1056 2415 Noc
1073 2364 1101 2414 in
1112 2370 1224 2415 externo
1236 2363 1296 2416 loro
1314 2364 1435 2416 creditur
1454 2376 1530 2416 asse-

308 2463 343 2503 ex
356 2461 450 2501 errore
468 2449 503 2502 de
521 2451 689 2503 sacramenti
708 2457 820 2514 natura,
842 2451 902 2516 opi·
934 2447 1059 2501 rentibus
1073 2460 1103 2499 se
1116 2448 1209 2500 animo
1222 2448 1495 2502 nonconsensisse.¹

308 2534 448 2587 namurin
461 2536 601 2587 voluntate
618 2536 902 2588 contrahendimatri·
967 2534 1008 2583 45.
1024 2550 1036 2579 ι
1054 2532 1255 2585 Matrimonium
1279 2533 1307 2584 in
1327 2534 1441 2586 veritate
1461 2546 1530 2585 con-

308 2617 435 2671 mouinm
450 2604 564 2681 reperiri
586 2619 746 2683 implicitam
775 2619 903 2672 intentio·
935 2618 1052 2669 trahitur
1068 2631 1117 2683 per
1132 2618 1284 2684 legitimum
1304 2619 1355 2671 viri
1368 2625 1395 2670 et
1407 2618 1529 2671 mulieris

309 2713 376 2753 nem
394 2698 557 2752 conficiendi
577 2704 802 2766 Sacramentum,
820 2716 903 2769 quam
936 2701 1123 2755 consensum:
1139 2702 1529 2769 sednecessariasunt,quan·

310 2785 410 2840 tollere
425 2785 521 2850 nequit
534 2787 592 2852 ipsa
612 2788 748 2841 contraria
757 2789 903 2854 voluntas,
937 2794 995 2841 tum
1015 2789 1051 2845 ad,
1075 2775 1240 2853 Ecclesiam,
1258 2791 1342 2843 verim
1363 2804 1530 2845 consensum

310 2883 398 2940 quum
414 2883 507 2924 errore
526 2871 637 2925 nitatur:
674 2880 690 2904 ·‚
937 2875 1118 2940 exprimentia
1131 2877 1165 2930 de
1179 2877 1317 2942 praesenti.
1333 2880 1399 2930 Nam
1416 2877 1493 2930 surdi
1502 2884 1530 2931 et

584 2957 587 2964 '
937 2960 1006 3013 muti
1016 2966 1133 3026 possunt
1150 2964 1312 3016 contrahere
1325 2963 1529 3017 matrimonium

529 3043 634 3096 CAPUT
654 3044 695 3094 lv.
937 3059 989 3113 per
998 3059 1165 3099 consensum
1179 3055 1304 3099 mutuum
1315 3049 1507 3102 sineremus.»
1519 3045 1530 3080 ³

970 3134 1012 3183 44.
1027 3134 1185 3185 consensus
1209 3133 1292 3186 debet
1315 3147 1377 3186 esse
1401 3133 1471 3186 liber
1495 3133 1529 3184 ab

519 3227 551 3264 nn
567 3227 700 3267 consensu.
937 3216 1012 3270 omni
1029 3222 1104 3269 metu
1122 3216 1239 3284 grauiad
1260 3217 1313 3270 hoc
1329 3217 1526 3284 iujusteincus-

938 3313 971 3354 so
982 3315 988 3350 z
1001 3314 1086 3365 quum
1109 3300 1182 3354 enim
1196 3301 1325 3353 mulieres
1350 3301 1476 3367 quaedam
1488 3315 1529 3354 as·

346 3387 390 3437 ta.
413 3385 453 3438 Ad
468 3385 673 3438 matrimonium
687 3385 904 3439 contrahendum
938 3391 1062 3438 sererent
1078 3399 1130 3439 «se
1152 3399 1294 3452 nunquam
1314 3385 1342 3438 in
1354 3387 1417 3438 illos
1430 3387 1530 3440 veraci·

312 3484 467 3525 consensus
478 3485 559 3524 verus
570 3479 597 3524 et
618 3480 729 3525 mutuus
747 3471 904 3538 requiritur,
939 3476 981 3524 ter
992 3471 1184 3535 consensisse,
1206 3471 1254 3522 sed
1272 3476 1346 3522 metu
1360 3470 1436 3524 illato
1453 3483 1530 3524 com-

312 3570 369 3624 quo
395 3558 499 3612 scilicet
510 3559 702 3612 contrahentes
715 3559 768 3611 sini
789 3558 906 3612 invicem
939 3557 1051 3623 pulsas,
1076 3556 1160 3609 verba
1187 3556 1335 3621 protulisse
1354 3568 1529 3619 consensus,

312 3655 428 3696 suorum
449 3656 595 3710 corporum
619 3643 771 3697 dominium
785 3643 905 3698 tradunt.
939 3642 1004 3694 licet
1030 3642 1122 3704 animo
1143 3641 1365 3705 dissentirent,»
1388 3641 1530 3706 respondit

313 3725 341 3778 Si
350 3726 440 3778 verbis
450 3726 568 3794 tingatur
581 3742 733 3782 consensus
755 3743 788 3782 cx
804 3731 906 3782 alteru·
940 3728 1077 3781 lionorius
1091 3729 1136 3779 lll.
1149 3743 1156 3778 :
1171 3731 1253 3781 «lton
1265 3728 1356 3781 statim
1366 3733 1409 3780 est
1420 3728 1530 3781 audien·

312 3817 356 3864 tra
378 3818 471 3878 parte,
498 3815 697 3868 matrimoniale
729 3815 819 3868 ioedus
849 3829 906 3869 non
939 3814 977 3866 tia
994 3813 1170 3879 deneganda,
1189 3813 1238 3865 scd
1255 3813 1290 3866 de
1309 3814 1384 3866 illato
1396 3818 1471 3866 metu
1486 3816 1530 3866 est

314 3897 441 3950 subsistit
453 3912 458 3946 :
474 3905 638 3963 quapropter
650 3912 734 3965 quum
746 3900 829 3952 homo
843 3900 905 3965 qui·
939 3911 1002 3950 cum
1013 3897 1155 3963 diligentia
1166 3899 1360 3962 inquirendum
1378 3913 1385 3947 z
1397 3903 1425 3950 et
1437 3898 1529 3950 sitatis

313 3981 390 4043 dam,
400 3980 435 4032 ad
447 3981 629 4034 inducendam
637 3984 780 4036 mulierem
789 3984 906 4035 adcom·
938 3985 1028 4032 anctos
1037 3981 1190 4034 inveniatur
1207 3981 1314 4043 illatus,
1327 3982 1376 4046 qai
1386 3984 1475 4046 potuit
1484 3995 1530 4035 co·

314 4063 449 4117 mercium
468 4066 590 4128 carnale,
607 4079 666 4119 eam
686 4068 776 4120 alieno
794 4067 905 4121 nomine
938 4065 1001 4117 dere
1014 4065 1045 4116 in
1062 4069 1229 4118 constantem
1248 4066 1341 4118 airum
1352 4105 1358 4128 ,
1371 4072 1451 4118 crunt
1473 4079 1529 4120 non

313 4148 512 4214 desponsasset
536 4151 652 4204 diceudo
673 4167 679 4202 :
699 4172 711 4198 «
729 4154 766 4205 Te
786 4155 906 4208 loannes
940 4149 1078 4202 immerito
1098 4150 1251 4202 audiendae.
1270 4150 1306 4196 »⁴
1325 4151 1442 4213 Quilibet
1461 4151 1528 4206 levis

313 4232 480 4298 desponsam
500 4255 512 4280 »
532 4234 638 4302 tingens
659 4249 689 4290 se
714 4238 805 4290 vocari
828 4240 908 4292 ioan·
940 4242 1095 4289 metusnon
1109 4235 1374 4297 tollitconsensnm⁸¹

315 4331 396 4380 nem,
409 4332 525 4386 eamque
543 4322 673 4389 deinceps
696 4323 836 4389 vitiasset,
848 4325 908 4378 ani·
974 4327 1017 4377 45.
1032 4327 1209 4380 conditiones
1222 4327 1305 4378 nullae
1317 4326 1418 4379 debent
1428 4327 1529 4393 apponi

319 4413 365 4455 mo
381 4407 495 4458 tamen«
514 4420 573 4460 eam
586 4421 640 4463 non
653 4409 796 4476 proposuit
807 4410 907 4464 ducere
940 4412 1098 4466 consensui.
1121 4413 1148 4464 si
1159 4417 1250 4464 tamen
1267 4412 1357 4478 aliqua
1377 4419 1530 4480 apponatur

347 4673 377 4724 (tl
386 4670 438 4723 Cep.
448 4669 501 4711 uri.
509 4670 535 4710 dc
544 4670 622 4724 Spons.
970 4675 998 4727 (ὅ)
1010 4676 1089 4716 lbidem
1104 4687 1152 4726 cup.
1161 4686 1207 4714 ur.

268 4728 298 4785 *2¹¹
346 4741 373 4793 tt)
381 4740 461 4782 ibidem
470 4751 517 4792 cap.
526 4740 596 4781 uuili.
726 4787 738 4794 ,.
850 4783 853 4788 ,
970 4745 997 4796 it,
1006 4745 1059 4798 Cap.
1073 4744 1142 4786 xxviii.
1158 4743 1184 4785 de
1193 4744 1273 4797 Spons.
