3792 5550
724 552 794 604 CAP.
808 552 847 603 ill.
868 552 909 603 nti
927 548 1144 603 celenderitis.
1508 556 1540 607 57

322 670 378 718 est.
416 702 423 717 .
460 702 467 717 .
590 670 725 721 Gaeterum
746 668 837 722 omnis
858 666 919 720 dies
952 664 1170 730 eucharistiam,
1188 666 1541 734 velsupercapitaaorum

326 749 436 803 bomini
449 757 511 814 est,
524 752 615 807 omum
628 754 705 817 bera,
717 764 800 805 omne
811 758 918 818 tempus
951 752 1051 817 quibus
1070 768 1166 807 manus
1188 755 1357 827 imponitur?
1369 758 1433 819 Quae
1449 756 1542 809 omnia

325 835 418 889 babile
440 836 577 903 baptismo
602 853 610 889 ε
639 838 662 891 si
686 838 721 891 de
745 836 917 892 solemnitate
952 841 979 891 el
993 838 1081 903 liunt,
1100 844 1127 893 et
1144 842 1255 903 valent,
1272 840 1356 893 etiam
1368 854 1416 906 per
1428 840 1540 894 homici-

324 922 441 976 iuterest
452 949 465 987 v,
486 923 521 976 de
549 924 635 990 gratia
655 923 723 976 nibil
751 924 841 977 relert.
868 941 884 971 s
907 922 915 955 ¹
951 924 1001 976 das
1014 962 1021 988 ,
1033 924 1114 978 idest
1126 937 1234 991 percos
1246 925 1292 993 qui
1305 926 1539 990 oderuntlratres,

320 1008 476 1061 orientales
488 1008 517 1061 in
527 1009 678 1075 ttptpnania
696 1010 779 1063 etiam
788 1010 918 1065 solemni·
950 1009 1031 1061 etiam
1042 1008 1070 1063 iu
1082 1010 1141 1077 ipsa
1151 1011 1224 1063 intus
1238 1010 1367 1063 Ecclesia.
1382 1031 1394 1056 s
1407 1010 1418 1045 ⁴
1431 1012 1461 1062 ln
1474 1013 1543 1077 lpo-

324 1101 368 1147 ter
377 1093 560 1160 baptizabant.
574 1096 676 1147 liorem
699 1096 771 1149 huuc
791 1095 819 1147 in
840 1095 917 1147 adul·
948 1094 1052 1148 stolicis
1072 1096 1336 1160 constitutionibus,
1350 1100 1541 1161 ouaewveterem

320 1186 416 1234 torum
434 1181 599 1247 eapnsmate
616 1182 744 1246 retineri,
757 1184 801 1236 vel
819 1183 915 1235 saltem
951 1180 1079 1233 exhibent
1111 1181 1305 1247 disciplinam,
1329 1180 1445 1234 babetur
1473 1179 1542 1232 ritus

320 1278 383 1320 nou
404 1266 517 1319 omnino
537 1268 749 1334 'praetermitti,
778 1267 916 1334 praecipue
951 1278 1049 1333 equam
1083 1267 1271 1321 consecrandi.
1296 1265 1459 1318 lCaeterum
1482 1265 1547 1331 ipsa

325 1350 584 1417 inmetropolitanis
598 1354 919 1406 auteatbedmlibusllc·
951 1365 1029 1418 aquae
1046 1353 1220 1407 consecratio
1236 1352 1269 1405 ed
1292 1350 1490 1405 solemnitatem
1507 1350 1543 1402 ri·
1615 1344 1619 1353 '

318 1436 418 1489 valesiis
430 1474 439 1500 ,
452 1437 527 1503 cupit
542 1437 648 1490 ilituale
661 1439 822 1491 Romanum.
951 1444 995 1491 tus
1016 1440 1152 1505 pertinet,
1168 1452 1230 1505 quae
1248 1438 1367 1506 graviter
1379 1431 1490 1503 quidem
1501 1436 1542 1488 in·
1585 1466 1587 1473 ι

358 1524 419 1576 aaa
438 1524 543 1590 Ubique
556 1526 593 1577 ab
609 1524 688 1578 initio
703 1524 855 1591 Baptismus
868 1523 916 1576 ad·
947 1524 1089 1591 iungitur,
1102 1526 1226 1591 quamvis
1246 1524 1281 1577 ad
1299 1522 1480 1576 substantiam
1496 1518 1545 1573 Sa-'

318 1608 548 1673 ‚ministrabatun
570 1610 619 1662 sed
644 1609 699 1662 lide
717 1610 775 1677 jam
797 1606 916 1671 diffusa,
952 1610 1083 1662 crementi
1094 1624 1150 1663 nou
1162 1616 1276 1676 spectet.

318 1699 416 1747 erecta
429 1700 493 1747 sunt
507 1694 667 1759 baptisteria
684 1706 770 1760 prope
782 1692 918 1746 Ecclesiae
983 1695 1042 1746 let.
1063 1698 1130 1747 bum
1143 1700 1320 1749 consecratur
1332 1708 1402 1761 aqua
1415 1693 1543 1749 solemni·

314 1780 495 1833 -catbedrales
508 1794 515 1842 ;
527 1786 623 1845 postea
634 1779 716 1831 etiam
733 1792 818 1845 prope
838 1790 925 1843 pero·-
952 1785 1010 1843 ter,
1023 1793 1082 1833 eam
1095 1781 1182 1847 tangit
1191 1780 1338 1844 sacerdos,
1353 1781 1415 1833 etin
1428 1780 1542 1833 modum

314 1865 444 1926 maiales,
459 1869 489 1916 ut
508 1864 546 1915 ibi
564 1864 718 1929 Baptismus
737 1864 916 1917 conterretur.
952 1863 1041 1918 mucis
1053 1864 1192 1925 dividens,
1211 1868 1241 1917 ut
1258 1866 1386 1919 virtutem
1406 1862 1541 1917 achristo

320 1952 422 2004 itomae
439 1964 524 2016 prope
536 1950 686 2003 Ecclesiam
708 1952 918 2003 lateranensem
951 1949 1080 2003 crucifixo
1098 1948 1212 2003 derivari
1223 1950 1373 2015 significet,
1384 1949 1412 2001 in
1426 1954 1543 2015 quatuor

322 2034 517 2101 baptisterium
529 2035 916 2089 adbueextatllonetllituale
951 2040 1042 2101 partes
1059 2033 1190 2099 effundit,
1202 2041 1232 2087 ut
1241 2034 1355 2101 gratiam
1371 2046 1453 2101 quam
1467 2034 1544 2086 Glari-

323 2122 478 2175 ilomauum
496 2134 504 2172 ε
520 2138 536 2169 a
553 2120 716 2173 necessitate
734 2125 864 2185 excepta,
887 2118 916 2172 iu
951 2125 1010 2173 stus
1030 2120 1110 2173 nobis
1130 2120 1294 2187 promeritus
1313 2124 1372 2186 est,
1386 2122 1414 2173 in
1434 2121 1542 2175 univer-

323 2204 607 2273 priratislooisnemo
620 2204 752 2270 baptizari
763 2202 880 2257 debet.»
949 2218 1013 2257 sum
1036 2207 1131 2260 orbem
1155 2206 1270 2260 diffundi
1295 2208 1423 2262 declaret.
1444 2206 1540 2277 llerplt

357 2290 417 2343 256.
437 2292 511 2357 iqua
528 2291 562 2342 ab
578 2289 777 2357 antiquissimis
789 2288 916 2356 tempori·
949 2303 1076 2355 cereum,
1100 2297 1129 2344 ut
1153 2293 1268 2358 Spiritus
1297 2292 1384 2346 saucii
1413 2291 1541 2346 virtutem

231 2390 235 2395 ’
317 2375 379 2429 bus
392 2375 510 2428 solemni
523 2375 576 2428 ritu
588 2376 731 2430 consuevit
741 2374 915 2439 consecrari,
949 2375 1029 2441 aquis
1037 2376 1234 2431 communicari
1245 2389 1278 2429 ex
1290 2375 1406 2441 eoquod
1419 2375 1543 2429 cbristus

318 2467 358 2514 cut
383 2460 513 2515 sauctitas
528 2460 715 2523 sacramenti,
731 2465 759 2513 et
776 2459 862 2527 gratia
879 2458 911 2512 si·
949 2460 978 2511 in
997 2461 1143 2514 iordanem
1165 2461 1356 2523 descenderit,
1373 2460 1477 2513 innuat.
1500 2460 1546 2512 lus

315 2546 508 2613 „gnilcaretum
528 2566 542 2594 ι
559 2548 770 2606 consecramus,
789 2565 802 2592 ι
826 2546 917 2611 inquit
949 2544 1059 2609 sufflat,
1076 2545 1129 2598 ritu
1145 2551 1319 2611 pervetusto,
1334 2544 1412 2610 cuius
1425 2545 1452 2597 in
1471 2544 1544 2597 chri·

316 2632 591 2699 *Basiliusmaouam
602 2631 915 2699 baptismatisetoleum
949 2634 993 2683 sto
1013 2630 1129 2683 bomine
1154 2629 1292 2695 apostolis
1314 2628 1474 2695 aspirante,
1495 2640 1544 2681 ex-

326 2716 481 2783 unctioais,
496 2724 628 2784 praeterea
646 2718 737 2784 ipsum
756 2716 803 2784 qui
824 2715 916 2782 Bapti-
951 2716 1071 2782 emplum
1084 2714 1176 2769 videre
1189 2720 1248 2777 est;
1267 2727 1321 2781 oua
1333 2713 1439 2766 ratione
1456 2712 1544 2781 sigui-

313 2815 419 2856 smum
445 2803 571 2870 accipit:
597 2817 631 2858 ex
656 2803 757 2870 quibus
783 2800 917 2868 scriptis?
950 2800 1047 2854 ilcatur
1089 2799 1211 2856 divinum
1250 2801 1407 2868 spiritua,
1440 2806 1545 2854 satauae

315 2886 917 2956 nonnaeadtasecretaquetradttiouew
949 2892 1086 2954 potestate
1105 2899 1278 2953 compressa,
1308 2886 1364 2942 viui
1391 2885 1542 2940 mundandi

327 2973 397 3026 iiiuc
405 2976 572 3041 Augustinus
581 2981 677 3029 contra
694 2974 849 3029 bonatistas
859 2976 916 3028 vin·
951 2973 1070 3026 animaru
1080 2973 1159 3040 aquis
1169 2973 1310 3039 impertiri.
1322 2973 1487 3026 chrismatis
1495 2972 1543 3025 ad·

315 3062 424 3116 =dicaus
440 3066 614 3118 &nements
636 3077 700 3130 quaa
719 3065 754 3117 ab
783 3062 918 3129 improbis
951 3057 1103 3121 mixticii,
1116 3063 1146 3110 ut
1163 3058 1278 3124 Spiritus
1294 3059 1381 3111 sancti
1399 3059 1483 3124 gratia
1501 3056 1544 3110 ln-

328 3147 463 3201 ministris
488 3149 634 3215 eontigerit
655 3147 823 3210 ministrari,
851 3147 889 3199 ait
909 3161 916 3197 :
952 3145 1058 3197 dicetur
1070 3158 1078 3204 3
1091 3144 1102 3176 ⁶
1114 3144 1161 3210 qui
1179 3145 1242 3196 linis
1256 3145 1340 3197 totius
1356 3149 1400 3196 est
1411 3145 1498 3208 ritus,
1513 3149 1543 3198 ut

325 3233 501 3296 «Quomodo
518 3245 617 3298 aquam
630 3232 745 3284 mundat
758 3235 787 3284 et
798 3229 918 3284 sanctiti-
953 3227 1118 3293 intelligatur
1135 3239 1220 3293 aquas
1240 3233 1336 3280 natura
1349 3241 1399 3280 sua
1417 3241 1472 3280 non
1495 3229 1543 3280 lia·

319 3323 373 3370 cat
403 3315 565 3370 aomtctear
589 3315 732 3379 Quomodo
752 3315 920 3368 benedicunt
952 3311 1156 3363 berevirtutem
1174 3311 1345 3364 sanctitatem
1360 3311 1541 3376 impertiendi,

316 3404 423 3456 oleum
439 3403 562 3454 tenebrae
573 3403 585 3452 l
598 3401 626 3452 Si
647 3403 740 3453 autem
753 3403 825 3454 baua
842 3400 920 3454 adest
954 3395 1001 3448 sed
1017 3405 1076 3448 eam
1090 3406 1105 3446 a
1119 3395 1226 3446 Cbristo
1239 3394 1362 3448 derivare
1377 3397 1474 3464 ,cujus
1489 3409 1545 3450 me-

319 3476 514 3540 samanaeos
524 3491 553 3539 et
562 3486 654 3541 uerbis
664 3487 918 3553 suis,pea·quales·
953 3480 1012 3534 ritis
1023 3487 1051 3534 et
1062 3480 1185 3534 instituto
1203 3481 1231 3532 tit
1243 3485 1273 3533 ut
1293 3493 1325 3534 ex
1345 3493 1414 3548 aqua
1432 3488 1460 3536 et
1482 3481 1544 3550 spi-

318 3572 399 3626 .b‘bet
427 3571 668 3636 administrentur,
692 3577 721 3626 et
746 3574 918 3626 &emanente
953 3567 1006 3621 ritu
1029 3573 1124 3622 sancto
1137 3579 1323 3621 renascamur.
1342 3567 1482 3634 Gnostici,
1502 3583 1543 3623 re-

329 3656 378 3710 bel
390 3655 493 3722 ubique
504 3664 578 3711 aecta
591 3664 665 3711 sant.
683 3678 697 3704 ι
717 3656 771 3711 ⁸llt
784 3657 918 3712 iuferius:
953 3654 1056 3709 wenta
1074 3655 1194 3719 treuaeo,
1208 3654 1289 3707 ritum
1304 3655 1450 3727 quemdam
1468 3656 1541 3709 baud

333 3742 394 3795 «si
414 3754 481 3810 ergo
496 3743 529 3796 ad
559 3745 613 3798 boc
628 3745 701 3798 valet
722 3744 798 3810 quod
815 3745 924 3798 dictum⁴
954 3741 1107 3794 absimilem
1128 3741 1186 3794 suis
1216 3741 1328 3795 asseclis
1351 3741 1519 3810 peragebant
1532 3757 1546 3804 ;Δ

321 3827 412 3882 estin
424 3829 586 3896 Evangelio:
597 3848 611 3877 ι
620 3831 695 3883 Dcite
704 3835 853 3895 peccemus
863 3843 922 3883 nort
953 3830 1003 3882 sed
1016 3849 1029 3875 κ
1046 3828 1166 3896 profanis
1179 3827 1344 3881 dictionibus
1357 3867 1365 3892 ,
1380 3847 1392 3874 o
1406 3841 1422 3880 a
1442 3827 1542 3894 quibus

324 3914 452 3980 aude„
467 3921 498 3966 ut
508 3927 557 3981 per
566 3916 920 3980 peecatoremsacramente
955 3915 1142 3968 abhorremus.
1155 3913 1166 3948 ⁷

332 4011 388 4052 aon
396 3999 587 4054 celebrentur:
598 3999 738 4065 quemme
750 3998 862 4052 emndit
873 4000 924 4052 bo·
987 4001 1046 4055 258.
1058 4003 1238 4066 sponsoresa
1255 3997 1420 4052 Tertulliano
1437 4009 1543 4050 memo·

322 4083 460 4136 satieidani
470 4083 724 4152 deprecantemvet
730 4097 813 4150 super
821 4096 924 4149 aquam
953 4091 1066 4149 rantur,
1080 4084 1126 4149 uui
1138 4084 1292 4136 adultorum
1313 4083 1393 4136 dotes
1405 4081 1543 4134 testaban-

323 4169 481 4235 baptismi,
497 4171 541 4226 vel
562 4183 648 4237 super
658 4169 750 4228 oleum
762 4206 770 4233 ,
783 4169 826 4223 vel
838 4181 922 4236 super
954 4175 1006 4231 tur,
1020 4167 1095 4222 atad
1110 4166 1277 4233 baptismum
1286 4166 1503 4246 admitterentur,
1514 4173 1543 4221 et

358 4405 385 4459 (l)
399 4405 445 4447 Lib.
454 4407 481 4448 de
490 4406 599 4460 baptismo
608 4418 628 4446 c.
636 4407 676 4446 six.
953 4405 1015 4458 ecia.
1024 4404 1038 4446 i.
1046 4405 1058 4457 5
1067 4409 1111 4448 tta.

358 4475 386 4527 (¹1
407 4475 488 4517 Libeia
497 4476 578 4528 spirita
586 4481 662 4516 »aucto
670 4487 689 4516 s.
699 4475 760 4516 mii.
978 4477 1004 4529 (dt
1012 4477 1118 4520 Ridendos
1128 4490 1152 4519 ae
1161 4477 1297 4531 prebuerunt
1311 4475 1481 4530 Presbyterum,
1494 4485 1547 4520 anto

358 4543 385 4595 (t)
400 4545 424 4584 L.
433 4556 454 4584 v.
467 4544 494 4585 de
503 4547 563 4598 bapt.
570 4550 644 4585 contra
655 4545 775 4586 bonaustu
782 4556 801 4584 c.
810 4556 842 4586 sa.
953 4556 1033 4599 paucos
1043 4559 1111 4588 aanor
1123 4547 1161 4598 ,in
1178 4551 1235 4587 etatu
1249 4545 1344 4597 genmli
1357 4546 1384 4586 de
1394 4546 1498 4598 baptismi
1507 4559 1542 4592 va-

361 4613 389 4664 it)
400 4614 488 4654 ibidem.
953 4616 999 4658 inre
1007 4628 1019 4658 a
1028 4617 1145 4660 catholicis
1160 4614 1232 4657 collati
1250 4615 1348 4656 debitara
1361 4626 1385 4656 ss
1402 4615 1542 4668 prolitentes,

359 4682 423 4733 ibid
440 4685 518 4725 him
532 4683 637 4726 stam
651 4681 674 4724 ia
688 4682 817 4734 comedia
831 4683 925 4736 antiqui-
958 4697 985 4726 eo
994 4687 1052 4737 quod
1061 4687 1108 4726 olen
1117 4685 1254 4738 baptizemus.
1543 4697 1546 4706 ’

326 4757 407 4793 mlum
418 4751 593 4804 christianarum,
601 4753 711 4806 quodiam
727 4744 849 4796 &rinus
866 4755 924 4797 Boni
985 4756 1012 4807 (t)
1022 4756 1046 4796 1..
1054 4754 1069 4794 i.
1077 4754 1125 4796 adv.
1135 4755 1186 4797 haar.
1198 4766 1218 4796 a.
1226 4753 1282 4796 ariii.
