3792 5550
539 509 610 560 ChP.
630 511 671 559 lV.
691 511 733 561 ltu
751 509 1038 560 lnnthEttrlnhult
1055 510 1297 562 archicantoris.
1450 511 1525 564 ⁸293

304 634 359 674 sno
379 620 434 674 line
452 623 618 686 persolvisse
630 625 758 677 dicimus.
772 627 836 687 Quae
850 625 899 691 igi·
932 623 1013 689 plicia
1031 623 1111 676 nohis
1131 625 1255 688 valeant,
1278 632 1307 677 ut
1327 625 1523 690 redemptionis

305 711 354 757 tur
364 719 397 758 es
411 709 502 759 Leone
513 707 609 772 objicit
620 709 766 769 Calvinus,
781 710 899 774 probant
933 709 1033 760 Christi
1049 709 1180 762 beneficio
1193 711 1304 775 largiori
1313 711 1457 762 donemur.
1469 713 1523 764 llac

304 793 381 857 quod
396 792 467 857 apud
488 805 584 845 omnes
604 794 833 853 incontessoest,
847 807 899 848 nos
933 793 1040 844 ratione
1066 793 1101 844 ad
1125 794 1286 848 solvendum
1316 794 1407 848 dehita
1429 800 1522 848 nostra

305 877 407 930 Christi
422 883 529 940 morta,
542 891 598 930 non
614 880 725 932 alterius
743 882 900 942 cujuscum-
934 879 1005 942 apud
1025 879 1144 930 divinam
1160 879 1293 944 justitiam
1313 887 1461 947 martyrum
1480 895 1523 934 sa-

305 977 380 1027 que,
397 964 553 1028 redemptos
576 977 647 1016 esse.
672 965 804 1017 Obicrunt
828 980 899 1017 mar·
932 965 1102 1018 tisiactiones
1115 967 1220 1030 valent,
1235 980 1283 1030 ea,
1303 969 1385 1031 uuam
1399 981 1413 1017 e
1425 967 1523 1020 Christi

304 1055 400 1114 tyres,
430 1061 486 1100 nou
513 1049 636 1100 debitum
658 1050 770 1101 alterius
794 1052 899 1115 persol·
932 1049 1017 1114 gratia
1047 1049 1184 1113 derivant,
1215 1051 1240 1104 vi
1268 1051 1349 1103 nobis
1376 1051 1524 1116 impertita.

305 1141 424 1197 ventes,
437 1137 486 1188 sed
508 1131 615 1189 Christo
636 1137 754 1189 terentes
778 1137 900 1189 testimo·
933 1137 1066 1188 Caeterurn
1084 1148 1116 1186 ex
1135 1136 1226 1189 diuina
1247 1138 1433 1202 accepiatione
1452 1136 1481 1190 lit
1494 1143 1525 1190 ut

304 1222 518 1287 nium,qu0rum
533 1229 624 1274 tamen
637 1230 752 1275 mortem
765 1223 900 1288 patienter
932 1221 985 1272 hac
994 1220 1115 1273 truamur
1131 1222 1256 1274 utilitate.
1267 1222 1278 1255 ¹
1288 1224 1444 1290 'theologus
1458 1224 1526 1275 anti·

304 1308 450 1359 toleratam
468 1321 516 1371 per
538 1308 674 1360 Christum
700 1309 781 1360 nobis
795 1308 898 1373 aliqua·
933 1319 1005 1370 onus
1024 1307 1063 1356 ait
1084 1321 1090 1356 :
1118 1326 1129 1352 a
1150 1308 1187 1359 Ex
1207 1313 1283 1372 parte
1309 1308 1438 1360 Ecclesiae
1459 1314 1524 1360 strnt

305 1399 390 1443 tenus
409 1391 557 1455 prodesse,
579 1393 616 1444 nil
641 1394 760 1446 detrahit
785 1393 898 1447 infinitae
932 1391 988 1443 duo
1000 1407 1006 1442 :
1018 1392 1135 1456 primum
1150 1396 1192 1444 est
1203 1395 1330 1444 meritum
1343 1399 1370 1445 et
1385 1391 1524 1458 praecipue

303 1475 399 1527 virtuti
406 1475 613 1541 redemptionis,
621 1479 899 1543 quamproumninus
932 1476 1046 1537 Christi,
1066 1477 1140 1542 quod
1150 1484 1192 1529 est
1209 1478 1408 1539 inestimabile,
1423 1483 1449 1530 et
1462 1477 1526 1529 alio·

304 1561 450 1626 ipseunus
468 1562 553 1614 dedit.
846 1609 849 1614 .
933 1575 994 1613 rum
1024 1564 1186 1614 Sanctorum
1212 1562 1258 1627 qui
1287 1561 1410 1614 iecerunt
1439 1574 1522 1627 opera

340 1647 383 1697 62.
406 1646 465 1712 otj.
483 1649 509 1698 3.
532 1665 547 1694 u
574 1651 729 1714 agnoscant
752 1650 898 1714 (Catholici)
932 1648 1018 1702 multa
1039 1647 1290 1712 supererogationis
1315 1662 1321 1696 :
1348 1659 1409 1711 quae
1432 1647 1523 1699 omnia

305 1744 401 1782 annon
424 1732 483 1782 haec
501 1731 557 1783 sint
577 1745 626 1783 sua
637 1734 753 1798 placita,
765 1740 898 1799 martyres
933 1732 985 1784 sub
1002 1737 1136 1796 potestate
1151 1731 1268 1783 clavium
1287 1738 1351 1783 sunt
1364 1731 1473 1795 posita:
1493 1737 1523 1783 ut

305 1817 371 1881 plus
382 1822 470 1868 morte
487 1813 536 1868 sua
558 1819 612 1868 lieo
630 1819 792 1882 praestitisse
804 1831 836 1871 ac
844 1832 901 1870 me·
933 1818 1006 1883 quod
1025 1817 1116 1868 minus
1128 1822 1170 1868 est
1188 1817 1215 1866 in
1229 1829 1284 1868 uno
1295 1817 1419 1868 membro
1433 1817 1523 1868 Eccle-

305 1901 376 1954 ritos
394 1915 455 1954 esse
474 1915 556 1966 quam
570 1901 622 1953 sibi
644 1915 714 1967 opus
736 1911 826 1956 esset:
840 1909 900 1956 tan·
934 1906 993 1967 siae,
1002 1908 1196 1968 compensetur
1207 1902 1233 1953 in
1248 1902 1311 1954 alio.
1322 1902 1522 1966 —isecundum

281 1985 285 1993 ⁴
307 1994 422 2051 tamque
438 1986 492 2038 illis
507 1987 669 2039 meritorum
688 1989 840 2054 largitatem
853 2003 899 2042 su·
932 1995 976 2043 est
992 1988 1162 2056 indulgentia
1181 2000 1263 2052 quam
1277 1987 1324 2040 dat
1341 1986 1461 2040 Ecclesia
1474 2000 1524 2052 per

306 2073 464 2138 pertuisse,
485 2087 547 2138 quae
567 2070 595 2124 iri
618 2074 688 2125 alios
722 2073 897 2127 redundaret.
932 2077 1031 2142 Papam
1051 2080 1077 2128 et
1090 2075 1248 2140 Episcopus.
1260 2072 1295 2118 »⁸

307 2161 347 2210 Ne
366 2159 447 2224 igitur
466 2171 664 2223 supervacuum
679 2160 716 2210 sn
730 2163 836 2210 tanturn
849 2160 899 2212 ho·

308 2258 394 2306 num,
417 2245 588 2296 commisceri
612 2257 706 2297 eorum
736 2245 898 2311 sanguinem
1146 2247 1249 2297 CAPUT
1268 2245 1308 2295 lv.

307 2331 435 2397 sanguini
453 2331 551 2384 Christi
561 2371 567 2388 ,
578 2336 605 2382 et
617 2344 649 2383 ex
661 2336 777 2396 utroque
790 2334 899 2384 thesau-

309 2431 371 2470 rum
392 2420 522 2471 Ecclesiae
539 2419 636 2471 conlici
654 2420 688 2470 ad
709 2420 897 2472 remissionem
993 2431 1024 2468 nr
1042 2431 1261 2468 rnnunceurrrnun
1279 2431 1465 2470 serumserum.

307 2512 335 2558 et
365 2507 580 2558 satisfactionem
607 2511 795 2572 peccatorum.
818 2527 830 2553 a
861 2509 898 2560 lta

306 2591 447 2644 Calvinus.
462 2592 471 2624 ¹
966 2589 1008 2638 et.
1029 2587 1216 2652 indulgentias
1228 2587 1357 2652 applicari
1372 2600 1454 2652 posse
1466 2589 1522 2640 ani-

340 2679 384 2728 65.
406 2678 484 2740 desp.
503 2679 560 2728 lton
582 2678 641 2728 haec
656 2682 720 2728 sunt
736 2678 835 2742 placita
850 2691 899 2730 no·
932 2673 1029 2726 mahus
1044 2672 1167 2726 fidelium
1185 2673 1375 2726 detunctorum
1394 2679 1521 2727 constans

305 2767 389 2815 stra:
407 2775 470 2813 nam
485 2767 619 2827 martyres
636 2763 774 2815 credimus
789 2763 898 2829 plenam
933 2764 975 2812 est
996 2774 1094 2813 sensus
1118 2764 1145 2813 et
1163 2760 1287 2814 doctrina
1313 2762 1451 2815 Ecclesiae.
1471 2765 1522 2815 Eas

305 2848 468 2899 meritorum
478 2848 653 2900 mercedema
664 2852 898 2912 lleoconsecutos3
934 2846 1045 2911 cuidem
1061 2848 1233 2911 pertundunt
1251 2847 1376 2915 suffragii
1389 2848 1523 2913 prodesse

306 2932 357 2985 sed
370 2932 511 2997 suppliciis
524 2947 633 2997 eorum,
647 2940 746 2999 praeter
756 2935 897 3000 meritum,
932 2932 1033 2986 docent
1052 2934 1198 3001 Thcolcgi,
1219 2934 1302 2987 verba
1324 2934 1455 2999 pontilicii
1481 2934 1522 2985 iu-

305 3019 364 3073 vim
378 3021 524 3086 quamdam
538 3020 628 3073 inesse
641 3034 786 3074 censemus
804 3022 898 3074 luendi
932 3018 1000 3071 (lulli
1023 3032 1079 3084 prm
1097 3019 1184 3071 oculis
1207 3019 1355 3082 hahentes,
1375 3025 1403 3071 et
1426 3020 1522 3072 condi·

306 3118 422 3171 poenas,
452 3120 540 3171 eaque
567 3106 671 3158 idcirco
697 3105 788 3157 offerri
816 3119 898 3171 posse
932 3103 1036 3157 tionem
1059 3104 1228 3165 animarum;
1253 3116 1314 3169 quae
1337 3118 1420 3169 qurum
1448 3110 1522 3157 extra

306 3178 899 3253 lleo,utinlirmi0ribusiratribusperChri·
932 3189 1063 3242 ditionem
1090 3189 1342 3242 Ecclesiasticorum
1374 3192 1522 3243 araesnlum

306 3281 382 3328 stum
392 3276 425 3326 ad
436 3288 577 3341 poenarum
591 3274 779 3339 temporalium
790 3273 900 3326 valeant
932 3275 988 3327 sint
1004 3274 1118 3339 positae,
1140 3286 1195 3325 non
1210 3277 1326 3337 possunt
1348 3275 1458 3338 proprie
1476 3275 1523 3327 ab·

306 3360 512 3413 remissionem.
540 3360 767 3413 lion-credimus
803 3372 898 3412 eorum
933 3360 1264 3423 solviahaliquapoena.
1285 3357 1409 3425 suffragii
1431 3365 1522 3413 autem

305 3446 898 3512 sanguinemcnristisanguinicomnrtsceri,
932 3446 1002 3499 ratio
1016 3446 1043 3496 in
1057 3457 1090 3497 eo
1102 3446 1153 3497 sita
1173 3451 1228 3502 est,
1243 3445 1315 3510 quod
1333 3445 1455 3497 Pontifex
1470 3448 1522 3500 [teo

307 3536 340 3584 ut
353 3545 385 3583 ex
397 3536 513 3597 utroque
522 3532 604 3583 veluti
618 3532 741 3597 partibus
754 3533 899 3584 thesaurus
933 3530 1031 3585 offerat
1040 3532 1210 3583 exthesanro
1220 3531 1348 3584 Ecclesiae
1357 3531 1523 3585 solutionem

307 3615 486 3676 conficiatur:
510 3617 559 3669 sed
584 3618 617 3669 ad
643 3618 781 3669 cumulum
801 3617 899 3670 intiniti
927 3616 1018 3670 debiti
1037 3629 1092 3681 qno
1113 3620 1261 3683 gravantur
1276 3616 1375 3669 animae
1392 3616 1460 3680 illae,
1474 3617 1522 3670 de·

307 3702 432 3755 thesauri
450 3703 549 3754 Christi
566 3703 729 3769 sanguinis,
750 3707 898 3770 martyrum
933 3715 1049 3767 precans
1062 3705 1092 3753 ut
1104 3708 1279 3767 acceptetur,
1298 3702 1325 3754 in
1347 3717 1439 3755 earum
1453 3704 1523 3756 utili·

309 3788 473 3853 sanguinem
499 3790 581 3841 veluti
605 3789 899 3843 adminiculum'aece-
933 3792 1027 3840 tatem.
1058 3786 1103 3838 Vis
1125 3801 1224 3853 magna
1254 3788 1319 3840 insit
1344 3802 1458 3841 necesse
1482 3794 1524 3841 est

308 3874 392 3931 dere,
407 3874 455 3937 qui
469 3873 550 3923 nohis
561 3874 691 3937 prositad
709 3874 898 3925 remissionem
933 3872 1091 3937 hujusmodi
1102 3870 1230 3936 suffragio
1240 3910 1247 3933 ,
1259 3872 1292 3924 ab
1309 3872 1355 3926 illo
1374 3874 1467 3925 oblato
1479 3875 1522 3926 cui

296 3970 455 4025 poenarum
477 3956 575 4007 Christi
598 3956 779 4008 intuituNon
803 3957 900 4023 igitur,
935 3956 1059 4008 Christus
1077 3956 1136 4019 ipse
1159 3956 1262 4021 ligandi
1292 3962 1319 4009 et
1348 3958 1470 4010 solvendi
1495 3960 1522 4011 in

308 4049 342 4095 ut.
353 4041 535 4094 calumniatur
543 4041 680 4101 Calvinus,
693 4041 830 4092 Christum
843 4042 902 4093 vul·
935 4041 1016 4091 terris
1033 4040 1109 4091 dedit
1120 4045 1292 4104 potestatem.
1304 4041 1415 4106 Negavit
1425 4042 1523 4094 Luthe-

308 4141 405 4194 garem
418 4126 570 4177 sanctulum
583 4124 712 4186 iacimus,
725 4126 771 4189 qui
783 4126 809 4176 in
822 4126 901 4178 turha
936 4140 983 4177 rus
1004 4124 1119 4177 mortuis
1143 4124 1223 4177 utiles
1242 4138 1303 4176 esse
1322 4124 1522 4192 indulgentias;

308 4212 356 4265 vix
372 4212 566 4277 dignoscatur;
589 4211 637 4262 scd
658 4210 768 4262 unicum
786 4210 901 4263 Redem·
936 4223 1018 4277 quem
1046 4222 1165 4281 errorem
1195 4222 1257 4261 cum
1276 4208 1388 4272 ¹caeteris
1414 4212 1523 4265 corrixit

307 4300 485 4364 ptoremeum
494 4295 701 4362 agnoscimuset
710 4295 900 4361 praedicamus,
934 4298 989 4349 Leo
1008 4298 1037 4347 ll.
1052 4294 1158 4347 lticcius
1168 4306 1230 4346 eum
1244 4306 1293 4346 sua
1308 4294 1412 4359 synodo
1423 4295 1524 4360 pariter

309 4383 377 4435 licet
394 4387 541 4447 martyrum
555 4381 657 4448 egregii
674 4381 783 4435 labores
794 4385 822 4434 et
837 4394 903 4447 sup·
935 4382 1045 4447 erravit,
1057 4380 1154 4435 merito
1163 4380 1264 4438 idcirco
1277 4393 1292 4437 a
1304 4380 1350 4438 Pio
1362 4382 1393 4437 vt
1413 4381 1526 4440 damna·

337 4644 366 4694 (ll
382 4644 435 4684 lnal·
444 4644 459 4683 l·
470 4616 500 4683 iii·
510 4656 529 4684 c·
539 4656 558 4684 t·
571 4650 589 4683 ³·
932 4649 1105 4692 satisfactionum
1119 4649 1272 4703 indulgentiis,
1282 4662 1301 4691 c.
1310 4652 1346 4691 vii.

338 4714 366 4767 (2)
376 4714 428 4755 viae
437 4713 517 4756 Christ.
532 4715 616 4767 Lupum
626 4716 679 4757 diss.
693 4717 720 4758 tle
734 4722 869 4771 peccatorum
880 4725 900 4760 et
959 4720 985 4773 (t)
995 4718 1088 4760 venetiis
1098 4730 1125 4760 an
1141 4720 1256 4763 leontii.
1266 4732 1285 4761 c.
1295 4724 1327 4761 tt.
