3792 5550
351 544 402 597 282
711 531 828 584 untur.
847 527 899 578 nr.
917 523 960 574 nt:
979 519 1218 573 innutounrtts.

353 656 593 726 explicandaque
612 651 647 704 de
670 644 791 716 peccetis
814 639 943 697 omuibus
977 637 1094 691 sublata.
1115 631 1237 700 Erigitur
1259 630 1343 683 etiam
1365 627 1495 694 quaedam
1516 627 1569 680 Deo

354 744 478 800 remissis
491 749 690 803 nonnunquam
707 726 868 787 dicuntur.¹
886 729 945 778 lton
978 717 1166 775 satisfaciendi
1186 716 1333 778 uoluntas,
1359 733 1372 759 ιι
1388 713 1471 766 nonis
1482 712 1571 778 operi-

354 831 436 885 aliam
446 823 678 894 indulgentiarum
706 816 848 870 notionem
876 820 946 876 pras·
979 807 1032 860 bus
1053 801 1229 866 inhaerendo,
1249 798 1417 854 commissos
1444 809 1572 850 excessus

355 917 415 971 buit
428 916 487 982 ipse
500 909 640 972 Tmolius,
662 903 701 958 uti
709 904 798 968 liquet
807 913 842 952 ex
852 895 946 949 libello
979 889 1152 958 plangendo,
1176 906 1188 932 u
1211 883 1251 938 uti
1267 881 1412 949 rescripsit
1429 880 1573 948 Gregorius

356 1016 439 1070 quern
460 1000 487 1051 in
513 1009 593 1049 usum
616 999 777 1060 praeconum
802 981 948 1046 indulgen·
979 977 1035 1030 Vll.
1056 973 1180 1039 Remigio
1199 971 1354 1038 Episcopo,
1380 980 1467 1034 qnam
1487 966 1575 1032 exqui·
1646 983 1649 989 ·

358 1088 458 1155 tiorum
468 1081 563 1137 edidit.
576 1080 588 1113 ²
600 1077 774 1142 theologus,
790 1071 869 1137 cujus
879 1077 949 1133 opus
982 1063 1082 1117 siverat
1090 1057 1288 1125 indulgentiam
1297 1053 1452 1120 plenariam
1468 1050 1494 1104 ei
1514 1052 1576 1104 elar-

357 1171 477 1226 venetiis
486 1169 652 1234 impressum
664 1167 707 1216 est
719 1171 792 1214 anno
811 1155 893 1218 ltin,
908 1151 950 1204 di·
984 1144 1100 1215 glens‘
1135 1144 1204 1196 llinc
1228 1138 1433 1206 [animaduertit
1462 1137 1575 1202 scriptor

356 1258 414 1312 cit:
430 1251 623 1320 «indulgentia
633 1261 689 1302 non
702 1245 855 1299 estdonum
865 1238 952 1292 oolla·
984 1229 1197 1299 protestanticus
1209 1225 1348 1281 lleinlrard
1363 1224 1391 1278 in
1406 1219 1485 1278 omni
1493 1223 1578 1275 indul-

360 1343 445 1397 tivum
471 1337 584 1407 gratiae,
610 1334 659 1388 sed
694 1329 857 1399 privativum
889 1335 950 1390 pm-
984 1317 1138 1386 gentiarurn
1151 1315 1228 1368 Bulla
1246 1313 1332 1380 exigi,
1351 1309 1505 1364 utcontriti
1518 1321 1577 1362 con·

358 1442 411 1482 nae.
426 1426 462 1474 »⁸
983 1405 1114 1458 titeantur
1136 1405 1248 1470 peccata
1270 1399 1318 1466 qui
1337 1411 1386 1452 eas
1410 1396 1514 1450 lucrari
1535 1408 1576 1448 cu·

392 1518 419 1567 ὅ.
431 1511 561 1566 Ptenmio
572 1505 711 1561 cadicitur
719 1497 888 1566 indulgentia
896 1506 951 1561 qua
983 1489 1071 1555 piunt.
1085 1487 1096 1521 ⁸

360 1604 418 1654 tota
439 1609 521 1665 poena
547 1591 668 1661 peccatis
680 1587 772 1642 debita
786 1581 949 1637 remittitur:
1016 1577 1042 1627 5.
1068 1571 1274 1625 calumniantur
1300 1567 1348 1634 qui
1372 1565 1470 1619 dicunt
1491 1564 1577 1617 indul·

359 1684 484 1752 partiatis
507 1694 540 1735 ea
566 1683 609 1733 est
634 1688 689 1742 qua
713 1682 857 1740 poenarum
888 1677 952 1732 pars
986 1658 1086 1726 gentiis
1109 1656 1168 1710 dari
1188 1654 1326 1710 licentiam
1340 1651 1521 1721 peccandi,⁶
1537 1652 1577 1704 vel

361 1770 474 1825 tollitur.
498 1769 598 1820 ltotum
618 1767 661 1816 est
681 1754 878 1826 poenitentibus
904 1762 953 1816 per
986 1742 1179 1798 remissionem
1189 1739 1492 1808 percutitipnttonem,
1505 1737 1578 1804 quasi

361 1865 451 1908 annos
463 1850 596 1919 plurimos
613 1847 640 1899 in
652 1843 783 1912 operibus
796 1835 954 1893 durioribus
986 1831 1043 1898 jam
1054 1828 1226 1882 remittantur
1236 1837 1325 1892 poenae
1345 1835 1408 1890 qnae
1417 1822 1540 1888 peccatis
1552 1821 1579 1873 in

363 1944 394 1992 ut
404 1952 435 1991 se
443 1938 601 1991 exercerent
613 1931 679 1986 olim
701 1929 870 1996 injunctum,
892 1933 956 1987 pee-
988 1921 1130 1982 posterum
1155 1912 1296 1979 patrandis
1324 1909 1512 1963 deuehuntur.
1542 1907 1579 1960 llil

365 2021 521 2078 catishaud
534 2018 604 2072 adeo
613 2008 868 2084 grauibusleuiori,
889 2008 955 2072 puta
988 2005 1080 2054 autem
1099 2003 1172 2054 vetat
1198 1996 1351 2052 concedere
1375 1994 1579 2062 indulgentias,

362 2107 545 2176 quadraginta
558 2104 682 2165 dierum,
700 2096 810 2151 luendis
820 2091 956 2160 poeniten·
990 2097 1108 2152 quarum
1120 2083 1258 2137 beneflcio
1272 2083 1301 2134 in
1313 2080 1412 2134 mortis
1424 2079 1580 2132 discrimine

364 2197 412 2247 tia.
428 2187 599 2256 indulgentia
611 2186 694 2252 igitur
710 2179 889 2248 quadraginta
900 2175 957 2228 die·
990 2171 1072 2238 positi
1089 2171 1142 2223 frui
1160 2171 1285 2224 ualeant:
1299 2180 1365 2220 nam
1384 2179 1441 2220 non
1464 2170 1526 2220 actu
1537 2178 1581 2218 re·

363 2291 427 2331 rum
450 2273 532 2328 solvit
559 2282 670 2337 poenam
691 2264 811 2319 debitam
840 2268 955 2327 peccato
990 2257 1095 2323 cipiunt
1115 2256 1201 2308 veluti
1219 2265 1269 2320 per
1292 2251 1521 2317 omicipotiouem
1541 2249 1581 2302 in-

364 2347 439 2429 qnod
462 2363 504 2412 tot
527 2355 588 2409 dies
604 2355 681 2406 luere
703 2347 862 2416 oportebat,
880 2347 957 2412 juxta
990 2339 1146 2408 dulgentias
1167 2335 1343 2404 hujusmodi,
1368 2335 1419 2389 sed
1439 2335 1511 2388 fiunt
1526 2334 1579 2387 ido-

364 2451 486 2501 veterem
498 2452 636 2496 cononum
653 2433 836 2501 disciplinam.
855 2432 900 2484 Sic
920 2431 958 2482 in·
991 2426 1036 2480 nei
1053 2431 1084 2478 ut
1107 2424 1148 2478 ets
1170 2423 1198 2478 in
1217 2423 1265 2476 illo
1276 2420 1438 2474 discrimine
1451 2420 1578 2474 truantur.

365 2529 508 2599 dulgentia
532 2533 639 2594 septem
658 2533 793 2577 annorum
814 2508 884 2572 tollit
902 2529 959 2584 poe·
992 2513 1035 2566 Sic
1046 2509 1285 2580 proficiscentibus
1310 2507 1345 2561 ad
1357 2507 1465 2560 bellum
1477 2518 1581 2560 sacrun

366 2631 432 2673 nam
448 2629 532 2686 quam
555 2614 621 2668 olim
648 2615 755 2678 septem
770 2619 861 2662 annos
884 2606 960 2658 luere
993 2600 1118 2653 Urbanus
1145 2598 1177 2648 ll.
1207 2593 1410 2662 indulgentiam
1435 2591 1582 2660 plenariam

366 2705 561 2759 necesseerat.
993 2683 1148 2744 concessit,
1163 2695 1226 2749 quae
1239 2683 1267 2735 in
1279 2681 1377 2735 mortis
1388 2680 1508 2734 articulo
1519 2679 1584 2733 vale

398 2794 424 2841 t.
438 2786 586 2855 Dispositio
611 2781 696 2837 animi
719 2779 754 2832 ad
773 2776 960 2845 indulgentias
993 2780 1053 2836 ret,
1067 2767 1219 2825 dnmmodo
1231 2772 1323 2822 tamen
1339 2780 1406 2821 rere
1420 2766 1583 2833 poenitentos

365 2873 512 2928 lucrandas
521 2868 634 2925 omnino
645 2864 813 2927 necessaria,
822 2867 864 2915 est
872 2865 960 2914 status
995 2857 1122 2913 obirent:
1138 2874 1151 2902 α
1170 2856 1221 2919 Qut
1231 2859 1323 2907 autem
1333 2853 1439 2907 inrera
1454 2851 1585 2919 poeniten·

366 2958 463 3028 prcttoe
484 2970 493 3007 .·
518 2965 600 3007 nemo
617 2948 693 3003 enim
713 2951 805 3014 potest
822 2944 961 2999 remissio·
995 2944 1034 2997 tia
1055 2941 1244 3007 decesserint,
1257 2944 1285 2993 et
1302 2944 1482 3006 peccatorum
1501 2936 1585 2991 indul·

365 3054 432 3096 nem
453 3050 542 3107 poenae
566 3032 741 3101 temporalis,
759 3044 822 3098 quae
841 3028 961 3096 peccatis
995 3026 1115 3096 gentiam
1136 3032 1166 3079 et
1188 3026 1306 3079 fructum
1327 3028 1442 3077 eternae
1454 3020 1585 3079 mercedis

368 3127 495 3189 debetur,
513 3119 662 3187 consequi,
681 3116 788 3185 peceati
806 3117 869 3169 lene
886 3114 959 3168 haud
994 3126 1025 3167 se
1035 3126 1091 3166 non
1103 3112 1231 3166 dubitent
1240 3111 1394 3165 habituros.
1407 3110 1444 3158 „r

394 3414 422 3466 tt)
435 3413 599 3453 Porronotraet.
607 3407 634 3449 de
642 3403 795 3457 Indulgentiis.
802 3414 824 3443 n.
833 3406 866 3442 o't.
875 3405 934 3440 nota.
994 3394 1060 3437 libus.
1070 3393 1166 3437 situlus
1176 3394 1295 3434 lutherum
1305 3396 1327 3433 et
1335 3392 1489 3435 corvinorum
1500 3400 1587 3434 oenone

393 3484 419 3536 (a)
429 3476 687 3524 tantominus-naeniam
704 3473 784 3515 {ttrdio
801 3470 960 3521 vestigemus
993 3464 1068 3508 tudine
1086 3464 1141 3505 odeo
1157 3464 1232 3515 tnta,
1251 3464 1273 3504 oi
1287 3472 1385 3514 nonum
1403 3462 1523 3513 extitisset,
1536 3462 1587 3503 nltrr

369 3551 506 3605 enpreienng
515 3548 554 3589 der
564 3544 712 3595 detumit
726 3554 739 3583 a
757 3540 828 3583 Audin
837 3540 874 3581 Vir
882 3538 910 3578 de
919 3537 961 3577 ιι-
994 3546 1081 3577 omnem
1091 3534 1155 3575 tidem
1169 3538 1210 3573 eet.
1219 3532 1273 3573 lida
1283 3532 1387 3573 Presntio
1395 3532 1524 3585 proloudtti
1532 3540 1588 3583 egre

373 3622 438 3667 tter,
453 3630 475 3671 p.
485 3622 531 3657 tot.
998 3603 1047 3655 gine
1058 3604 1099 3645 hac
1107 3604 1134 3645 do
1144 3614 1167 3643 re
1176 3602 1267 3645 litteren.

392 3690 423 3739 (t)
434 3687 458 3727 L.
467 3684 496 3727 ri.
506 3695 526 3725 c.
535 3687 555 3722 t.
564 3682 592 3733 (t)
607 3682 631 3721 t.
641 3680 657 3719 i.
665 3690 700 3731 ep.
708 3678 775 3719 xxxiv.
1022 3675 1051 3723 (tt
1063 3672 1128 3713 Cone.
1137 3672 1271 3713 claromont.
1279 3670 1310 3710 De
1316 3669 1367 3722 J'ure
1380 3680 1426 3721 qno
1434 3681 1495 3711 uere
1505 3670 1541 3709 illa
1548 3668 1587 3709 bol

394 3756 442 3808 tol«
461 3751 570 3795 silenter
584 3750 626 3789 den
640 3748 717 3788 Ablnss
732 3743 859 3786 melitenen
873 3743 962 3797 pipstli-
995 3743 1016 3784 la
1036 3748 1097 3794 gesta
1110 3747 1178 3794 sunt,
1190 3740 1234 3793 egit
1249 3739 1333 3781 erudite
1341 3739 1397 3781 eatis
1403 3746 1426 3780 et
1433 3745 1533 3782 sonante
1540 3740 1587 3779 Pro

369 3827 425 3867 olen
445 3822 522 3865 Bullen
537 3824 608 3861 cesten
621 3818 654 3859 als
669 3816 798 3867 ltedingung
812 3813 859 3854 test.
867 3813 918 3853 deos
924 3812 963 3853 der
995 3812 1123 3854 manticas
1139 3824 1209 3866 preco
1226 3809 1250 3853 Β.
1266 3811 1294 3851 Ι.
1309 3805 1588 3863 onte,0secu!ettoli

369 3890 566 3937 ibim-metendo
574 3888 635 3929 reine
645 3886 733 3929 Sttndea
742 3883 854 3935 heichten,
862 3882 963 3925 urdene
996 3888 1093 3935 etenim,
1105 3881 1213 3925 districrui
1223 3880 1362 3925 rtsmtetenst
1380 3880 1509 3934 woicam,
1518 3880 1540 3919 in
1547 3878 1588 3920 dia·

369 3968 469 4016 dmm,
486 3962 532 4004 aad
548 3958 597 4001 eino
611 3959 713 4009 lidum
721 3954 962 3997 normannorum·
997 3952 1114 3995 remotione
1131 3962 1198 4004 quarn
1210 3950 1286 3993 habuit
1301 3961 1376 3991 eornm
1393 3950 1489 4002 quodem
1508 3949 1587 4002 Lyceo,

370 4033 480 4077 lteintiard
488 4036 563 4086 ptri.
996 4020 1067 4065 ltnrtii
1078 4026 1101 4062 ts
1109 4022 1144 4062 die
1154 4025 1210 4062 toto.
1227 4022 1286 4061 inter
1303 4025 1381 4060 caetera
1397 4018 1484 4060 dicitu
1498 4019 1516 4059 lt
1524 4018 1542 4059 is
1551 4027 1589 4058 onr

399 4105 426 4155 (t)
442 4103 533 4144 raxam
550 4096 701 4141 Goneettorior
717 4091 826 4135 Romanor
851 4103 877 4132 ex
891 4090 965 4132 libello
997 4090 1136 4133 deliberative
1143 4089 1234 4143 opinion
1245 4088 1293 4129 that
1310 4087 1478 4139 noaggresrire
1494 4094 1588 4129 nrm

373 4173 458 4213 ramoso
468 4177 534 4223 quem
548 4166 650 4218 Lugduni
659 4162 727 4205 edidit
736 4164 851 4201 annotatt
862 4160 961 4212 mneos,
997 4170 1049 4203 orer
1065 4161 1197 4201 nudemur
1214 4158 1271 4200 troia
1288 4163 1351 4197 more
1361 4157 1411 4209 luet
1428 4156 1473 4197 end
1488 4154 1590 4197 sirim

375 4241 517 4283 calvinianus
534 4235 613 4286 nono,
624 4234 715 4288 protulit
724 4230 863 4283 supertiam,
875 4234 966 4283 pasttm
995 4228 1328 4273 decimumnonum
1336 4232 1458 4281 propagato
1467 4226 1525 4267 their
1532 4224 1591 4275 tuith,

374 4305 687 4361 atiosproeeoeuptiotmn
694 4298 967 4353 reoto,utpmbtrstcuili·
996 4302 1036 4345 but
1049 4301 1159 4343 toreliere
1166 4299 1225 4341 their
1234 4297 1341 4351 suffering
1349 4297 1454 4339 hrethren
1471 4296 1527 4337 troni
1547 4306 1592 4349 per-

372 4378 409 4418 bei
418 4374 596 4427 ῦιεὶῑίοτθῡίίῦ
604 4372 657 4413 ⁰litt¹
665 4370 688 4411 1¹¹
697 4368 762 4411 Cttffl
779 4366 961 4420 R⁰=¹¹M⁸¹ih⁰i‚
997 4370 1103 4414 reontion.
1122 4371 1167 4413 'rhe
1184 4370 1254 4412 'rarle
1276 4367 1320 4409 had
1335 4366 1592 4421 nomorejnstrightto

372 4446 418 4485 imo
434 4443 543 4484 licentium
559 4441 614 4481 illud
629 4437 729 4493 morandi
740 4435 788 4499 dari
808 4436 959 4489 consuevisse,
998 4436 1037 4481 the
1051 4438 1161 4481 dominico
1176 4436 1315 4481 oll’aloetino
1324 4437 1378 4479 than
1387 4438 1426 4478 the
1435 4434 1528 4479 ancn.
1542 4462 1568 4475 ..
1586 4459 1593 4473 .

371 4518 432 4553 certo
447 4512 520 4553 soluto
537 4510 608 4563 pretio
623 4521 630 4549 r
645 4508 684 4549 sed
704 4505 836 4548 calumniam
848 4505 962 4557 dissiparit
1000 4509 1076 4550 Wedo
1093 4515 1130 4550 not
1144 4509 1237 4563 nythat
1248 4506 1458 4560 aggroseiverraris
1472 4504 1593 4559 right,bnt

372 4580 494 4633 Episcopus
510 4576 697 4629 Cnrotopolitanus
706 4603 713 4626 ,
733 4572 848 4614 ostendens
865 4572 962 4615 libellum
999 4579 1022 4619 in
1037 4577 1082 4619 thie
1091 4590 1140 4619 caeo
1149 4577 1180 4630 ,it
1188 4576 1275 4619 reemod
1283 4581 1306 4617 tc
1312 4576 1342 4616 'bo
1351 4576 1389 4617 tlte
1398 4576 1450 4629 only
1459 4586 1507 4628 ny
1516 4580 1539 4616 to
1547 4584 1593 4628 pre-

370 4648 436 4689 ffllffi
453 4646 513 4686 ”⁰¹¹⁸
529 4656 618 4697 ΜΝι
633 4643 789 4695 fld0d⁵8¹¹¹¹¹¹¹s
804 4646 878 4693 u²t>⁰²⁸
890 4642 963 4684 thid·
997 4648 1163 4704 yontinruion.
1179 4647 1226 4689 lted
1242 4646 1279 4686 tlte
1296 4646 1411 4699 Europen
1420 4645 1510 4699 princes
1518 4641 1593 4688 united

376 4714 473 4759 ”mm
482 4713 565 4754 insen&
579 4713 600 4753 5³
610 4714 680 4753 ¹⁰⁰0¹¹¹
690 4712 785 4763 primum
794 4710 890 4762 “filum
902 4717 924 4752 ct
932 4724 964 4754 re-
993 4716 1050 4759 ontil
1068 4718 1118 4771 they
1133 4728 1189 4760 vere
1202 4714 1315 4766 attnclod,
1325 4712 1364 4755 tte
1380 4711 1452 4756 anls
1466 4712 1532 4757 could
1541 4712 1593 4755 haro

371 4786 454 4837 imm
470 4792 559 4839 lif05⁸⁰¹
567 4787 588 4821 ⁰²
596 4782 721 4822 mmm
731 4789 743 4818 ⁸
752 4778 855 4819 ¹¹⁰¹·ssss
869 4779 965 4823 ”ibunt-
997 4784 1067 4840 easily
1076 4786 1200 4841 conquered
1214 4786 1272 4826 thern
1279 4782 1310 4825 all
1321 4782 1344 4825 in
1350 4782 1447 4826 detail.»
