3792 5550
592 884 1057 1022 TRACTATUS
1097 888 1235 1017 iiii.

698 1256 752 1320 na
779 1209 1129 1323 eominunrrouu.

505 1895 689 1936 ramorum.
760 1882 763 1885 ”
930 1878 996 1933 fessi
1035 1882 1101 1931 sunt
1129 1878 1203 1931 istud
1235 1880 1408 1936 observatum
1439 1885 1524 1941 luisse

930 1964 1102 2031 temporibus
1118 1965 1311 2031 Apostolorum
1335 1981 1341 2017 :
1356 1969 1525 2033 posteriores

336 2061 362 2110 l.
384 2055 542 2109 Secundum
564 2055 770 2107 sacramentum
796 2048 896 2104 dicitur
930 2050 1038 2103 assensi
1069 2055 1134 2103 sunt
1157 2050 1394 2117 protestantibus,
1421 2053 1525 2109 loederc

300 2140 492 2206 Cortfirrnotin
503 2138 567 2206 quia
581 2150 614 2191 eo
624 2138 790 2192 roborantur
800 2135 896 2188 fideles
930 2150 993 2190 cum
1006 2129 1058 2201 iis}
1078 2149 1150 2190 anno
1170 2136 1346 2202 1532,inito.
1367 2138 1525 2193 Wicileitus

301 2228 404 2282 virtute
420 2224 546 2293 etgratia
563 2222 795 2291 Spiritussanoti‚
818 2225 849 2274 ut
865 2221 897 2271 li-
930 2223 1105 2276 minuereote
1135 2223 1171 2276 de
1193 2236 1226 2276 eo
1250 2223 1360 2277 sensit:
1388 2226 1524 2279 lutherus

302 2312 367 2366 dem
378 2310 491 2364 tirmiter
501 2314 626 2377 teneant,
639 2314 667 2362 et
679 2306 813 2373 intrepide
833 2318 896 2372 prn·
929 2309 1020 2375 palam
1030 2308 1345 2375 impugnavitcalvinus
1355 2311 1414 2377 ejus
1424 2311 1526 2377 pressit

302 2398 449 2463 ficantur,
479 2396 571 2451 omnia
598 2395 654 2461 pati
684 2394 773 2460 parati
804 2391 896 2460 potins
929 2393 1062 2462 vestigia:
1082 2400 1202 2447 attamen
1219 2394 1288 2447 ritus
1304 2394 1404 2448 vetusti
1422 2395 1525 2449 utred·

303 2496 387 2549 quam
399 2481 507 2535 christo
519 2482 565 2535 ael
576 2482 635 2544 eius
651 2478 784 2533 doctrinae
795 2491 896 2531 renun-
929 2479 1007 2532 deret
1016 2478 1160 2542 rationem,
1175 2492 1226 2531 neo
1236 2478 1309 2531 enim
1320 2478 1450 2533 diffitetur
1460 2494 1523 2535 eum

303 2568 382 2621 tiare.
396 2566 507 2621 betiniri
519 2564 589 2619 solet
600 2568 805 2618 Sacramentum
817 2575 896 2616 novae
929 2569 1050 2635 viguisse
1063 2568 1090 2620 in
1103 2568 1243 2631 Ecclesia,
1262 2568 1317 2620 ait:
1335 2588 1348 2613 a
1366 2568 1416 2633 Qui
1433 2570 1525 2635 bapti.

302 2653 403 2720 leglsa
419 2654 482 2705 lesu
500 2651 606 2705 Christo
618 2649 733 2703 Domino
745 2654 840 2701 nostro
858 2646 897 2699 in·
930 2654 982 2705 zati
1002 2657 1081 2705 erant
1105 2651 1241 2715 infantes,
1261 2652 1324 2717 quia
1342 2652 1405 2705 tidei
1423 2654 1526 2707 contes-

304 2738 450 2802 stitutum‚
467 2737 496 2790 in
509 2749 565 2804 quo
577 2733 754 2802 impositione
766 2732 917 2785 manuum'
932 2738 1010 2791 sione
1038 2737 1110 2803 apud
1139 2736 1290 2790 Ecclesiam
1317 2740 1383 2791 tunc
1406 2738 1527 2792 defuncti

303 2820 432 2888 ndsmpi
449 2835 512 2875 cum
525 2821 665 2884 oratione,
684 2819 813 2886 spiritum
833 2831 897 2871 san·
929 2837 985 2876 non
1007 2827 1101 2886 erant,
1123 2822 1175 2874 sub
1202 2821 1283 2876 linem
1313 2823 1460 2890 pueritiae,
1479 2832 1527 2879 aut

304 2913 380 2962 etum
399 2908 567 2974 accipimus,
582 2912 612 2960 ut
631 2907 715 2960 sortes
731 2905 896 2971 perfectique
931 2907 1045 2962 ineunte
1059 2908 1243 2962 adolescentia
1261 2911 1529 2975 repraesentabantur

304 2993 406 3046 Christi
434 2992 563 3058 discipuli
594 2991 751 3046 efficiamur.
781 2992 819 3044 lio
849 2991 896 3043 illa
928 2995 1028 3048 iterum
1064 3008 1080 3046 a
1109 2994 1288 3062 parentibus,
1322 2996 1357 3048 ab
1390 2995 1525 3063 Episcopo

303 3091 436 3131 manuum
454 3077 630 3144 impositione
658 3077 792 3144 imprimis
816 3091 896 3144 agen·
929 3078 1155 3132 examinabantur
1196 3079 1348 3134 secundum
1378 3081 1525 3134 formulam

303 3164 372 3216 dum
388 3163 534 3224 duximus,
548 3163 678 3228 deinceps
695 3162 729 3214 de
749 3161 896 3214 chrismate
929 3161 1108 3226 catechismi,
1129 3177 1211 3228 quam
1225 3169 1291 3218 tun'e
1310 3165 1449 3219 habebant
1467 3179 1526 3219 oer-

302 3247 483 3308 inunetione,
506 3261 568 3312 quae
596 3246 626 3298 iit
645 3245 674 3298 iu
693 3246 774 3312 hujus
800 3249 897 3298 saera·
929 3252 986 3298 tam
1007 3259 1039 3300 ao
1063 3259 1248 3300 communem.
1271 3251 1329 3312 Quo
1351 3255 1442 3302 antem
1465 3251 1525 3306 baec

301 3333 389 3388 monti
406 3329 830 3390 administrationei‚eermonem
846 3329 897 3379 ha-
930 3331 1018 3392 actio,
1038 3343 1101 3394 quae
1125 3330 1227 3394 alioqui
1256 3333 1345 3396 gravis
1374 3338 1523 3397 sanctaque

281 3417 397 3471 bituri.
429 3419 534 3470 Nomen
571 3411 792 3476 concinnationis
823 3411 903 3486 apud
930 3412 1029 3466 merito
1047 3426 1108 3466 esse
1124 3413 1257 3479 debebat,
1275 3416 1336 3481 plus
1364 3417 1524 3471 reverentias

301 3505 332 3556 s.
350 3500 525 3555 Ambrosium
543 3495 695 3563 reperitur.
714 3495 724 3530 ¹
748 3502 777 3549 et
803 3495 831 3548 iu
853 3497 898 3548 sa·
930 3499 1086 3554 naberetao
1103 3499 1261 3568 dignitatis,
1279 3502 1444 3560 ,caeremonia
1457 3516 1525 3570 quo-

302 3583 485 3642 crameutario
503 3584 577 3650 quod
598 3581 718 3650 Gregorii
738 3579 826 3649 llagni
848 3593 896 3634 vo·
929 3586 1313 3653 queadhibehaturmanuum
1326 3589 1524 3656 impositionis.

301 3669 506 3726 eatur.liealiis
518 3669 577 3736 ejus
587 3667 747 3722 nominibus
758 3680 791 3720 ex
807 3666 896 3720 dioen-
928 3671 968 3726 lta
986 3685 1054 3737 puer
1065 3673 1127 3738 ille,
1140 3672 1196 3726 fide
1208 3687 1259 3727 sua
1271 3675 1421 3742 approbata
1436 3713 1444 3740 ‚
1461 3688 1524 3730 oum

303 3755 403 3808 dissat
414 3753 577 3807 innotescet.
791 3792 795 3797 =
928 3757 1046 3811 solemni
1061 3757 1254 3812 benedictione
1272 3759 1469 3815 dimittebatur.
1488 3760 1526 3812 »ἱ

335 3841 362 3892 2.
373 3840 512 3894 horatiani
524 3877 533 3905 ,
546 3839 588 3893 sui
598 3838 678 3892 ducis
689 3839 843 3905 exemplum
852 3851 895 3892 se·
929 3843 994 3895 llaec
1004 3855 1061 3909 prae
1074 3845 1161 3897 oeulis
1179 3845 1310 3900 habuisse
1323 3846 1450 3901 videntur
1471 3855 1526 3900 An·

230 3923 234 3928 ’
303 3924 382 3990 enti,
400 3924 502 3992 signari
519 3925 683 3986 chrismate,
705 3923 809 3977 scilieet
833 3937 897 3977 oon·
930 3927 1052 3994 glicani,
1085 3928 1152 3981 dum
1184 3929 1268 3983 ritum
1304 3931 1525 3988 confirmationis

303 4008 424 4077 firman,
446 4010 633 4078 neglexerunt.
657 4010 696 4061 Ex
717 4007 824 4062 arianis
849 4007 896 4073 qui
928 4012 1149 4078 praescriberem.
1181 4015 1285 4068 Pueros
1323 4014 1426 4069 aliosve
1461 4014 1525 4070 lidei

302 4095 500 4164 Apollinarium
522 4095 684 4162 magistrum
703 4105 828 4146 errorum
847 4093 898 4145 ha·
930 4095 1067 4161 precipua
1096 4096 1226 4163 mysteria
1255 4097 1369 4152 edoctos
1387 4098 1523 4163 Episcopo

304 4181 442 4244 humant,
458 4180 576 4246 spiritus
596 4178 684 4232 sanni
704 4177 897 4242 impugnantes
930 4179 1070 4232 sistendos
1089 4180 1208 4247 jubent,
1228 4179 1277 4246 qui
1296 4180 1319 4233 ei
1345 4181 1523 4249 interroganti

304 4268 463 4332 honorem,
491 4266 564 4319 dona
586 4265 646 4331 ejus
668 4263 697 4315 in
720 4263 896 4315 sacramento
930 4263 1100 4329 respondent
1128 4277 1158 4316 se
1185 4276 1236 4317 sua
1268 4271 1368 4330 sponte
1390 4278 1522 4324 renovare

303 4351 380 4406 baud
397 4355 574 4418 agnoverunt.
600 4347 761 4415 albigenses
790 4359 897 4401 errasse
930 4348 1096 4416 sponsiones
1122 4361 1173 4402 suo
1194 4348 1306 4402 nomine
1332 4349 1360 4402 in
1383 4351 1522 4418 baptismo

305 4435 472 4490 haederae
486 4433 811 4489 nonneminecensentur
831 4447 838 4483 :
861 4431 896 4486 ab
930 4435 1025 4489 laetas.
1047 4435 1180 4503 beinceps
1197 4435 1349 4503 Episcopus
1367 4440 1520 4494 orationem

296 4519 370 4576 'aliia
380 4521 520 4576 vindicati.
531 4519 693 4574 waldenses
706 4523 816 4574 retem
833 4529 897 4585 pro·
929 4520 1038 4586 tundit,
1058 4533 1120 4588 quae
1145 4535 1178 4574 er
1201 4520 1352 4576 pontificali
1377 4525 1522 4600 Romano,

334 4738 661 4816 circummunientium
956 4763 982 4816 p)
991 4763 1044 4820 rust
1053 4763 1236 4819 l.iv.e.xi1,u.t

374 4834 434 4888 llos.
452 4847 491 4886 ur.
1372 4836 1388 4885 6
