<?xml version="1.0" encoding="UTF-8"?>
<!DOCTYPE html PUBLIC "-//W3C//DTD XHTML 1.0 Transitional//EN"
    "http://www.w3.org/TR/xhtml1/DTD/xhtml1-transitional.dtd">
<html xmlns="http://www.w3.org/1999/xhtml" xml:lang="en" lang="en">
 <head>
  <title>
</title>
<meta http-equiv="Content-Type" content="text/html;charset=utf-8" />
  <meta name='ocr-system' content='tesseract 3.04.00' />
  <meta name='ocr-capabilities' content='ocr_page ocr_carea ocr_par ocr_line ocrx_word'/>
</head>
<body>
  <div class='ocr_page' id='page_1' title='image "./theologiadogmat02kenrgoog_0049.png"; bbox 0 0 3792 5550; ppageno 0'>
   <div class='ocr_carea' id='block_1_1' title="bbox 681 619 1546 673">
    <p class='ocr_par' dir='ltr' id='par_1_1' title="bbox 681 619 1546 673">
     <span class='ocr_line' id='line_1_1' title="bbox 681 619 1546 673; baseline -0.002 0"><span class='ocrx_word' id='word_1_1' title='bbox 681 619 751 673; x_wconf 76' lang='lat' dir='ltr'><strong>CAP.</strong></span> <span class='ocrx_word' id='word_1_2' title='bbox 769 619 810 673; x_wconf 83' lang='lat' dir='ltr'><strong>iv.</strong></span> <span class='ocrx_word' id='word_1_3' title='bbox 829 622 871 673; x_wconf 82' lang='lat' dir='ltr'><strong>bii</strong></span> <span class='ocrx_word' id='word_1_4' title='bbox 889 621 1020 673; x_wconf 76' lang='lat' dir='ltr'><strong>ioannis</strong></span> <span class='ocrx_word' id='word_1_5' title='bbox 1041 621 1210 673; x_wconf 75' lang='lat' dir='ltr'><strong>barrisno.</strong></span> <span class='ocrx_word' id='word_1_6' title='bbox 1513 621 1546 671; x_wconf 78' lang='lat'><strong>55</strong></span> 
     </span>
    </p>
   </div>
   <div class='ocr_carea' id='block_1_2' title="bbox 332 738 1547 1499">
    <p class='ocr_par' dir='ltr' id='par_1_2' title="bbox 332 738 1547 1499">
     <span class='ocr_line' id='line_1_2' title="bbox 335 738 1547 819; baseline -0.002 -14"><span class='ocrx_word' id='word_1_7' title='bbox 335 738 452 805; x_wconf 81' lang='lat' dir='ltr'><strong>contulit</strong></span> <span class='ocrx_word' id='word_1_8' title='bbox 465 752 555 819; x_wconf 86' lang='lat' dir='ltr'><strong>aliqua</strong></span> <span class='ocrx_word' id='word_1_9' title='bbox 576 739 646 818; x_wconf 86' lang='lat' dir='ltr'><strong>opus</strong></span> <span class='ocrx_word' id='word_1_10' title='bbox 656 755 698 806; x_wconf 90' lang='lat' dir='ltr'><strong>est</strong></span> <span class='ocrx_word' id='word_1_11' title='bbox 709 752 801 809; x_wconf 82' lang='lat' dir='ltr'><strong>dicere</strong></span> <span class='ocrx_word' id='word_1_12' title='bbox 820 767 827 803; x_wconf 84' lang='lat' dir='ltr'><strong>r</strong></span> <span class='ocrx_word' id='word_1_13' title='bbox 847 752 921 804; x_wconf 88' lang='lat' dir='ltr'><strong>hunc</strong></span> <span class='ocrx_word' id='word_1_14' title='bbox 957 764 990 805; x_wconf 90' lang='lat' dir='ltr'><strong>eo</strong></span> <span class='ocrx_word' id='word_1_15' title='bbox 1002 752 1076 818; x_wconf 85' lang='lat' dir='ltr'><strong>quod</strong></span> <span class='ocrx_word' id='word_1_16' title='bbox 1090 755 1226 817; x_wconf 80' lang='lat' dir='ltr'>quotquot</span> <span class='ocrx_word' id='word_1_17' title='bbox 1238 749 1266 801; x_wconf 91' lang='lat' dir='ltr'><strong>in</strong></span> <span class='ocrx_word' id='word_1_18' title='bbox 1276 748 1412 802; x_wconf 79' lang='lat' dir='ltr'><strong>Christum</strong></span> <span class='ocrx_word' id='word_1_19' title='bbox 1427 749 1547 803; x_wconf 85' lang='lat' dir='ltr'><strong>crodide-</strong></span> 
     </span>
     <span class='ocr_line' id='line_1_3' title="bbox 334 834 1544 903; baseline -0.002 -13"><span class='ocrx_word' id='word_1_20' title='bbox 334 838 441 891; x_wconf 88' lang='lat' dir='ltr'><strong>scilicet</strong></span> <span class='ocrx_word' id='word_1_21' title='bbox 465 851 528 891; x_wconf 93' lang='lat' dir='ltr'><strong>cum</strong></span> <span class='ocrx_word' id='word_1_22' title='bbox 549 836 649 890; x_wconf 85' lang='lat' dir='ltr'><strong>christi</strong></span> <span class='ocrx_word' id='word_1_23' title='bbox 667 837 805 903; x_wconf 86' lang='lat' dir='ltr'><strong>Baptismo</strong></span> <span class='ocrx_word' id='word_1_24' title='bbox 828 836 923 891; x_wconf 88' lang='lat' dir='ltr'><strong>coniu-</strong></span> <span class='ocrx_word' id='word_1_25' title='bbox 956 836 1020 902; x_wconf 90' lang='lat' dir='ltr'><strong>rint,</strong></span> <span class='ocrx_word' id='word_1_26' title='bbox 1033 836 1160 903; x_wconf 88' lang='lat' dir='ltr'><strong>baptizati</strong></span> <span class='ocrx_word' id='word_1_27' title='bbox 1175 834 1290 898; x_wconf 86' lang='lat' dir='ltr'><strong>inerint,</strong></span> <span class='ocrx_word' id='word_1_28' title='bbox 1310 834 1385 886; x_wconf 87' lang='lat' dir='ltr'><strong>nulia</strong></span> <span class='ocrx_word' id='word_1_29' title='bbox 1399 834 1489 886; x_wconf 90' lang='lat' dir='ltr'><strong>habita</strong></span> <span class='ocrx_word' id='word_1_30' title='bbox 1502 847 1544 887; x_wconf 91' lang='lat' dir='ltr'><strong>ra·</strong></span> 
     </span>
     <span class='ocr_line' id='line_1_4' title="bbox 334 920 1543 990; baseline -0.002 -15"><span class='ocrx_word' id='word_1_31' title='bbox 334 922 436 976; x_wconf 89' lang='lat' dir='ltr'><strong>derunt</strong></span> <span class='ocrx_word' id='word_1_32' title='bbox 455 924 558 989; x_wconf 89' lang='lat' dir='ltr'><strong>piures.</strong></span> <span class='ocrx_word' id='word_1_33' title='bbox 574 923 680 976; x_wconf 87' lang='lat' dir='ltr'><strong>Saeculo</strong></span> <span class='ocrx_word' id='word_1_34' title='bbox 701 922 798 989; x_wconf 84' lang='lat' dir='ltr'><strong>quinto</strong></span> <span class='ocrx_word' id='word_1_35' title='bbox 817 922 923 976; x_wconf 82' lang='lat' dir='ltr'><strong>Potitia·</strong></span> <span class='ocrx_word' id='word_1_36' title='bbox 956 922 1032 977; x_wconf 86' lang='lat' dir='ltr'><strong>tione</strong></span> <span class='ocrx_word' id='word_1_37' title='bbox 1044 922 1172 990; x_wconf 90' lang='lat' dir='ltr'><strong>Baptismi</strong></span> <span class='ocrx_word' id='word_1_38' title='bbox 1192 934 1272 988; x_wconf 84' lang='lat' dir='ltr'><strong>quem</strong></span> <span class='ocrx_word' id='word_1_39' title='bbox 1288 920 1398 986; x_wconf 79' lang='lat' dir='ltr'><strong>plurimi</strong></span> <span class='ocrx_word' id='word_1_40' title='bbox 1412 933 1426 971; x_wconf 86' lang='lat' dir='ltr'><strong>a</strong></span> <span class='ocrx_word' id='word_1_41' title='bbox 1438 922 1543 973; x_wconf 87' lang='lat' dir='ltr'><strong>ioauue</strong></span> 
     </span>
     <span class='ocr_line' id='line_1_5' title="bbox 332 999 1542 1075; baseline -0.002 -16"><span class='ocrx_word' id='word_1_42' title='bbox 332 1022 404 1071; x_wconf 89' lang='lat' dir='ltr'><strong>nus,</strong></span> <span class='ocrx_word' id='word_1_43' title='bbox 422 1008 451 1061; x_wconf 92' lang='lat' dir='ltr'><strong>iu</strong></span> <span class='ocrx_word' id='word_1_44' title='bbox 466 1008 554 1062; x_wconf 83' lang='lat' dir='ltr'><strong>hirica</strong></span> <span class='ocrx_word' id='word_1_45' title='bbox 566 1008 734 1075; x_wconf 77' lang='lat' dir='ltr'><strong>Episcopus,</strong></span> <span class='ocrx_word' id='word_1_46' title='bbox 750 1006 797 1073; x_wconf 85' lang='lat' dir='ltr'><strong>qui</strong></span> <span class='ocrx_word' id='word_1_47' title='bbox 814 1006 923 1060; x_wconf 84' lang='lat' dir='ltr'><strong>bonati·</strong></span> <span class='ocrx_word' id='word_1_48' title='bbox 955 999 1126 1073; x_wconf 85' lang='lat' dir='ltr'><strong>receperant.</strong></span> <span class='ocrx_word' id='word_1_49' title='bbox 1147 1026 1163 1055; x_wconf 89' lang='lat'>«</span> <span class='ocrx_word' id='word_1_50' title='bbox 1188 1006 1402 1073; x_wconf 77' lang='lat' dir='ltr'><strong>regrediebantur</strong></span> <span class='ocrx_word' id='word_1_51' title='bbox 1423 1004 1457 1057; x_wconf 90' lang='lat' dir='ltr'><strong>ad</strong></span> <span class='ocrx_word' id='word_1_52' title='bbox 1479 1018 1542 1058; x_wconf 87' lang='lat' dir='ltr'><strong>enm</strong></span> 
     </span>
     <span class='ocr_line' id='line_1_6' title="bbox 334 1088 1543 1157; baseline -0.003 -12"><span class='ocrx_word' id='word_1_53' title='bbox 334 1093 385 1146; x_wconf 90' lang='lat' dir='ltr'><strong>stis</strong></span> <span class='ocrx_word' id='word_1_54' title='bbox 398 1094 604 1157; x_wconf 82' lang='lat' dir='ltr'><strong>accensebatur,</strong></span> <span class='ocrx_word' id='word_1_55' title='bbox 614 1093 740 1145; x_wconf 89' lang='lat' dir='ltr'><strong>eumdem</strong></span> <span class='ocrx_word' id='word_1_56' title='bbox 753 1092 836 1144; x_wconf 88' lang='lat' dir='ltr'><strong>ritum</strong></span> <span class='ocrx_word' id='word_1_57' title='bbox 849 1091 921 1144; x_wconf 87' lang='lat' dir='ltr'><strong>Chri·</strong></span> <span class='ocrx_word' id='word_1_58' title='bbox 957 1092 1047 1146; x_wconf 91' lang='lat' dir='ltr'><strong>omnis</strong></span> <span class='ocrx_word' id='word_1_59' title='bbox 1065 1092 1170 1148; x_wconf 86' lang='lat' dir='ltr'><strong>Judaeae</strong></span> <span class='ocrx_word' id='word_1_60' title='bbox 1185 1092 1282 1155; x_wconf 77' lang='lat' dir='ltr'><strong>regio,</strong></span> <span class='ocrx_word' id='word_1_61' title='bbox 1299 1096 1325 1142; x_wconf 88' lang='lat' dir='ltr'><strong>et</strong></span> <span class='ocrx_word' id='word_1_62' title='bbox 1345 1088 1543 1156; x_wconf 82' lang='lat' dir='ltr'><strong>ierosolymitae</strong></span> 
     </span>
     <span class='ocr_line' id='line_1_7' title="bbox 334 1173 1545 1241; baseline -0.009 -10"><span class='ocrx_word' id='word_1_63' title='bbox 334 1186 378 1231; x_wconf 89' lang='lat' dir='ltr'><strong>sto</strong></span> <span class='ocrx_word' id='word_1_64' title='bbox 392 1183 419 1231; x_wconf 91' lang='lat' dir='ltr'><strong>et</strong></span> <span class='ocrx_word' id='word_1_65' title='bbox 435 1178 534 1231; x_wconf 84' lang='lat' dir='ltr'><strong>ioanni</strong></span> <span class='ocrx_word' id='word_1_66' title='bbox 553 1190 725 1231; x_wconf 87' lang='lat' dir='ltr'><strong>communem</strong></span> <span class='ocrx_word' id='word_1_67' title='bbox 738 1177 855 1231; x_wconf 91' lang='lat' dir='ltr'><strong>censuit.</strong></span> <span class='ocrx_word' id='word_1_68' title='bbox 869 1180 924 1229; x_wconf 84' lang='lat' dir='ltr'><strong>Lu·</strong></span> <span class='ocrx_word' id='word_1_69' title='bbox 956 1178 1093 1241; x_wconf 83' lang='lat' dir='ltr'><strong>universi,</strong></span> <span class='ocrx_word' id='word_1_70' title='bbox 1119 1181 1146 1229; x_wconf 88' lang='lat' dir='ltr'><strong>ot</strong></span> <span class='ocrx_word' id='word_1_71' title='bbox 1166 1175 1380 1241; x_wconf 86' lang='lat' dir='ltr'><strong>baptizabantur·</strong></span> <span class='ocrx_word' id='word_1_72' title='bbox 1392 1174 1427 1229; x_wconf 88' lang='lat' dir='ltr'><strong>ab</strong></span> <span class='ocrx_word' id='word_1_73' title='bbox 1447 1186 1489 1227; x_wconf 94' lang='lat' dir='ltr'><strong>eo.</strong></span> <span class='ocrx_word' id='word_1_74' title='bbox 1504 1173 1545 1221; x_wconf 77' lang='lat'><strong>»⁶</strong></span> 
     </span>
     <span class='ocr_line' id='line_1_8' title="bbox 333 1258 1543 1330; baseline -0.003 -15"><span class='ocrx_word' id='word_1_75' title='bbox 333 1264 430 1316; x_wconf 91' lang='lat' dir='ltr'><strong>therus</strong></span> <span class='ocrx_word' id='word_1_76' title='bbox 441 1276 572 1330; x_wconf 84' lang='lat' dir='ltr'><strong>magnum</strong></span> <span class='ocrx_word' id='word_1_77' title='bbox 587 1263 661 1323; x_wconf 76' lang='lat' dir='ltr'><strong>inter</strong></span> <span class='ocrx_word' id='word_1_78' title='bbox 677 1268 825 1328; x_wconf 85' lang='lat' dir='ltr'><strong>utrumque</strong></span> <span class='ocrx_word' id='word_1_79' title='bbox 835 1274 922 1327; x_wconf 75' lang='lat' dir='ltr'><strong>agno·</strong></span> <span class='ocrx_word' id='word_1_80' title='bbox 955 1264 1080 1315; x_wconf 83' lang='lat' dir='ltr'><strong>Attamen</strong></span> <span class='ocrx_word' id='word_1_81' title='bbox 1093 1260 1209 1327; x_wconf 83' lang='lat' dir='ltr'><strong>singulis</strong></span> <span class='ocrx_word' id='word_1_82' title='bbox 1219 1260 1265 1325; x_wconf 81' lang='lat' dir='ltr'><strong>qui</strong></span> <span class='ocrx_word' id='word_1_83' title='bbox 1280 1260 1395 1312; x_wconf 86' lang='lat' dir='ltr'><strong>salutem</strong></span> <span class='ocrx_word' id='word_1_84' title='bbox 1407 1272 1456 1325; x_wconf 90' lang='lat' dir='ltr'><strong>per</strong></span> <span class='ocrx_word' id='word_1_85' title='bbox 1468 1258 1543 1313; x_wconf 83' lang='lat' dir='ltr'><strong>Chri·</strong></span> 
     </span>
     <span class='ocr_line' id='line_1_9' title="bbox 332 1345 1541 1413; baseline -0.002 -12"><span class='ocrx_word' id='word_1_86' title='bbox 332 1348 373 1402; x_wconf 76' lang='lat' dir='ltr'><strong>vit</strong></span> <span class='ocrx_word' id='word_1_87' title='bbox 387 1348 555 1410; x_wconf 64' lang='lat' dir='ltr'><strong>discrimem</strong></span> <span class='ocrx_word' id='word_1_88' title='bbox 569 1346 578 1381; x_wconf 89' lang='lat'>¹</span> <span class='ocrx_word' id='word_1_89' title='bbox 592 1347 640 1400; x_wconf 89' lang='lat' dir='ltr'><strong>sed</strong></span> <span class='ocrx_word' id='word_1_90' title='bbox 654 1347 782 1401; x_wconf 85' lang='lat' dir='ltr'><strong>calvinus</strong></span> <span class='ocrx_word' id='word_1_91' title='bbox 795 1348 921 1413; x_wconf 87' lang='lat' dir='ltr'><strong>nulium,</strong></span> <span class='ocrx_word' id='word_1_92' title='bbox 955 1352 1028 1401; x_wconf 70' lang='lat' dir='ltr'><strong>mum</strong></span> <span class='ocrx_word' id='word_1_93' title='bbox 1049 1347 1229 1413; x_wconf 67' lang='lat' dir='ltr'><strong>querebant,</strong></span> <span class='ocrx_word' id='word_1_94' title='bbox 1254 1351 1281 1398; x_wconf 88' lang='lat' dir='ltr'><strong>ct</strong></span> <span class='ocrx_word' id='word_1_95' title='bbox 1306 1345 1469 1399; x_wconf 86' lang='lat' dir='ltr'><strong>delictorum</strong></span> <span class='ocrx_word' id='word_1_96' title='bbox 1495 1357 1541 1398; x_wconf 87' lang='lat' dir='ltr'><strong>vc·</strong></span> 
     </span>
     <span class='ocr_line' id='line_1_10' title="bbox 333 1428 1543 1499; baseline -0.002 -15"><span class='ocrx_word' id='word_1_97' title='bbox 333 1438 516 1499; x_wconf 82' lang='lat' dir='ltr'><strong>praeterquam</strong></span> <span class='ocrx_word' id='word_1_98' title='bbox 532 1452 545 1479; x_wconf 71' lang='lat' dir='ltr'><strong>a</strong></span> <span class='ocrx_word' id='word_1_99' title='bbox 565 1432 640 1497; x_wconf 84' lang='lat' dir='ltr'><strong>quod</strong></span> <span class='ocrx_word' id='word_1_100' title='bbox 652 1432 681 1485; x_wconf 87' lang='lat' dir='ltr'><strong>in</strong></span> <span class='ocrx_word' id='word_1_101' title='bbox 693 1445 756 1485; x_wconf 89' lang='lat' dir='ltr'><strong>enm</strong></span> <span class='ocrx_word' id='word_1_102' title='bbox 770 1432 815 1498; x_wconf 87' lang='lat' dir='ltr'><strong>qui</strong></span> <span class='ocrx_word' id='word_1_103' title='bbox 825 1438 921 1486; x_wconf 87' lang='lat' dir='ltr'><strong>ventu·</strong></span> <span class='ocrx_word' id='word_1_104' title='bbox 955 1433 1048 1496; x_wconf 87' lang='lat' dir='ltr'><strong>niam,</strong></span> <span class='ocrx_word' id='word_1_105' title='bbox 1068 1431 1186 1498; x_wconf 87' lang='lat' dir='ltr'><strong>injunxit</strong></span> <span class='ocrx_word' id='word_1_106' title='bbox 1199 1431 1312 1495; x_wconf 81' lang='lat' dir='ltr'><strong>Petrus,</strong></span> <span class='ocrx_word' id='word_1_107' title='bbox 1332 1434 1361 1482; x_wconf 90' lang='lat' dir='ltr'><strong>ut</strong></span> <span class='ocrx_word' id='word_1_108' title='bbox 1376 1428 1543 1495; x_wconf 87' lang='lat' dir='ltr'><strong>baptizaren-</strong></span> 
     </span>
    </p>
   </div>
   <div class='ocr_carea' id='block_1_3' title="bbox 227 1516 1542 1592">
    <p class='ocr_par' dir='ltr' id='par_1_3' title="bbox 227 1516 1542 1592">
     <span class='ocr_line' id='line_1_11' title="bbox 227 1516 1542 1592; baseline -0.002 -22"><span class='ocrx_word' id='word_1_109' title='bbox 227 1549 232 1555; x_wconf 92' lang='lat'>-</span> <span class='ocrx_word' id='word_1_110' title='bbox 334 1531 383 1570; x_wconf 92' lang='lat' dir='ltr'><strong>rus</strong></span> <span class='ocrx_word' id='word_1_111' title='bbox 394 1522 465 1582; x_wconf 89' lang='lat' dir='ltr'><strong>erat,</strong></span> <span class='ocrx_word' id='word_1_112' title='bbox 484 1520 604 1571; x_wconf 83' lang='lat' dir='ltr'><strong>loannes</strong></span> <span class='ocrx_word' id='word_1_113' title='bbox 615 1517 770 1584; x_wconf 87' lang='lat' dir='ltr'><strong>baptizabat</strong></span> <span class='ocrx_word' id='word_1_114' title='bbox 782 1533 789 1569; x_wconf 90' lang='lat'>:</span> <span class='ocrx_word' id='word_1_115' title='bbox 799 1517 921 1583; x_wconf 77' lang='lat' dir='ltr'><strong>Apostoli</strong></span> <span class='ocrx_word' id='word_1_116' title='bbox 954 1524 999 1572; x_wconf 88' lang='lat' dir='ltr'><strong>tur</strong></span> <span class='ocrx_word' id='word_1_117' title='bbox 1009 1518 1110 1577; x_wconf 87' lang='lat' dir='ltr'><strong>Christi</strong></span> <span class='ocrx_word' id='word_1_118' title='bbox 1123 1520 1291 1584; x_wconf 88' lang='lat' dir='ltr'><strong>Baptismate</strong></span> <span class='ocrx_word' id='word_1_119' title='bbox 1305 1532 1312 1567; x_wconf 73' lang='grc' dir='ltr'><strong>ι</strong></span> <span class='ocrx_word' id='word_1_120' title='bbox 1327 1536 1339 1592; x_wconf 66' lang='lat' dir='ltr'><strong>o</strong></span> <span class='ocrx_word' id='word_1_121' title='bbox 1351 1516 1542 1570; x_wconf 85' lang='lat' dir='ltr'><strong>Paenitentiam</strong></span> 
     </span>
    </p>
   </div>
   <div class='ocr_carea' id='block_1_4' title="bbox 331 1600 1545 2009">
    <p class='ocr_par' dir='ltr' id='par_1_4' title="bbox 331 1600 1545 2009">
     <span class='ocr_line' id='line_1_12' title="bbox 333 1600 1544 1671; baseline -0.001 -16"><span class='ocrx_word' id='word_1_122' title='bbox 333 1604 364 1655; x_wconf 90' lang='lat' dir='ltr'><strong>in</strong></span> <span class='ocrx_word' id='word_1_123' title='bbox 385 1616 464 1667; x_wconf 87' lang='lat' dir='ltr'><strong>eum,</strong></span> <span class='ocrx_word' id='word_1_124' title='bbox 490 1604 536 1669; x_wconf 88' lang='lat' dir='ltr'><strong>qui</strong></span> <span class='ocrx_word' id='word_1_125' title='bbox 552 1606 608 1671; x_wconf 90' lang='lat' dir='ltr'><strong>jam</strong></span> <span class='ocrx_word' id='word_1_126' title='bbox 632 1616 662 1656; x_wconf 88' lang='lat' dir='ltr'><strong>se</strong></span> <span class='ocrx_word' id='word_1_127' title='bbox 686 1604 857 1656; x_wconf 86' lang='lat' dir='ltr'><strong>exhibuerat.</strong></span> <span class='ocrx_word' id='word_1_128' title='bbox 878 1603 922 1650; x_wconf 82' lang='lat'><strong>»⁸</strong></span> <span class='ocrx_word' id='word_1_129' title='bbox 954 1604 1063 1669; x_wconf 81' lang='lat' dir='ltr'><strong>(inquit)</strong></span> <span class='ocrx_word' id='word_1_130' title='bbox 1082 1603 1166 1669; x_wconf 77' lang='lat' dir='ltr'><strong>agite,</strong></span> <span class='ocrx_word' id='word_1_131' title='bbox 1185 1602 1376 1667; x_wconf 88' lang='lat' dir='ltr'><strong>etbaptizetur</strong></span> <span class='ocrx_word' id='word_1_132' title='bbox 1396 1600 1544 1667; x_wconf 83' lang='lat' dir='ltr'><strong>unusquis·</strong></span> 
     </span>
     <span class='ocr_line' id='line_1_13' title="bbox 335 1687 1544 1755; baseline -0.002 -15"><span class='ocrx_word' id='word_1_133' title='bbox 335 1708 348 1733; x_wconf 73' lang='lat' dir='ltr'><strong>r</strong></span> <span class='ocrx_word' id='word_1_134' title='bbox 359 1690 416 1752; x_wconf 83' lang='lat' dir='ltr'><strong>Quo</strong></span> <span class='ocrx_word' id='word_1_135' title='bbox 429 1688 521 1751; x_wconf 88' lang='lat' dir='ltr'><strong>etiam,</strong></span> <span class='ocrx_word' id='word_1_136' title='bbox 533 1708 545 1735; x_wconf 71' lang='lat' dir='ltr'><strong>s</strong></span> <span class='ocrx_word' id='word_1_137' title='bbox 556 1688 662 1741; x_wconf 80' lang='lat' dir='ltr'><strong>dixerat</strong></span> <span class='ocrx_word' id='word_1_138' title='bbox 673 1701 792 1754; x_wconf 68' lang='lat' dir='ltr'><strong>suprad</strong></span> <span class='ocrx_word' id='word_1_139' title='bbox 803 1687 922 1741; x_wconf 87' lang='lat' dir='ltr'><strong>certissi·</strong></span> <span class='ocrx_word' id='word_1_140' title='bbox 956 1703 1010 1755; x_wconf 87' lang='lat' dir='ltr'><strong>que</strong></span> <span class='ocrx_word' id='word_1_141' title='bbox 1029 1693 1150 1742; x_wconf 83' lang='lat' dir='ltr'><strong>restrum</strong></span> <span class='ocrx_word' id='word_1_142' title='bbox 1171 1689 1198 1740; x_wconf 92' lang='lat' dir='ltr'><strong>in</strong></span> <span class='ocrx_word' id='word_1_143' title='bbox 1217 1688 1328 1745; x_wconf 89' lang='lat' dir='ltr'><strong>nomine</strong></span> <span class='ocrx_word' id='word_1_144' title='bbox 1345 1690 1410 1741; x_wconf 85' lang='lat' dir='ltr'><strong>iesu</strong></span> <span class='ocrx_word' id='word_1_145' title='bbox 1427 1687 1544 1749; x_wconf 82' lang='lat' dir='ltr'><strong>Christi,</strong></span> 
     </span>
     <span class='ocr_line' id='line_1_14' title="bbox 333 1772 1543 1839; baseline -0.001 -16"><span class='ocrx_word' id='word_1_146' title='bbox 333 1785 410 1824; x_wconf 90' lang='lat' dir='ltr'><strong>mum</strong></span> <span class='ocrx_word' id='word_1_147' title='bbox 426 1773 471 1836; x_wconf 87' lang='lat' dir='ltr'><strong>fit,</strong></span> <span class='ocrx_word' id='word_1_148' title='bbox 489 1772 562 1825; x_wconf 92' lang='lat' dir='ltr'><strong>idem</strong></span> <span class='ocrx_word' id='word_1_149' title='bbox 575 1772 662 1825; x_wconf 82' lang='lat' dir='ltr'><strong>fuisse</strong></span> <span class='ocrx_word' id='word_1_150' title='bbox 678 1785 793 1839; x_wconf 87' lang='lat' dir='ltr'><strong>prorsus</strong></span> <span class='ocrx_word' id='word_1_151' title='bbox 809 1773 922 1830; x_wconf 85' lang='lat' dir='ltr'><strong>ioannis</strong></span> <span class='ocrx_word' id='word_1_152' title='bbox 957 1774 985 1825; x_wconf 92' lang='lat' dir='ltr'><strong>in</strong></span> <span class='ocrx_word' id='word_1_153' title='bbox 995 1774 1187 1833; x_wconf 81' lang='lat' dir='ltr'><strong>remissionem</strong></span> <span class='ocrx_word' id='word_1_154' title='bbox 1197 1777 1543 1839; x_wconf 81' lang='lat' dir='ltr'><strong>peccatorumrcstrorum:</strong></span> 
     </span>
     <span class='ocr_line' id='line_1_15' title="bbox 331 1857 1545 1928; baseline 0 -19"><span class='ocrx_word' id='word_1_155' title='bbox 331 1857 527 1920; x_wconf 88' lang='lat' dir='ltr'><strong>ministerium,</strong></span> <span class='ocrx_word' id='word_1_156' title='bbox 536 1858 611 1923; x_wconf 89' lang='lat' dir='ltr'><strong>quod</strong></span> <span class='ocrx_word' id='word_1_157' title='bbox 625 1858 764 1922; x_wconf 79' lang='lat' dir='ltr'><strong>apostolis</strong></span> <span class='ocrx_word' id='word_1_158' title='bbox 774 1863 870 1923; x_wconf 89' lang='lat' dir='ltr'><strong>postea</strong></span> <span class='ocrx_word' id='word_1_159' title='bbox 879 1858 924 1911; x_wconf 93' lang='lat' dir='ltr'><strong>de·</strong></span> <span class='ocrx_word' id='word_1_160' title='bbox 959 1864 986 1911; x_wconf 88' lang='lat' dir='ltr'><strong>et</strong></span> <span class='ocrx_word' id='word_1_161' title='bbox 1001 1858 1139 1928; x_wconf 80' lang='lat' dir='ltr'><strong>accipietis</strong></span> <span class='ocrx_word' id='word_1_162' title='bbox 1152 1858 1254 1911; x_wconf 90' lang='lat' dir='ltr'><strong>donum</strong></span> <span class='ocrx_word' id='word_1_163' title='bbox 1268 1859 1383 1923; x_wconf 86' lang='lat' dir='ltr'><strong>Spiritus</strong></span> <span class='ocrx_word' id='word_1_164' title='bbox 1396 1858 1492 1911; x_wconf 91' lang='lat' dir='ltr'><strong>sancti.</strong></span> <span class='ocrx_word' id='word_1_165' title='bbox 1507 1878 1520 1903; x_wconf 76' lang='lat' dir='ltr'><strong>u</strong></span> <span class='ocrx_word' id='word_1_166' title='bbox 1534 1857 1545 1891; x_wconf 78' lang='lat'>⁷</span> 
     </span>
     <span class='ocr_line' id='line_1_16' title="bbox 332 1940 1544 2009; baseline 0.001 -16"><span class='ocrx_word' id='word_1_167' title='bbox 332 1942 455 2007; x_wconf 82' lang='lat' dir='ltr'><strong>legatum</strong></span> <span class='ocrx_word' id='word_1_168' title='bbox 478 1945 528 1993; x_wconf 86' lang='lat' dir='ltr'><strong>cst.</strong></span> <span class='ocrx_word' id='word_1_169' title='bbox 548 1943 608 1995; x_wconf 78' lang='lat' dir='ltr'><strong>Non</strong></span> <span class='ocrx_word' id='word_1_170' title='bbox 630 1940 809 1999; x_wconf 80' lang='lat' dir='ltr'><strong>animalium</strong></span> <span class='ocrx_word' id='word_1_171' title='bbox 832 1943 924 2008; x_wconf 79' lang='lat' dir='ltr'><strong>bapti·</strong></span> <span class='ocrx_word' id='word_1_172' title='bbox 992 1944 1152 1997; x_wconf 61' lang='lat' dir='ltr'><strong>habitarum</strong></span> <span class='ocrx_word' id='word_1_173' title='bbox 1165 1956 1241 1996; x_wconf 90' lang='lat' dir='ltr'><strong>sacer</strong></span> <span class='ocrx_word' id='word_1_174' title='bbox 1251 1945 1371 2009; x_wconf 86' lang='lat' dir='ltr'><strong>scriptor</strong></span> <span class='ocrx_word' id='word_1_175' title='bbox 1380 1943 1487 2009; x_wconf 81' lang='lat' dir='ltr'><strong>aliquos</strong></span> <span class='ocrx_word' id='word_1_176' title='bbox 1499 1944 1544 2009; x_wconf 89' lang='lat' dir='ltr'><strong>qui</strong></span> 
     </span>
    </p>
   </div>
   <div class='ocr_carea' id='block_1_5' title="bbox 223 2026 1640 2269">
    <p class='ocr_par' dir='ltr' id='par_1_5' title="bbox 223 2026 1640 2269">
     <span class='ocr_line' id='line_1_17' title="bbox 228 2026 1545 2096; baseline 0.003 -19"><span class='ocrx_word' id='word_1_177' title='bbox 228 2052 231 2058; x_wconf 92' lang='lat'>·</span> <span class='ocrx_word' id='word_1_178' title='bbox 333 2040 426 2078; x_wconf 89' lang='lat' dir='ltr'><strong>smum</strong></span> <span class='ocrx_word' id='word_1_179' title='bbox 445 2026 548 2080; x_wconf 85' lang='lat' dir='ltr'><strong>iaciunt</strong></span> <span class='ocrx_word' id='word_1_180' title='bbox 568 2027 684 2080; x_wconf 77' lang='lat' dir='ltr'><strong>diversae</strong></span> <span class='ocrx_word' id='word_1_181' title='bbox 704 2040 804 2085; x_wconf 88' lang='lat' dir='ltr'><strong>manus</strong></span> <span class='ocrx_word' id='word_1_182' title='bbox 823 2028 923 2096; x_wconf 85' lang='lat' dir='ltr'><strong>quibus</strong></span> <span class='ocrx_word' id='word_1_183' title='bbox 956 2028 1070 2087; x_wconf 79' lang='lat' dir='ltr'><strong>ioannis</strong></span> <span class='ocrx_word' id='word_1_184' title='bbox 1096 2028 1232 2095; x_wconf 86' lang='lat' dir='ltr'><strong>Baptisma</strong></span> <span class='ocrx_word' id='word_1_185' title='bbox 1261 2035 1438 2095; x_wconf 87' lang='lat' dir='ltr'><strong>receperant,</strong></span> <span class='ocrx_word' id='word_1_186' title='bbox 1462 2030 1545 2081; x_wconf 81' lang='lat' dir='ltr'><strong>Bauio</strong></span> 
     </span>
     <span class='ocr_line' id='line_1_18' title="bbox 223 2111 1546 2184; baseline 0.008 -25"><span class='ocrx_word' id='word_1_187' title='bbox 223 2134 233 2159; x_wconf 63' lang='lat'><em>0</em></span> <span class='ocrx_word' id='word_1_188' title='bbox 333 2111 558 2173; x_wconf 86' lang='lat' dir='ltr'><strong>administratur;</strong></span> <span class='ocrx_word' id='word_1_189' title='bbox 583 2111 632 2164; x_wconf 92' lang='lat' dir='ltr'><strong>sed</strong></span> <span class='ocrx_word' id='word_1_190' title='bbox 653 2112 780 2164; x_wconf 89' lang='lat' dir='ltr'><strong>eumdem</strong></span> <span class='ocrx_word' id='word_1_191' title='bbox 801 2126 864 2165; x_wconf 87' lang='lat' dir='ltr'><strong>esse</strong></span> <span class='ocrx_word' id='word_1_192' title='bbox 881 2126 924 2165; x_wconf 90' lang='lat' dir='ltr'><strong>ea·</strong></span> <span class='ocrx_word' id='word_1_193' title='bbox 953 2116 1082 2184; x_wconf 80' lang='lat' dir='ltr'><strong>jubente,</strong></span> <span class='ocrx_word' id='word_1_194' title='bbox 1096 2114 1194 2172; x_wconf 86' lang='lat' dir='ltr'><strong>iterum</strong></span> <span class='ocrx_word' id='word_1_195' title='bbox 1215 2115 1312 2171; x_wconf 80' lang='lat' dir='ltr'><strong>Christi</strong></span> <span class='ocrx_word' id='word_1_196' title='bbox 1331 2114 1443 2172; x_wconf 85' lang='lat' dir='ltr'><strong>nominc</strong></span> <span class='ocrx_word' id='word_1_197' title='bbox 1459 2114 1546 2183; x_wconf 85' lang='lat' dir='ltr'><strong>bapti·</strong></span> 
     </span>
     <span class='ocr_line' id='line_1_19' title="bbox 332 2198 1640 2269; baseline 0 -18"><span class='ocrx_word' id='word_1_198' title='bbox 332 2198 671 2256; x_wconf 83' lang='lat' dir='ltr'><strong>demdoctriuaostendit.</strong></span> <span class='ocrx_word' id='word_1_199' title='bbox 684 2219 696 2245; x_wconf 78' lang='lat' dir='ltr'><strong>u</strong></span> <span class='ocrx_word' id='word_1_200' title='bbox 708 2198 719 2233; x_wconf 83' lang='lat'>⁸</span> <span class='ocrx_word' id='word_1_201' title='bbox 731 2199 863 2264; x_wconf 72' lang='lat' dir='ltr'><strong>nuptam</strong></span> <span class='ocrx_word' id='word_1_202' title='bbox 875 2199 923 2253; x_wconf 90' lang='lat' dir='ltr'><strong>ho·</strong></span> <span class='ocrx_word' id='word_1_203' title='bbox 956 2203 1031 2252; x_wconf 88' lang='lat' dir='ltr'><strong>zatos</strong></span> <span class='ocrx_word' id='word_1_204' title='bbox 1047 2212 1108 2252; x_wconf 88' lang='lat' dir='ltr'><strong>esse</strong></span> <span class='ocrx_word' id='word_1_205' title='bbox 1121 2214 1128 2257; x_wconf 88' lang='lat'>;</span> <span class='ocrx_word' id='word_1_206' title='bbox 1143 2218 1154 2245; x_wconf 71' lang='grc' dir='ltr'><strong>α</strong></span> <span class='ocrx_word' id='word_1_207' title='bbox 1170 2201 1279 2253; x_wconf 85' lang='lat' dir='ltr'><strong>Factum</strong></span> <span class='ocrx_word' id='word_1_208' title='bbox 1298 2205 1340 2253; x_wconf 91' lang='lat' dir='ltr'><strong>cst</strong></span> <span class='ocrx_word' id='word_1_209' title='bbox 1357 2206 1464 2264; x_wconf 90' lang='lat' dir='ltr'><strong>autem,</strong></span> <span class='ocrx_word' id='word_1_210' title='bbox 1482 2213 1545 2253; x_wconf 91' lang='lat' dir='ltr'><strong>cum</strong></span> <span class='ocrx_word' id='word_1_211' title='bbox 1636 2224 1640 2269; x_wconf 80' lang='lat'><em>3</em></span> 
     </span>
    </p>
   </div>
   <div class='ocr_carea' id='block_1_6' title="bbox 333 2284 1545 2613">
    <p class='ocr_par' dir='ltr' id='par_1_6' title="bbox 334 2284 1545 2355">
     <span class='ocr_line' id='line_1_20' title="bbox 334 2284 1545 2355; baseline 0.004 -19"><span class='ocrx_word' id='word_1_212' title='bbox 334 2284 422 2337; x_wconf 86' lang='lat' dir='ltr'><strong>dierni</strong></span> <span class='ocrx_word' id='word_1_213' title='bbox 436 2286 489 2339; x_wconf 92' lang='lat' dir='ltr'><strong>hoc</strong></span> <span class='ocrx_word' id='word_1_214' title='bbox 501 2286 628 2338; x_wconf 88' lang='lat' dir='ltr'><strong>laborant</strong></span> <span class='ocrx_word' id='word_1_215' title='bbox 637 2298 739 2340; x_wconf 87' lang='lat' dir='ltr'><strong>errore.</strong></span> <span class='ocrx_word' id='word_1_216' title='bbox 955 2285 1051 2350; x_wconf 74' lang='lat' dir='ltr'><strong>Apollo</strong></span> <span class='ocrx_word' id='word_1_217' title='bbox 1063 2289 1137 2337; x_wconf 88' lang='lat' dir='ltr'><strong>esset</strong></span> <span class='ocrx_word' id='word_1_218' title='bbox 1147 2284 1267 2337; x_wconf 84' lang='lat' dir='ltr'><strong>Corinthi</strong></span> <span class='ocrx_word' id='word_1_219' title='bbox 1279 2322 1286 2349; x_wconf 98' lang='lat'><strong>,</strong></span> <span class='ocrx_word' id='word_1_220' title='bbox 1300 2289 1328 2337; x_wconf 89' lang='lat' dir='ltr'><strong>ut</strong></span> <span class='ocrx_word' id='word_1_221' title='bbox 1338 2287 1453 2350; x_wconf 84' lang='lat' dir='ltr'><strong>Paulus,</strong></span> <span class='ocrx_word' id='word_1_222' title='bbox 1468 2298 1545 2355; x_wconf 88' lang='lat' dir='ltr'><strong>pera·</strong></span> 
     </span>
    </p>

    <p class='ocr_par' dir='ltr' id='par_1_7' title="bbox 333 2369 1544 2613">
     <span class='ocr_line' id='line_1_21' title="bbox 369 2369 1544 2437; baseline 0.003 -16"><span class='ocrx_word' id='word_1_223' title='bbox 369 2372 427 2423; x_wconf 76' lang='lat'><strong>159.</strong></span> <span class='ocrx_word' id='word_1_224' title='bbox 450 2370 603 2423; x_wconf 84' lang='lat' dir='ltr'><strong>Concilium</strong></span> <span class='ocrx_word' id='word_1_225' title='bbox 626 2369 814 2423; x_wconf 86' lang='lat' dir='ltr'><strong>Tridentinum</strong></span> <span class='ocrx_word' id='word_1_226' title='bbox 837 2383 921 2425; x_wconf 90' lang='lat' dir='ltr'><strong>cano·</strong></span> <span class='ocrx_word' id='word_1_227' title='bbox 957 2370 1040 2437; x_wconf 84' lang='lat' dir='ltr'><strong>gratis</strong></span> <span class='ocrx_word' id='word_1_228' title='bbox 1059 2371 1247 2437; x_wconf 88' lang='lat' dir='ltr'><strong>superioribus</strong></span> <span class='ocrx_word' id='word_1_229' title='bbox 1275 2370 1416 2436; x_wconf 86' lang='lat' dir='ltr'><strong>partibus,</strong></span> <span class='ocrx_word' id='word_1_230' title='bbox 1439 2373 1544 2425; x_wconf 88' lang='lat' dir='ltr'><strong>veniret</strong></span> 
     </span>
     <span class='ocr_line' id='line_1_22' title="bbox 333 2454 1542 2522; baseline 0.003 -15"><span class='ocrx_word' id='word_1_231' title='bbox 333 2468 398 2508; x_wconf 90' lang='lat' dir='ltr'><strong>nem</strong></span> <span class='ocrx_word' id='word_1_232' title='bbox 410 2456 484 2508; x_wconf 90' lang='lat' dir='ltr'><strong>huuc</strong></span> <span class='ocrx_word' id='word_1_233' title='bbox 496 2454 581 2509; x_wconf 87' lang='lat' dir='ltr'><strong>edidit</strong></span> <span class='ocrx_word' id='word_1_234' title='bbox 596 2470 602 2505; x_wconf 89' lang='lat'>:</span> <span class='ocrx_word' id='word_1_235' title='bbox 621 2473 632 2504; x_wconf 79' lang='lat' dir='ltr'><strong>r</strong></span> <span class='ocrx_word' id='word_1_236' title='bbox 645 2455 672 2507; x_wconf 92' lang='lat' dir='ltr'><strong>si</strong></span> <span class='ocrx_word' id='word_1_237' title='bbox 684 2456 747 2521; x_wconf 86' lang='lat' dir='ltr'><strong>quis</strong></span> <span class='ocrx_word' id='word_1_238' title='bbox 759 2455 857 2509; x_wconf 80' lang='lat' dir='ltr'><strong>dixerit</strong></span> <span class='ocrx_word' id='word_1_239' title='bbox 873 2460 922 2515; x_wconf 84' lang='lat' dir='ltr'><strong>Ba·</strong></span> <span class='ocrx_word' id='word_1_240' title='bbox 957 2456 1111 2522; x_wconf 79' lang='lat' dir='ltr'><strong>Ephesum,</strong></span> <span class='ocrx_word' id='word_1_241' title='bbox 1125 2460 1151 2508; x_wconf 87' lang='lat' dir='ltr'><strong>et</strong></span> <span class='ocrx_word' id='word_1_242' title='bbox 1163 2455 1297 2509; x_wconf 85' lang='lat' dir='ltr'><strong>inveniret</strong></span> <span class='ocrx_word' id='word_1_243' title='bbox 1314 2458 1449 2522; x_wconf 83' lang='lat' dir='ltr'><strong>quosdam</strong></span> <span class='ocrx_word' id='word_1_244' title='bbox 1461 2458 1542 2511; x_wconf 88' lang='lat' dir='ltr'><strong>disci·</strong></span> 
     </span>
     <span class='ocr_line' id='line_1_23' title="bbox 334 2539 1543 2613; baseline 0.002 -20"><span class='ocrx_word' id='word_1_245' title='bbox 334 2541 464 2606; x_wconf 88' lang='lat' dir='ltr'><strong>ptismum</strong></span> <span class='ocrx_word' id='word_1_246' title='bbox 493 2540 606 2594; x_wconf 88' lang='lat' dir='ltr'><strong>ioannis</strong></span> <span class='ocrx_word' id='word_1_247' title='bbox 637 2541 767 2593; x_wconf 90' lang='lat' dir='ltr'><strong>habuisse</strong></span> <span class='ocrx_word' id='word_1_248' title='bbox 797 2542 922 2601; x_wconf 86' lang='lat' dir='ltr'><strong>eamdem</strong></span> <span class='ocrx_word' id='word_1_249' title='bbox 956 2540 1055 2613; x_wconf 80' lang='lat' dir='ltr'><strong>pulos,</strong></span> <span class='ocrx_word' id='word_1_250' title='bbox 1079 2539 1202 2605; x_wconf 77' lang='lat' dir='ltr'><strong>dixitque</strong></span> <span class='ocrx_word' id='word_1_251' title='bbox 1222 2541 1257 2593; x_wconf 93' lang='lat' dir='ltr'><strong>ad</strong></span> <span class='ocrx_word' id='word_1_252' title='bbox 1278 2554 1326 2593; x_wconf 89' lang='lat' dir='ltr'><strong>eos</strong></span> <span class='ocrx_word' id='word_1_253' title='bbox 1345 2556 1351 2591; x_wconf 95' lang='lat'><strong>:</strong></span> <span class='ocrx_word' id='word_1_254' title='bbox 1371 2542 1398 2593; x_wconf 88' lang='lat' dir='ltr'><strong>Si</strong></span> <span class='ocrx_word' id='word_1_255' title='bbox 1411 2543 1543 2607; x_wconf 84' lang='lat' dir='ltr'><strong>Spiritum</strong></span> 
     </span>
    </p>
   </div>
   <div class='ocr_carea' id='block_1_7' title="bbox 235 2625 1545 2695">
    <p class='ocr_par' dir='ltr' id='par_1_8' title="bbox 235 2625 1545 2695">
     <span class='ocr_line' id='line_1_24' title="bbox 235 2625 1545 2695; baseline -0.002 -15"><span class='ocrx_word' id='word_1_256' title='bbox 235 2635 242 2651; x_wconf 89' lang='lat'><strong>·</strong></span> <span class='ocrx_word' id='word_1_257' title='bbox 334 2625 389 2680; x_wconf 87' lang='lat' dir='ltr'><strong>vim</strong></span> <span class='ocrx_word' id='word_1_258' title='bbox 407 2639 469 2679; x_wconf 92' lang='lat' dir='ltr'><strong>cum</strong></span> <span class='ocrx_word' id='word_1_259' title='bbox 485 2626 623 2693; x_wconf 86' lang='lat' dir='ltr'><strong>Baptismo</strong></span> <span class='ocrx_word' id='word_1_260' title='bbox 643 2626 760 2689; x_wconf 78' lang='lat' dir='ltr'><strong>christi3</strong></span> <span class='ocrx_word' id='word_1_261' title='bbox 778 2627 923 2685; x_wconf 86' lang='lat' dir='ltr'><strong>anathema</strong></span> <span class='ocrx_word' id='word_1_262' title='bbox 957 2632 1080 2695; x_wconf 83' lang='lat' dir='ltr'><strong>sanctum</strong></span> <span class='ocrx_word' id='word_1_263' title='bbox 1106 2626 1250 2692; x_wconf 86' lang='lat' dir='ltr'><strong>accepistis</strong></span> <span class='ocrx_word' id='word_1_264' title='bbox 1275 2625 1442 2680; x_wconf 77' lang='lat' dir='ltr'><strong>credentes?</strong></span> <span class='ocrx_word' id='word_1_265' title='bbox 1459 2630 1491 2678; x_wconf 82' lang='lat' dir='ltr'><strong>ht</strong></span> <span class='ocrx_word' id='word_1_266' title='bbox 1507 2627 1545 2678; x_wconf 91' lang='lat' dir='ltr'><strong>illi</strong></span> 
     </span>
    </p>
   </div>
   <div class='ocr_carea' id='block_1_8' title="bbox 289 2710 1549 4314">
    <p class='ocr_par' dir='ltr' id='par_1_9' title="bbox 289 2710 1549 4314">
     <span class='ocr_line' id='line_1_25' title="bbox 334 2710 1546 2780; baseline 0 -17"><span class='ocrx_word' id='word_1_267' title='bbox 334 2711 431 2763; x_wconf 72' lang='lat' dir='ltr'><strong>situ‘</strong></span> <span class='ocrx_word' id='word_1_268' title='bbox 471 2710 487 2741; x_wconf 71' lang='lat'>’</span> <span class='ocrx_word' id='word_1_269' title='bbox 588 2730 597 2745; x_wconf 90' lang='lat'><strong>·</strong></span> <span class='ocrx_word' id='word_1_270' title='bbox 957 2711 1085 2771; x_wconf 82' lang='lat' dir='ltr'><strong>dixerunt</strong></span> <span class='ocrx_word' id='word_1_271' title='bbox 1098 2712 1131 2763; x_wconf 83' lang='lat' dir='ltr'><strong>ad</strong></span> <span class='ocrx_word' id='word_1_272' title='bbox 1145 2724 1208 2767; x_wconf 82' lang='lat' dir='ltr'><strong>eunt</strong></span> <span class='ocrx_word' id='word_1_273' title='bbox 1227 2725 1233 2766; x_wconf 89' lang='grc'>;</span> <span class='ocrx_word' id='word_1_274' title='bbox 1252 2710 1305 2763; x_wconf 88' lang='lat' dir='ltr'><strong>Sed</strong></span> <span class='ocrx_word' id='word_1_275' title='bbox 1319 2724 1409 2778; x_wconf 86' lang='lat' dir='ltr'><strong>neque</strong></span> <span class='ocrx_word' id='word_1_276' title='bbox 1427 2712 1451 2764; x_wconf 90' lang='lat' dir='ltr'><strong>si</strong></span> <span class='ocrx_word' id='word_1_277' title='bbox 1464 2712 1546 2780; x_wconf 84' lang='lat' dir='ltr'><strong>spiri-</strong></span> 
     </span>
     <span class='ocr_line' id='line_1_26' title="bbox 542 2796 1545 2863; baseline 0.002 -13"><span class='ocrx_word' id='word_1_278' title='bbox 542 2796 705 2863; x_wconf 73' lang='lat' dir='ltr'><strong>propositio.</strong></span> <span class='ocrx_word' id='word_1_279' title='bbox 958 2801 1002 2852; x_wconf 90' lang='lat' dir='ltr'><strong>tus</strong></span> <span class='ocrx_word' id='word_1_280' title='bbox 1023 2803 1134 2854; x_wconf 89' lang='lat' dir='ltr'><strong>sanctus</strong></span> <span class='ocrx_word' id='word_1_281' title='bbox 1155 2801 1212 2861; x_wconf 86' lang='lat' dir='ltr'><strong>est,</strong></span> <span class='ocrx_word' id='word_1_282' title='bbox 1234 2797 1397 2853; x_wconf 86' lang='lat' dir='ltr'><strong>audirimus.</strong></span> <span class='ocrx_word' id='word_1_283' title='bbox 1415 2799 1463 2854; x_wconf 90' lang='lat' dir='ltr'><strong>iiie</strong></span> <span class='ocrx_word' id='word_1_284' title='bbox 1479 2809 1545 2852; x_wconf 87' lang='lat' dir='ltr'><strong>vcro</strong></span> 
     </span>
     <span class='ocr_line' id='line_1_27' title="bbox 369 2880 1543 2954; baseline 0.003 -22"><span class='ocrx_word' id='word_1_285' title='bbox 369 2881 523 2947; x_wconf 87' lang='lat' dir='ltr'><strong>Baptismus</strong></span> <span class='ocrx_word' id='word_1_286' title='bbox 536 2881 651 2942; x_wconf 82' lang='lat' dir='ltr'><strong>ioannis</strong></span> <span class='ocrx_word' id='word_1_287' title='bbox 667 2893 723 2934; x_wconf 92' lang='lat' dir='ltr'><strong>uon</strong></span> <span class='ocrx_word' id='word_1_288' title='bbox 740 2880 836 2936; x_wconf 87' lang='lat' dir='ltr'><strong>habuit</strong></span> <span class='ocrx_word' id='word_1_289' title='bbox 849 2894 923 2936; x_wconf 90' lang='lat' dir='ltr'><strong>eam·</strong></span> <span class='ocrx_word' id='word_1_290' title='bbox 956 2883 1016 2943; x_wconf 90' lang='lat' dir='ltr'><strong>ait:</strong></span> <span class='ocrx_word' id='word_1_291' title='bbox 1035 2885 1065 2937; x_wconf 90' lang='lat' dir='ltr'><strong>in</strong></span> <span class='ocrx_word' id='word_1_292' title='bbox 1085 2896 1139 2950; x_wconf 83' lang='lat' dir='ltr'><strong>quo</strong></span> <span class='ocrx_word' id='word_1_293' title='bbox 1158 2895 1223 2950; x_wconf 79' lang='lat' dir='ltr'><strong>ergo</strong></span> <span class='ocrx_word' id='word_1_294' title='bbox 1240 2883 1367 2950; x_wconf 89' lang='lat' dir='ltr'><strong>baptizati</strong></span> <span class='ocrx_word' id='word_1_295' title='bbox 1386 2885 1475 2937; x_wconf 81' lang='lat' dir='ltr'><strong>estis?</strong></span> <span class='ocrx_word' id='word_1_296' title='bbox 1492 2886 1543 2954; x_wconf 80' lang='lat' dir='ltr'><strong>Qui</strong></span> 
     </span>
     <span class='ocr_line' id='line_1_28' title="bbox 333 2965 1543 3036; baseline 0.005 -18"><span class='ocrx_word' id='word_1_297' title='bbox 333 2966 399 3020; x_wconf 89' lang='lat' dir='ltr'><strong>dem</strong></span> <span class='ocrx_word' id='word_1_298' title='bbox 409 2965 464 3020; x_wconf 88' lang='lat' dir='ltr'><strong>vim</strong></span> <span class='ocrx_word' id='word_1_299' title='bbox 476 2979 508 3018; x_wconf 90' lang='lat' dir='ltr'><strong>ac</strong></span> <span class='ocrx_word' id='word_1_300' title='bbox 517 2965 616 3018; x_wconf 81' lang='lat' dir='ltr'><strong>christi</strong></span> <span class='ocrx_word' id='word_1_301' title='bbox 626 2966 790 3031; x_wconf 79' lang='lat' dir='ltr'><strong>Baptismus.</strong></span> <span class='ocrx_word' id='word_1_302' title='bbox 958 2971 1084 3030; x_wconf 75' lang='lat' dir='ltr'><strong>dixerunt</strong></span> <span class='ocrx_word' id='word_1_303' title='bbox 1098 2986 1105 3022; x_wconf 75' lang='grc' dir='ltr'>ε</span> <span class='ocrx_word' id='word_1_304' title='bbox 1119 2972 1149 3022; x_wconf 90' lang='lat' dir='ltr'><strong>in</strong></span> <span class='ocrx_word' id='word_1_305' title='bbox 1162 2970 1276 3023; x_wconf 85' lang='lat' dir='ltr'><strong>ioannis</strong></span> <span class='ocrx_word' id='word_1_306' title='bbox 1288 2970 1460 3036; x_wconf 87' lang='lat' dir='ltr'><strong>Baptismate.</strong></span> <span class='ocrx_word' id='word_1_307' title='bbox 1472 2971 1543 3026; x_wconf 86' lang='lat' dir='ltr'><strong>Bixit</strong></span> 
     </span>
     <span class='ocr_line' id='line_1_29' title="bbox 370 3050 1543 3122; baseline 0.008 -20"><span class='ocrx_word' id='word_1_308' title='bbox 370 3052 426 3104; x_wconf 76' lang='lat'><strong>160.</strong></span> <span class='ocrx_word' id='word_1_309' title='bbox 438 3050 575 3105; x_wconf 66' lang='lat' dir='ltr'><strong>motator</strong></span> <span class='ocrx_word' id='word_1_310' title='bbox 587 3054 611 3102; x_wconf 84' lang='lat' dir='ltr'><strong>t.</strong></span> <span class='ocrx_word' id='word_1_311' title='bbox 624 3051 831 3117; x_wconf 75' lang='lat' dir='ltr'><strong>exscriptoris.</strong></span> <span class='ocrx_word' id='word_1_312' title='bbox 843 3054 925 3110; x_wconf 86' lang='lat' dir='ltr'><strong>ioan·</strong></span> <span class='ocrx_word' id='word_1_313' title='bbox 957 3063 1049 3113; x_wconf 89' lang='lat' dir='ltr'><strong>autem</strong></span> <span class='ocrx_word' id='word_1_314' title='bbox 1066 3058 1164 3114; x_wconf 84' lang='lat' dir='ltr'><strong>Paulus</strong></span> <span class='ocrx_word' id='word_1_315' title='bbox 1178 3070 1185 3107; x_wconf 93' lang='lat'><strong>:</strong></span> <span class='ocrx_word' id='word_1_316' title='bbox 1200 3058 1320 3112; x_wconf 87' lang='lat' dir='ltr'><strong>ioannes</strong></span> <span class='ocrx_word' id='word_1_317' title='bbox 1337 3057 1481 3122; x_wconf 88' lang='lat' dir='ltr'><strong>baptizarit</strong></span> <span class='ocrx_word' id='word_1_318' title='bbox 1494 3059 1543 3111; x_wconf 86' lang='lat' dir='ltr'><strong>Ba·</strong></span> 
     </span>
     <span class='ocr_line' id='line_1_30' title="bbox 336 3136 1542 3217; baseline 0.005 -30"><span class='ocrx_word' id='word_1_319' title='bbox 336 3148 386 3188; x_wconf 90' lang='lat' dir='ltr'><strong>nes</strong></span> <span class='ocrx_word' id='word_1_320' title='bbox 397 3136 456 3201; x_wconf 89' lang='lat' dir='ltr'><strong>ipse</strong></span> <span class='ocrx_word' id='word_1_321' title='bbox 464 3136 607 3202; x_wconf 86' lang='lat' dir='ltr'><strong>profitetur</strong></span> <span class='ocrx_word' id='word_1_322' title='bbox 619 3151 626 3186; x_wconf 78' lang='lat' dir='ltr'>z</span> <span class='ocrx_word' id='word_1_323' title='bbox 640 3139 719 3202; x_wconf 81' lang='lat' dir='ltr'><strong>uligo</strong></span> <span class='ocrx_word' id='word_1_324' title='bbox 729 3137 863 3202; x_wconf 83' lang='lat' dir='ltr'><strong>baptizari</strong></span> <span class='ocrx_word' id='word_1_325' title='bbox 873 3150 923 3192; x_wconf 85' lang='lat' dir='ltr'><strong>vos</strong></span> <span class='ocrx_word' id='word_1_326' title='bbox 957 3143 1057 3217; x_wconf 85' lang='lat' dir='ltr'><strong>ptismo</strong></span> <span class='ocrx_word' id='word_1_327' title='bbox 1070 3142 1239 3208; x_wconf 81' lang='lat' dir='ltr'><strong>poenitentias</strong></span> <span class='ocrx_word' id='word_1_328' title='bbox 1251 3143 1381 3208; x_wconf 89' lang='lat' dir='ltr'><strong>populum</strong></span> <span class='ocrx_word' id='word_1_329' title='bbox 1395 3179 1402 3205; x_wconf 94' lang='lat'><strong>,</strong></span> <span class='ocrx_word' id='word_1_330' title='bbox 1422 3141 1518 3194; x_wconf 88' lang='lat' dir='ltr'><strong>dicens</strong></span> <span class='ocrx_word' id='word_1_331' title='bbox 1535 3157 1542 3193; x_wconf 93' lang='lat'>:</span> 
     </span>
     <span class='ocr_line' id='line_1_31' title="bbox 333 3221 1544 3296; baseline 0.003 -22"><span class='ocrx_word' id='word_1_332' title='bbox 333 3235 422 3296; x_wconf 83' lang='lat' dir='ltr'><strong>aqua,</strong></span> <span class='ocrx_word' id='word_1_333' title='bbox 442 3221 488 3274; x_wconf 90' lang='lat' dir='ltr'><strong>iile</strong></span> <span class='ocrx_word' id='word_1_334' title='bbox 506 3235 573 3275; x_wconf 82' lang='lat' dir='ltr'><strong>uero</strong></span> <span class='ocrx_word' id='word_1_335' title='bbox 590 3223 738 3288; x_wconf 83' lang='lat' dir='ltr'><strong>baptizabit</strong></span> <span class='ocrx_word' id='word_1_336' title='bbox 755 3236 805 3277; x_wconf 86' lang='lat' dir='ltr'><strong>uos</strong></span> <span class='ocrx_word' id='word_1_337' title='bbox 823 3224 924 3293; x_wconf 88' lang='lat' dir='ltr'><strong>Spiritu</strong></span> <span class='ocrx_word' id='word_1_338' title='bbox 958 3227 987 3278; x_wconf 89' lang='lat' dir='ltr'><strong>ln</strong></span> <span class='ocrx_word' id='word_1_339' title='bbox 999 3239 1072 3290; x_wconf 84' lang='lat' dir='ltr'><strong>eunt,</strong></span> <span class='ocrx_word' id='word_1_340' title='bbox 1086 3227 1133 3296; x_wconf 86' lang='lat' dir='ltr'><strong>qui</strong></span> <span class='ocrx_word' id='word_1_341' title='bbox 1145 3231 1431 3292; x_wconf 88' lang='lat' dir='ltr'><strong>venturusessctpost</strong></span> <span class='ocrx_word' id='word_1_342' title='bbox 1442 3228 1544 3290; x_wconf 90' lang='lat' dir='ltr'><strong>ipsum,</strong></span> 
     </span>
     <span class='ocr_line' id='line_1_32' title="bbox 335 3306 1546 3372; baseline 0 -12"><span class='ocrx_word' id='word_1_343' title='bbox 335 3312 441 3361; x_wconf 88' lang='lat' dir='ltr'><strong>sancte.</strong></span> <span class='ocrx_word' id='word_1_344' title='bbox 451 3327 463 3352; x_wconf 74' lang='lat' dir='ltr'><strong>r</strong></span> <span class='ocrx_word' id='word_1_345' title='bbox 475 3306 486 3340; x_wconf 76' lang='lat'><strong>⁸</strong></span> <span class='ocrx_word' id='word_1_346' title='bbox 499 3306 596 3371; x_wconf 83' lang='lat' dir='ltr'><strong>Liquet</strong></span> <span class='ocrx_word' id='word_1_347' title='bbox 608 3308 673 3358; x_wconf 90' lang='lat' dir='ltr'><strong>inde</strong></span> <span class='ocrx_word' id='word_1_348' title='bbox 686 3308 815 3372; x_wconf 81' lang='lat' dir='ltr'><strong>baptismi</strong></span> <span class='ocrx_word' id='word_1_349' title='bbox 825 3309 925 3360; x_wconf 84' lang='lat' dir='ltr'><strong>utrius·</strong></span> <span class='ocrx_word' id='word_1_350' title='bbox 958 3316 989 3368; x_wconf 87' lang='lat' dir='ltr'><strong>nt</strong></span> <span class='ocrx_word' id='word_1_351' title='bbox 1010 3310 1168 3372; x_wconf 85' lang='lat' dir='ltr'><strong>crederent,</strong></span> <span class='ocrx_word' id='word_1_352' title='bbox 1190 3311 1242 3364; x_wconf 83' lang='lat' dir='ltr'><strong>boc</strong></span> <span class='ocrx_word' id='word_1_353' title='bbox 1260 3314 1320 3372; x_wconf 86' lang='lat' dir='ltr'><strong>cst,</strong></span> <span class='ocrx_word' id='word_1_354' title='bbox 1340 3310 1367 3360; x_wconf 91' lang='lat' dir='ltr'><strong>in</strong></span> <span class='ocrx_word' id='word_1_355' title='bbox 1382 3311 1485 3364; x_wconf 78' lang='lat' dir='ltr'><strong>iesum.</strong></span> <span class='ocrx_word' id='word_1_356' title='bbox 1500 3310 1546 3362; x_wconf 82' lang='lat' dir='ltr'><strong>His</strong></span> 
     </span>
     <span class='ocr_line' id='line_1_33' title="bbox 334 3389 1546 3458; baseline 0.001 -14"><span class='ocrx_word' id='word_1_357' title='bbox 334 3405 390 3457; x_wconf 87' lang='lat' dir='ltr'><strong>que</strong></span> <span class='ocrx_word' id='word_1_358' title='bbox 406 3390 572 3450; x_wconf 78' lang='lat' dir='ltr'><strong>discrimen,</strong></span> <span class='ocrx_word' id='word_1_359' title='bbox 585 3403 600 3441; x_wconf 94' lang='lat' dir='ltr'><strong>a</strong></span> <span class='ocrx_word' id='word_1_360' title='bbox 613 3389 711 3443; x_wconf 88' lang='lat' dir='ltr'><strong>virtute</strong></span> <span class='ocrx_word' id='word_1_361' title='bbox 725 3390 831 3448; x_wconf 81' lang='lat' dir='ltr'><strong>scilicet</strong></span> <span class='ocrx_word' id='word_1_362' title='bbox 848 3396 875 3444; x_wconf 88' lang='lat' dir='ltr'><strong>et</strong></span> <span class='ocrx_word' id='word_1_363' title='bbox 889 3394 926 3445; x_wconf 83' lang='lat' dir='ltr'><strong>ei·</strong></span> <span class='ocrx_word' id='word_1_364' title='bbox 960 3392 1080 3455; x_wconf 89' lang='lat' dir='ltr'><strong>auditis,</strong></span> <span class='ocrx_word' id='word_1_365' title='bbox 1097 3391 1224 3458; x_wconf 88' lang='lat' dir='ltr'><strong>baptizati</strong></span> <span class='ocrx_word' id='word_1_366' title='bbox 1244 3396 1308 3443; x_wconf 89' lang='lat' dir='ltr'><strong>sunt</strong></span> <span class='ocrx_word' id='word_1_367' title='bbox 1325 3392 1353 3442; x_wconf 93' lang='lat' dir='ltr'><strong>in</strong></span> <span class='ocrx_word' id='word_1_368' title='bbox 1371 3391 1483 3444; x_wconf 86' lang='lat' dir='ltr'><strong>nomine</strong></span> <span class='ocrx_word' id='word_1_369' title='bbox 1495 3394 1546 3446; x_wconf 89' lang='lat' dir='ltr'><strong>bo·</strong></span> 
     </span>
     <span class='ocr_line' id='line_1_34' title="bbox 289 3474 1547 3552; baseline -0.001 -23"><span class='ocrx_word' id='word_1_370' title='bbox 289 3529 294 3537; x_wconf 82' lang='grc'><strong>,</strong></span> <span class='ocrx_word' id='word_1_371' title='bbox 334 3477 410 3529; x_wconf 86' lang='lat' dir='ltr'><strong>fectu</strong></span> <span class='ocrx_word' id='word_1_372' title='bbox 425 3475 540 3540; x_wconf 88' lang='lat' dir='ltr'><strong>petitum</strong></span> <span class='ocrx_word' id='word_1_373' title='bbox 559 3489 566 3524; x_wconf 74' lang='grc' dir='ltr'><strong>ι</strong></span> <span class='ocrx_word' id='word_1_374' title='bbox 582 3475 684 3552; x_wconf 82' lang='lat' dir='ltr'><strong>nullam</strong></span> <span class='ocrx_word' id='word_1_375' title='bbox 702 3476 776 3528; x_wconf 92' lang='lat' dir='ltr'><strong>enim</strong></span> <span class='ocrx_word' id='word_1_376' title='bbox 793 3475 848 3530; x_wconf 84' lang='lat' dir='ltr'><strong>rint</strong></span> <span class='ocrx_word' id='word_1_377' title='bbox 867 3490 926 3536; x_wconf 73' lang='lat' dir='ltr'><strong>suaa</strong></span> <span class='ocrx_word' id='word_1_378' title='bbox 960 3476 1026 3536; x_wconf 82' lang='lat' dir='ltr'><strong>mini</strong></span> <span class='ocrx_word' id='word_1_379' title='bbox 1046 3478 1119 3529; x_wconf 82' lang='lat' dir='ltr'><strong>iesu.</strong></span> <span class='ocrx_word' id='word_1_380' title='bbox 1134 3495 1146 3522; x_wconf 71' lang='lat' dir='ltr'><strong>u</strong></span> <span class='ocrx_word' id='word_1_381' title='bbox 1161 3474 1331 3528; x_wconf 80' lang='lat' dir='ltr'><strong>⁸Biscrimen</strong></span> <span class='ocrx_word' id='word_1_382' title='bbox 1344 3475 1486 3543; x_wconf 82' lang='lat' dir='ltr'><strong>utriusque</strong></span> <span class='ocrx_word' id='word_1_383' title='bbox 1498 3477 1547 3534; x_wconf 87' lang='lat' dir='ltr'><strong>Ba·</strong></span> 
     </span>
     <span class='ocr_line' id='line_1_35' title="bbox 334 3559 1549 3630; baseline 0.002 -18"><span class='ocrx_word' id='word_1_384' title='bbox 334 3559 470 3621; x_wconf 84' lang='lat' dir='ltr'><strong>ablutioni</strong></span> <span class='ocrx_word' id='word_1_385' title='bbox 493 3560 585 3613; x_wconf 91' lang='lat' dir='ltr'><strong>inesse</strong></span> <span class='ocrx_word' id='word_1_386' title='bbox 605 3561 715 3628; x_wconf 85' lang='lat' dir='ltr'><strong>agnovit</strong></span> <span class='ocrx_word' id='word_1_387' title='bbox 735 3561 873 3627; x_wconf 83' lang='lat' dir='ltr'><strong>Baptista:</strong></span> <span class='ocrx_word' id='word_1_388' title='bbox 892 3577 925 3622; x_wconf 91' lang='lat' dir='ltr'><strong>ea</strong></span> <span class='ocrx_word' id='word_1_389' title='bbox 959 3561 1095 3630; x_wconf 83' lang='lat' dir='ltr'><strong>ptisntatis</strong></span> <span class='ocrx_word' id='word_1_390' title='bbox 1105 3561 1149 3615; x_wconf 92' lang='lat' dir='ltr'><strong>hic</strong></span> <span class='ocrx_word' id='word_1_391' title='bbox 1159 3560 1276 3614; x_wconf 85' lang='lat' dir='ltr'><strong>maxime</strong></span> <span class='ocrx_word' id='word_1_392' title='bbox 1288 3566 1379 3627; x_wconf 88' lang='lat' dir='ltr'><strong>patet,</strong></span> <span class='ocrx_word' id='word_1_393' title='bbox 1395 3574 1480 3628; x_wconf 87' lang='lat' dir='ltr'><strong>quum</strong></span> <span class='ocrx_word' id='word_1_394' title='bbox 1490 3561 1549 3630; x_wconf 86' lang='lat' dir='ltr'><strong>Spi-</strong></span> 
     </span>
     <span class='ocr_line' id='line_1_36' title="bbox 334 3643 1546 3715; baseline 0.006 -19"><span class='ocrx_word' id='word_1_395' title='bbox 334 3648 417 3699; x_wconf 88' lang='lat' dir='ltr'><strong>utcns</strong></span> <span class='ocrx_word' id='word_1_396' title='bbox 428 3643 455 3696; x_wconf 89' lang='lat' dir='ltr'><strong>in</strong></span> <span class='ocrx_word' id='word_1_397' title='bbox 469 3644 601 3698; x_wconf 87' lang='lat' dir='ltr'><strong>iudicium</strong></span> <span class='ocrx_word' id='word_1_398' title='bbox 612 3652 639 3698; x_wconf 88' lang='lat' dir='ltr'><strong>ct</strong></span> <span class='ocrx_word' id='word_1_399' title='bbox 649 3646 823 3700; x_wconf 87' lang='lat' dir='ltr'><strong>occasionem</strong></span> <span class='ocrx_word' id='word_1_400' title='bbox 835 3650 927 3715; x_wconf 86' lang='lat' dir='ltr'><strong>poeni·</strong></span> <span class='ocrx_word' id='word_1_401' title='bbox 959 3649 1028 3706; x_wconf 86' lang='lat' dir='ltr'><strong>ritus</strong></span> <span class='ocrx_word' id='word_1_402' title='bbox 1039 3654 1151 3702; x_wconf 88' lang='lat' dir='ltr'><strong>sanctus</strong></span> <span class='ocrx_word' id='word_1_403' title='bbox 1163 3661 1217 3702; x_wconf 85' lang='lat' dir='ltr'><strong>nou</strong></span> <span class='ocrx_word' id='word_1_404' title='bbox 1225 3649 1398 3702; x_wconf 89' lang='lat' dir='ltr'><strong>invocaretur</strong></span> <span class='ocrx_word' id='word_1_405' title='bbox 1406 3661 1421 3701; x_wconf 89' lang='lat' dir='ltr'><strong>a</strong></span> <span class='ocrx_word' id='word_1_406' title='bbox 1429 3649 1546 3712; x_wconf 82' lang='lat' dir='ltr'><strong>icauna,</strong></span> 
     </span>
     <span class='ocr_line' id='line_1_37' title="bbox 334 3731 1547 3802; baseline 0.002 -18"><span class='ocrx_word' id='word_1_407' title='bbox 334 3731 447 3794; x_wconf 87' lang='lat' dir='ltr'><strong>tentiae,</strong></span> <span class='ocrx_word' id='word_1_408' title='bbox 462 3745 516 3798; x_wconf 89' lang='lat' dir='ltr'><strong>qua</strong></span> <span class='ocrx_word' id='word_1_409' title='bbox 527 3745 576 3786; x_wconf 93' lang='lat' dir='ltr'><strong>cor</strong></span> <span class='ocrx_word' id='word_1_410' title='bbox 587 3733 765 3786; x_wconf 88' lang='lat' dir='ltr'><strong>mundaretur</strong></span> <span class='ocrx_word' id='word_1_411' title='bbox 778 3749 785 3785; x_wconf 74' lang='grc' dir='ltr'><strong>ι</strong></span> <span class='ocrx_word' id='word_1_412' title='bbox 802 3735 851 3787; x_wconf 88' lang='lat' dir='ltr'><strong>sed</strong></span> <span class='ocrx_word' id='word_1_413' title='bbox 865 3736 924 3802; x_wconf 80' lang='lat' dir='ltr'><strong>Spi·</strong></span> <span class='ocrx_word' id='word_1_414' title='bbox 959 3747 1011 3788; x_wconf 91' lang='lat' dir='ltr'><strong>uec</strong></span> <span class='ocrx_word' id='word_1_415' title='bbox 1024 3736 1089 3788; x_wconf 88' lang='lat' dir='ltr'><strong>iesu</strong></span> <span class='ocrx_word' id='word_1_416' title='bbox 1102 3733 1252 3800; x_wconf 88' lang='lat' dir='ltr'><strong>discipulus</strong></span> <span class='ocrx_word' id='word_1_417' title='bbox 1271 3733 1424 3787; x_wconf 88' lang='lat' dir='ltr'><strong>efficeretur</strong></span> <span class='ocrx_word' id='word_1_418' title='bbox 1439 3734 1484 3800; x_wconf 83' lang='lat' dir='ltr'><strong>qui</strong></span> <span class='ocrx_word' id='word_1_419' title='bbox 1497 3736 1547 3787; x_wconf 89' lang='lat' dir='ltr'><strong>Ba·</strong></span> 
     </span>
     <span class='ocr_line' id='line_1_38' title="bbox 335 3816 1546 3887; baseline 0.005 -20"><span class='ocrx_word' id='word_1_420' title='bbox 335 3816 420 3868; x_wconf 91' lang='lat' dir='ltr'><strong>ritum</strong></span> <span class='ocrx_word' id='word_1_421' title='bbox 438 3823 562 3870; x_wconf 88' lang='lat' dir='ltr'><strong>sanctum</strong></span> <span class='ocrx_word' id='word_1_422' title='bbox 581 3819 680 3872; x_wconf 84' lang='lat' dir='ltr'><strong>Christi</strong></span> <span class='ocrx_word' id='word_1_423' title='bbox 699 3821 836 3886; x_wconf 89' lang='lat' dir='ltr'><strong>Baptismo</strong></span> <span class='ocrx_word' id='word_1_424' title='bbox 855 3821 925 3874; x_wconf 90' lang='lat' dir='ltr'><strong>dan·</strong></span> <span class='ocrx_word' id='word_1_425' title='bbox 958 3821 1057 3887; x_wconf 88' lang='lat' dir='ltr'><strong>ptisma</strong></span> <span class='ocrx_word' id='word_1_426' title='bbox 1068 3819 1248 3873; x_wconf 82' lang='lat' dir='ltr'><strong>Braecursoris</strong></span> <span class='ocrx_word' id='word_1_427' title='bbox 1259 3824 1437 3886; x_wconf 86' lang='lat' dir='ltr'><strong>susceperat,</strong></span> <span class='ocrx_word' id='word_1_428' title='bbox 1451 3833 1546 3884; x_wconf 87' lang='lat' dir='ltr'><strong>quam·</strong></span> 
     </span>
     <span class='ocr_line' id='line_1_39' title="bbox 335 3891 1544 3992; baseline 0.002 -39"><span class='ocrx_word' id='word_1_429' title='bbox 335 3901 402 3953; x_wconf 91' lang='lat' dir='ltr'><strong>dum</strong></span> <span class='ocrx_word' id='word_1_430' title='bbox 425 3898 565 3966; x_wconf 83' lang='lat' dir='ltr'><strong>praedixit,</strong></span> <span class='ocrx_word' id='word_1_431' title='bbox 592 3891 693 3970; x_wconf 87' lang='lat' dir='ltr'><strong>quippe</strong></span> <span class='ocrx_word' id='word_1_432' title='bbox 716 3917 787 3970; x_wconf 85' lang='lat' dir='ltr'><strong>quo,</strong></span> <span class='ocrx_word' id='word_1_433' title='bbox 816 3905 923 3960; x_wconf 85' lang='lat' dir='ltr'><strong>Christo</strong></span> <span class='ocrx_word' id='word_1_434' title='bbox 958 3905 999 3960; x_wconf 86' lang='lat' dir='ltr'><strong>uis</strong></span> <span class='ocrx_word' id='word_1_435' title='bbox 1017 3904 1051 3956; x_wconf 88' lang='lat' dir='ltr'><strong>ad</strong></span> <span class='ocrx_word' id='word_1_436' title='bbox 1071 3918 1133 3959; x_wconf 89' lang='lat' dir='ltr'><strong>eum</strong></span> <span class='ocrx_word' id='word_1_437' title='bbox 1152 3904 1351 3992; x_wconf 76' lang='lat' dir='ltr'><strong>expectandum</strong></span> <span class='ocrx_word' id='word_1_438' title='bbox 1371 3903 1544 3958; x_wconf 85' lang='lat' dir='ltr'><strong>excitaretur.</strong></span> 
     </span>
     <span class='ocr_line' id='line_1_40' title="bbox 310 3986 1547 4056; baseline 0.005 -20"><span class='ocrx_word' id='word_1_439' title='bbox 310 4021 313 4025; x_wconf 82' lang='lat'>-</span> <span class='ocrx_word' id='word_1_440' title='bbox 336 3986 396 4052; x_wconf 91' lang='lat' dir='ltr'><strong>ipso</strong></span> <span class='ocrx_word' id='word_1_441' title='bbox 407 3987 588 4048; x_wconf 84' lang='lat' dir='ltr'><strong>docente,ex</strong></span> <span class='ocrx_word' id='word_1_442' title='bbox 597 4001 668 4054; x_wconf 88' lang='lat' dir='ltr'><strong>aqua</strong></span> <span class='ocrx_word' id='word_1_443' title='bbox 678 3992 705 4041; x_wconf 88' lang='lat' dir='ltr'><strong>ct</strong></span> <span class='ocrx_word' id='word_1_444' title='bbox 714 3989 815 4056; x_wconf 88' lang='lat' dir='ltr'><strong>spiritu</strong></span> <span class='ocrx_word' id='word_1_445' title='bbox 828 3995 924 4047; x_wconf 88' lang='lat' dir='ltr'><strong>sancto</strong></span> <span class='ocrx_word' id='word_1_446' title='bbox 958 3989 1026 4048; x_wconf 85' lang='lat' dir='ltr'><strong>iiioc</strong></span> <span class='ocrx_word' id='word_1_447' title='bbox 1047 3990 1147 4043; x_wconf 84' lang='lat' dir='ltr'><strong>iactum</strong></span> <span class='ocrx_word' id='word_1_448' title='bbox 1169 3994 1199 4040; x_wconf 90' lang='lat' dir='ltr'><strong>ut</strong></span> <span class='ocrx_word' id='word_1_449' title='bbox 1218 4001 1288 4044; x_wconf 89' lang='lat' dir='ltr'><strong>nova</strong></span> <span class='ocrx_word' id='word_1_450' title='bbox 1313 3988 1447 4055; x_wconf 80' lang='lat' dir='ltr'><strong>indigeret</strong></span> <span class='ocrx_word' id='word_1_451' title='bbox 1467 3990 1547 4044; x_wconf 88' lang='lat' dir='ltr'><strong>ablu·</strong></span> 
     </span>
     <span class='ocr_line' id='line_1_41' title="bbox 334 4062 1545 4140; baseline 0.002 -17"><span class='ocrx_word' id='word_1_452' title='bbox 334 4071 397 4140; x_wconf 84' lang='lat' dir='ltr'><strong>quis</strong></span> <span class='ocrx_word' id='word_1_453' title='bbox 414 4078 611 4125; x_wconf 86' lang='lat' dir='ltr'><strong>renasceretur.</strong></span> <span class='ocrx_word' id='word_1_454' title='bbox 706 4062 709 4066; x_wconf 48' lang='lat'><em>⁴</em></span> <span class='ocrx_word' id='word_1_455' title='bbox 734 4111 738 4116; x_wconf 82' lang='grc'><em>.</em></span> <span class='ocrx_word' id='word_1_456' title='bbox 850 4128 853 4134; x_wconf 74' lang='grc'><strong>,</strong></span> <span class='ocrx_word' id='word_1_457' title='bbox 959 4073 1344 4140; x_wconf 83' lang='lat' dir='ltr'><strong>tionc,quaspiritussaneti</strong></span> <span class='ocrx_word' id='word_1_458' title='bbox 1359 4073 1545 4135; x_wconf 88' lang='lat' dir='ltr'><strong>invocatione,</strong></span> 
     </span>
     <span class='ocr_line' id='line_1_42' title="bbox 370 4156 1547 4225; baseline 0.006 -20"><span class='ocrx_word' id='word_1_459' title='bbox 370 4157 427 4209; x_wconf 84' lang='lat' dir='ltr'><strong>idi.</strong></span> <span class='ocrx_word' id='word_1_460' title='bbox 441 4156 539 4222; x_wconf 84' lang='lat' dir='ltr'><strong>Liquet</strong></span> <span class='ocrx_word' id='word_1_461' title='bbox 549 4156 631 4208; x_wconf 90' lang='lat' dir='ltr'><strong>ctiam</strong></span> <span class='ocrx_word' id='word_1_462' title='bbox 645 4156 744 4208; x_wconf 86' lang='lat' dir='ltr'><strong>Christi</strong></span> <span class='ocrx_word' id='word_1_463' title='bbox 754 4159 923 4223; x_wconf 82' lang='lat' dir='ltr'><strong>baptismum</strong></span> <span class='ocrx_word' id='word_1_464' title='bbox 961 4175 1015 4216; x_wconf 88' lang='lat' dir='ltr'><strong>una</strong></span> <span class='ocrx_word' id='word_1_465' title='bbox 1025 4175 1087 4214; x_wconf 91' lang='lat' dir='ltr'><strong>cum</strong></span> <span class='ocrx_word' id='word_1_466' title='bbox 1098 4164 1184 4225; x_wconf 84' lang='lat' dir='ltr'><strong>Patre,</strong></span> <span class='ocrx_word' id='word_1_467' title='bbox 1195 4161 1305 4225; x_wconf 76' lang='lat' dir='ltr'><strong>etliilio,</strong></span> <span class='ocrx_word' id='word_1_468' title='bbox 1315 4160 1474 4212; x_wconf 90' lang='lat' dir='ltr'><strong>meritorum</strong></span> <span class='ocrx_word' id='word_1_469' title='bbox 1482 4161 1547 4212; x_wconf 86' lang='lat' dir='ltr'><strong>iesu</strong></span> 
     </span>
     <span class='ocr_line' id='line_1_43' title="bbox 335 4240 1192 4314; baseline 0.007 -22"><span class='ocrx_word' id='word_1_470' title='bbox 335 4241 371 4292; x_wconf 90' lang='lat' dir='ltr'><strong>ab</strong></span> <span class='ocrx_word' id='word_1_471' title='bbox 383 4240 430 4294; x_wconf 91' lang='lat' dir='ltr'><strong>ilio</strong></span> <span class='ocrx_word' id='word_1_472' title='bbox 443 4255 528 4306; x_wconf 85' lang='lat' dir='ltr'><strong>quam</strong></span> <span class='ocrx_word' id='word_1_473' title='bbox 538 4241 740 4296; x_wconf 86' lang='lat' dir='ltr'><strong>administravit</strong></span> <span class='ocrx_word' id='word_1_474' title='bbox 751 4245 872 4297; x_wconf 85' lang='lat' dir='ltr'><strong>ioannes</strong></span> <span class='ocrx_word' id='word_1_475' title='bbox 884 4245 925 4299; x_wconf 89' lang='lat' dir='ltr'><strong>di·</strong></span> <span class='ocrx_word' id='word_1_476' title='bbox 959 4246 1038 4299; x_wconf 85' lang='lat' dir='ltr'><strong>ficret</strong></span> <span class='ocrx_word' id='word_1_477' title='bbox 1047 4247 1192 4314; x_wconf 89' lang='lat' dir='ltr'><strong>particeps.</strong></span> 
     </span>
    </p>
   </div>
   <div class='ocr_carea' id='block_1_9' title="bbox 334 4328 1546 4395">
    <p class='ocr_par' dir='ltr' id='par_1_10' title="bbox 334 4328 1546 4395">
     <span class='ocr_line' id='line_1_44' title="bbox 334 4328 1546 4395; baseline 0.002 -16"><span class='ocrx_word' id='word_1_478' title='bbox 334 4338 444 4379; x_wconf 82' lang='lat' dir='ltr'><strong>uersum</strong></span> <span class='ocrx_word' id='word_1_479' title='bbox 454 4339 533 4390; x_wconf 87' lang='lat' dir='ltr'><strong>esse,</strong></span> <span class='ocrx_word' id='word_1_480' title='bbox 554 4333 582 4380; x_wconf 86' lang='lat' dir='ltr'><strong>et</strong></span> <span class='ocrx_word' id='word_1_481' title='bbox 596 4328 638 4383; x_wconf 81' lang='lat' dir='ltr'><strong>vis</strong></span> <span class='ocrx_word' id='word_1_482' title='bbox 652 4329 734 4394; x_wconf 85' lang='lat' dir='ltr'><strong>longe</strong></span> <span class='ocrx_word' id='word_1_483' title='bbox 747 4329 878 4395; x_wconf 85' lang='lat' dir='ltr'><strong>majoris,</strong></span> <span class='ocrx_word' id='word_1_484' title='bbox 892 4345 925 4384; x_wconf 87' lang='lat' dir='ltr'><strong>ex</strong></span> <span class='ocrx_word' id='word_1_485' title='bbox 993 4333 1050 4384; x_wconf 74' lang='lat'><strong>165.</strong></span> <span class='ocrx_word' id='word_1_486' title='bbox 1065 4331 1233 4386; x_wconf 74' lang='lat' dir='ltr'><strong>protutura.</strong></span> <span class='ocrx_word' id='word_1_487' title='bbox 1244 4345 1279 4386; x_wconf 79' lang='lat' dir='ltr'><strong>eac</strong></span> <span class='ocrx_word' id='word_1_488' title='bbox 1290 4330 1428 4385; x_wconf 67' lang='lat' dir='ltr'><strong>Potnias.</strong></span> <span class='ocrx_word' id='word_1_489' title='bbox 1442 4332 1546 4385; x_wconf 85' lang='lat' dir='ltr'><strong>Tertul-</strong></span> 
     </span>
    </p>
   </div>
   <div class='ocr_carea' id='block_1_10' title="bbox 337 4594 1318 4790">
    <p class='ocr_par' dir='ltr' id='par_1_11' title="bbox 337 4594 1318 4790">
     <span class='ocr_line' id='line_1_45' title="bbox 361 4594 1318 4658; baseline 0.011 -23"><span class='ocrx_word' id='word_1_490' title='bbox 361 4596 387 4648; x_wconf 77' lang='lat' dir='ltr'><strong>(ti</strong></span> <span class='ocrx_word' id='word_1_491' title='bbox 398 4597 457 4648; x_wconf 85' lang='lat' dir='ltr'><strong>Bisp.</strong></span> <span class='ocrx_word' id='word_1_492' title='bbox 467 4594 561 4648; x_wconf 79' lang='lat' dir='ltr'><strong>deliapi.</strong></span> <span class='ocrx_word' id='word_1_493' title='bbox 568 4596 630 4648; x_wconf 81' lang='lat' dir='ltr'><strong>legis,</strong></span> <span class='ocrx_word' id='word_1_494' title='bbox 637 4599 736 4650; x_wconf 72' lang='lat' dir='ltr'><strong>ioannis,</strong></span> <span class='ocrx_word' id='word_1_495' title='bbox 750 4599 859 4641; x_wconf 77' lang='lat' dir='ltr'><strong>etchristi</strong></span> <span class='ocrx_word' id='word_1_496' title='bbox 866 4612 925 4645; x_wconf 78' lang='lat' dir='ltr'><strong>auno</strong></span> <span class='ocrx_word' id='word_1_497' title='bbox 986 4603 1014 4656; x_wconf 76' lang='lat' dir='ltr'><strong>(i)</strong></span> <span class='ocrx_word' id='word_1_498' title='bbox 1023 4603 1081 4644; x_wconf 81' lang='lat' dir='ltr'><strong>Sese.</strong></span> <span class='ocrx_word' id='word_1_499' title='bbox 1089 4601 1126 4641; x_wconf 87' lang='lat' dir='ltr'><strong>rii.</strong></span> <span class='ocrx_word' id='word_1_500' title='bbox 1136 4613 1183 4642; x_wconf 86' lang='lat' dir='ltr'><strong>can.</strong></span> <span class='ocrx_word' id='word_1_501' title='bbox 1194 4608 1212 4642; x_wconf 84' lang='lat' dir='ltr'><strong>t.</strong></span> <span class='ocrx_word' id='word_1_502' title='bbox 1222 4603 1248 4644; x_wconf 88' lang='lat' dir='ltr'><strong>de</strong></span> <span class='ocrx_word' id='word_1_503' title='bbox 1257 4606 1318 4658; x_wconf 81' lang='lat' dir='ltr'><strong>bapt.</strong></span> 
     </span>
     <span class='ocr_line' id='line_1_46' title="bbox 337 4670 1292 4724; baseline 0.004 -16"><span class='ocrx_word' id='word_1_504' title='bbox 337 4670 393 4708; x_wconf 68' lang='lat' dir='ltr'><strong>idid.</strong></span> <span class='ocrx_word' id='word_1_505' title='bbox 986 4672 1012 4722; x_wconf 80' lang='grc'><strong>(5)</strong></span> <span class='ocrx_word' id='word_1_506' title='bbox 1023 4672 1087 4710; x_wconf 84' lang='lat' dir='ltr'><strong>hiare.</strong></span> <span class='ocrx_word' id='word_1_507' title='bbox 1099 4683 1114 4709; x_wconf 89' lang='lat'><strong>1.</strong></span> <span class='ocrx_word' id='word_1_508' title='bbox 1121 4675 1141 4711; x_wconf 81' lang='grc'><strong>8.</strong></span> <span class='ocrx_word' id='word_1_509' title='bbox 1149 4675 1175 4724; x_wconf 73' lang='grc'><strong>(6)</strong></span> <span class='ocrx_word' id='word_1_510' title='bbox 1185 4671 1265 4714; x_wconf 87' lang='lat' dir='ltr'><strong>ibidem</strong></span> <span class='ocrx_word' id='word_1_511' title='bbox 1273 4679 1292 4713; x_wconf 77' lang='grc'><strong>5.</strong></span> 
     </span>
     <span class='ocr_line' id='line_1_47' title="bbox 364 4733 1142 4790; baseline 0.003 -14"><span class='ocrx_word' id='word_1_512' title='bbox 364 4735 392 4787; x_wconf 67' lang='grc' dir='ltr'><strong>(ε)</strong></span> <span class='ocrx_word' id='word_1_513' title='bbox 403 4735 457 4776; x_wconf 84' lang='lat' dir='ltr'><strong>lost.</strong></span> <span class='ocrx_word' id='word_1_514' title='bbox 466 4734 480 4775; x_wconf 93' lang='grc' dir='ltr'><strong>Ι.</strong></span> <span class='ocrx_word' id='word_1_515' title='bbox 489 4733 517 4774; x_wconf 87' lang='lat' dir='ltr'><strong>ir.</strong></span> <span class='ocrx_word' id='word_1_516' title='bbox 526 4745 545 4774; x_wconf 86' lang='lat' dir='ltr'><strong>e.</strong></span> <span class='ocrx_word' id='word_1_517' title='bbox 555 4745 587 4776; x_wconf 82' lang='lat' dir='ltr'><strong>rr.</strong></span> <span class='ocrx_word' id='word_1_518' title='bbox 597 4747 618 4775; x_wconf 90' lang='lat' dir='ltr'><strong>n.</strong></span> <span class='ocrx_word' id='word_1_519' title='bbox 627 4742 645 4776; x_wconf 80' lang='lat' dir='ltr'><strong>r.</strong></span> <span class='ocrx_word' id='word_1_520' title='bbox 988 4741 1016 4790; x_wconf 78' lang='grc' dir='ltr'><strong>(τ)</strong></span> <span class='ocrx_word' id='word_1_521' title='bbox 1025 4740 1070 4778; x_wconf 79' lang='lat' dir='ltr'><strong>hct.</strong></span> <span class='ocrx_word' id='word_1_522' title='bbox 1078 4737 1100 4777; x_wconf 91' lang='lat' dir='ltr'><strong>ii.</strong></span> <span class='ocrx_word' id='word_1_523' title='bbox 1111 4744 1142 4780; x_wconf 76' lang='lat' dir='ltr'><strong>aa.</strong></span> 
     </span>
    </p>
   </div>
   <div class='ocr_carea' id='block_1_11' title="bbox 337 4802 1144 4860">
    <p class='ocr_par' dir='ltr' id='par_1_12' title="bbox 337 4802 1144 4860">
     <span class='ocr_line' id='line_1_48' title="bbox 337 4802 1144 4860; baseline 0.005 -17"><span class='ocrx_word' id='word_1_524' title='bbox 337 4839 347 4854; x_wconf 72' lang='grc'><strong>,</strong></span> <span class='ocrx_word' id='word_1_525' title='bbox 363 4803 389 4854; x_wconf 71' lang='grc'><strong>(5)</strong></span> <span class='ocrx_word' id='word_1_526' title='bbox 399 4802 494 4846; x_wconf 86' lang='lat' dir='ltr'><strong>ibidem.</strong></span> <span class='ocrx_word' id='word_1_527' title='bbox 988 4807 1015 4860; x_wconf 81' lang='grc'><strong>(8)</strong></span> <span class='ocrx_word' id='word_1_528' title='bbox 1025 4811 1067 4847; x_wconf 79' lang='lat' dir='ltr'><strong>hot</strong></span> <span class='ocrx_word' id='word_1_529' title='bbox 1076 4807 1117 4847; x_wconf 84' lang='lat' dir='ltr'><strong>xix.</strong></span> <span class='ocrx_word' id='word_1_530' title='bbox 1126 4812 1144 4847; x_wconf 83' lang='lat' dir='ltr'><strong>i.</strong></span> 
     </span>
    </p>
   </div>
   <div class='ocr_carea' id='block_1_12' title="bbox 0 0 1901 5550">
    <p class='ocr_par' dir='ltr' id='par_1_13' title="bbox 0 0 1901 5550">
     <span class='ocr_line' id='line_1_49' title="bbox 0 0 1901 5550; baseline 0 0"><span class='ocrx_word' id='word_1_531' title='bbox 0 0 1901 5550; x_wconf 95' lang='lat' dir='ltr'><strong> </strong></span> 
     </span>
    </p>
   </div>
  </div>
 </body>
</html>
