3792 5550
686 541 757 592 CAP.
777 539 823 591 Ill.
843 540 886 591 DE
903 539 1112 597 nriscocn‘ru.
1459 547 1512 604 aab

325 653 366 703 Ti.
387 652 482 719 07].7.
493 655 617 708 lustinus
628 655 819 723 presbyterum
828 667 883 708 coe·
896 711 900 718 ,
916 657 1085 723 presbyteris
1112 660 1151 713 nil
1173 661 1284 717 differre
1300 665 1367 719 dicit
1386 681 1422 717 τι(
1435 667 1510 720 Idem

293 739 329 790 tui
355 738 468 792 cuilibet
490 741 614 794 fidelium
632 741 660 794 in
689 742 883 809 mysteriorum
917 745 960 793 est
978 754 1043 808 ergo
1064 745 1207 812 presbyter
1218 751 1264 814 qui
1278 756 1305 804 et
1318 752 1480 817 Episcopus.
1495 773 1508 800 n

292 825 475 880 celebratione
514 829 708 894 praesidentem
741 834 821 883 vocat
856 854 884 894 ιφ
920 827 1177 897 ...«Sicutergo
1195 835 1346 902 presbyteri
1368 838 1458 892 sciunt
1480 853 1511 892 se

293 925 423 978 ,μισωις
446 910 455 944 ¹
481 926 564 978 quem
582 914 766 968 Tertullianus
784 915 886 981 pariter
918 923 952 964 ex
963 914 1093 967 Ecclesiae
1111 921 1324 986 consuetudine,
1344 923 1369 976 ei
1389 923 1435 990 qui
1457 924 1511 978 sibi

293 996 467 1063 designarit«
485 999 636 1064 praesident
653 1002 761 1067 probati
783 1002 884 1068 quique
918 999 1083 1063 praepositus
1108 1000 1200 1065 inerit,
1222 1018 1286 1058 esse
1304 1007 1461 1073 subjectos3
1474 1009 1511 1061 iia

294 1081 415 1135 seniores
429 1098 436 1134 ε
451 1103 464 1130 ι
475 1083 524 1122 ²-
536 1103 553 1133 «
565 1099 617 1139 nee
628 1086 663 1138 de
674 1087 791 1140 aliorum
801 1101 885 1140 manu
919 1083 1048 1150 Episcopi
1067 1087 1193 1140 noverint
1204 1102 1234 1142 se
1256 1091 1344 1157 magis
1363 1099 1511 1145 consuetu-

294 1180 374 1232 quam
396 1169 604 1233 presidentium
623 1173 822 1226 Eucharistiam
839 1187 886 1228 su·
919 1167 1002 1230 dine,
1030 1178 1114 1234 quam
1139 1171 1331 1237 diSDOSifiOfliS
1363 1177 1513 1230 D0missi⁰ae

294 1252 429 1304 mimus.»
444 1251 456 1286 ⁸
917 1251 1050 1315 ueritate,
1073 1255 1241 1322 presbyteris
1253 1273 1315 1312 esse
1329 1262 1448 1326 majores
1473 1283 1485 1308 n
1499 1261 1513 1294 ⁸

270 1388 276 1402 ,
325 1339 367 1390 72.
386 1339 465 1404 lieep.
476 1339 595 1392 vocibus
605 1339 659 1393 illis
672 1341 723 1394 rite
741 1341 886 1410 designan-
953 1339 994 1389 76.
1006 1340 1084 1404 liene.
1096 1341 1254 1409 Hieronymi
1267 1348 1433 1398 sententiam
1444 1347 1512 1400 alias

204 1481 206 1485 ,
293 1429 335 1476 tur
352 1424 422 1477 sacri
434 1425 659 1490 ministri‚etiam
670 1427 885 1495 regiminebaud
919 1424 1179 1492 investigavimus.⁷
1197 1431 1288 1482 Unum
1320 1438 1367 1483 aut
1394 1432 1511 1484 alterurn

293 1510 452 1579 iungentes,
477 1527 529 1566 nec
553 1528 623 1580 opus
641 1515 691 1568 init
713 1516 823 1570 luscino
842 1517 886 1569 vel
919 1511 980 1576 ejus
996 1512 1185 1566 testimoninm
1206 1516 1251 1568 bic
1271 1517 1373 1570 reterre
1389 1523 1431 1571 sat
1443 1517 1510 1580 erit,

293 1597 460 1650 Tertulliano
474 1598 502 1650 in
515 1600 672 1653 christianis
685 1601 812 1654 vindiciis
828 1602 903 1668 alb-y
919 1593 947 1645 in
960 1607 1015 1660 <1110
1033 1597 1185 1664 Episcopos
1203 1613 1266 1652 esse
1286 1599 1452 1666 presbyteris
1464 1613 1511 1652 sn·

292 1681 369 1735 nicos
390 1684 616 1749 alloquentibus,
642 1685 765 1753 singulos
784 1686 886 1752 gradus
918 1680 1042 1745 potiores
1077 1683 1167 1746 palam
1199 1685 1338 1748 praedicat.
1375 1685 1512 1738 Adversus

292 1768 462 1821 enucleatius
480 1770 625 1835 explicare.
646 1773 780 1824 ceterum
802 1785 887 1837 quan·
918 1766 1053 1818 loannem
1066 1767 1343 1835 Hierosolymitanun
1367 1771 1510 1832 scribens,

292 1856 348 1903 tum
369 1853 455 1906 distet
468 1855 624 1919 praesidens
647 1857 730 1910 coetui
755 1857 886 1924 singulari
919 1865 983 1904 cum
996 1852 1061 1905 dicit
1079 1853 1240 1920 uauiragum
1253 1855 1280 1906 in
1293 1857 1512 1922 portu,eoquod

293 1937 326 1989 ab
342 1939 481 2005 Episcopo
495 1953 527 1993 ex
549 1942 716 1995 Tertulliano
741 1943 885 2006 novimus,
919 1939 997 1991 tollat
1022 1939 1171 1992 discrimen
1200 1941 1365 2007 Episcopum
1390 1941 1462 1995 inter
1484 1947 1513 1994 et

293 2023 337 2087 qui
348 2025 511 2092 presbytero
528 2027 601 2079 haud
615 2027 698 2080 licere
717 2028 885 2093 baptismum
918 2024 1131 2090 presbyterum:
1150 2025 1380 2088 «Nihilinterest,
1401 2026 1513 2088 scribit,

293 2107 468 2173 ministrare,
504 2111 557 2164 nisi
589 2127 622 2165 ex
651 2112 730 2166 nenia
757 2113 885 2180 Episcopi
919 2109 991 2162 inter
1010 2109 1241 2176 presbyterumet
1265 2111 1513 2178 Episcopumoea-

294 2193 359 2246 alias
380 2195 464 2259 dicit,
477 2209 540 2249 eum
562 2210 666 2251 vocans
685 2211 823 2251 summum
842 2213 886 2252 sa·
920 2193 983 2247 dem
1000 2195 1121 2262 dignitas
1143 2196 1296 2261 mittentis,
1309 2203 1336 2251 et
1351 2197 1446 2250 missi:
1460 2198 1513 2250 hoo
1615 2204 1620 2211 “

295 2280 468 2334 cerdotem.⁸
919 2281 987 2332 satis
1002 2280 1152 2347 imperite:
1174 2281 1318 2348 inportu,
1342 2288 1373 2335 ut
1393 2282 1512 2343 dicitnr,

325 2367 366 2417 77.
386 2365 448 2432 Oby'.
464 2369 491 2418 7.
510 2368 536 2419 S.
556 2369 678 2422 lreoaeus
696 2368 730 2422 ad
748 2368 884 2422 victorem
918 2365 1210 2433 naufragium.»⁸lmo
1220 2381 1276 2421 non
1288 2367 1394 2421 dubitat
1405 2368 1512 2422 dicore:

293 2449 457 2517 Episcopum
470 2453 625 2505 Romanum
639 2453 886 2518 scribens‚decos-
922 2471 935 2497 n
953 2452 1030 2517 Apud
1045 2465 1110 2505 nos
1129 2454 1322 2517 Apostolorum
1341 2456 1431 2507 locum
1453 2454 1514 2520 Epi·

293 2546 369 2587 sores
378 2536 527 2602 ejusvocat
540 2537 729 2604 presbyteros:
742 2559 754 2584 α
766 2539 814 2602 Qui
823 2544 886 2591 ante
920 2537 998 2601 scopi
1021 2541 1124 2589 tenent.
1140 2557 1153 2582 ι»
1170 2538 1226 2590 ⁹Et
1244 2539 1334 2590 alias:
1357 2559 1369 2584 «
1390 2540 1466 2591 Absit
1484 2544 1513 2591 nt

293 2620 435 2683 Soterem,
456 2622 603 2684 Ecclesiae,
617 2623 660 2674 cui
679 2636 753 2675 nnnc
776 2635 886 2687 praees,
920 2621 955 2673 de
973 2623 1017 2672 his
1035 2622 1185 2687 quidquam
1204 2622 1308 2674 sinistri
1338 2623 1436 2688 loquar
1460 2624 1514 2690 ,qui

292 2704 437 2770 praepositi
456 2704 531 2756 inere
552 2705 721 2772 presbyteri,
744 2706 886 2758 Anicetum
919 2706 1081 2771 Apostolico
1105 2707 1202 2775 gradui
1223 2707 1429 2761 succedentes.
1450 2748 1456 2760 .
1478 2747 1483 2759 .
1505 2745 1512 2760 .

293 2790 412 2843 dicimus
431 2795 458 2844 el
470 2791 556 2844 Pium.
568 2791 605 2840 »⁸
920 2792 1012 2845 claves
1031 2791 1107 2859 regni
1125 2793 1256 2847 coelorum
1276 2793 1425 2858 babentes,
1448 2808 1514 2860 quo·

326 2878 367 2929 77.
388 2879 468 2943 desp.
485 2878 638 2945 Presbyteri
654 2892 720 2933 vere
738 2878 791 2932 dici
810 2885 887 2945 pote·
919 2878 1068 2932 dammodo
1081 2885 1144 2933 anic
1154 2880 1227 2933 diem
1233 2880 1328 2949 judicii
1336 2880 1514 2947 judicant.»¹⁰

294 2968 355 3015 rant
366 2963 495 3030 Episcopi
509 2964 622 3017 llomani
635 2965 670 3016 ab
684 2966 803 3028 irenaeo,
816 2969 888 3041 sicut
954 2967 996 3015 77.
1016 2963 1075 3029 ooj.
1090 2968 1115 3018 7.
1134 2966 1302 3033 Augustinus
1318 2967 1353 3019 ad
1374 2980 1451 3019 usum
1464 2970 1513 3021 Ec-

295 3048 376 3101 ctiam
388 3050 510 3116 sequiori
521 3056 601 3103 aetatc
620 3051 773 3106 sacerdotis
784 3065 887 3105 nomen
921 3049 1011 3104 clesiae
1022 3050 1104 3104 reiert
1113 3051 1305 3118 episcoporum
1315 3052 1515 3117 praestantiam:

296 3144 368 3198 saepc
384 3133 529 3200 Episcopis
547 3134 694 3196 tribuitur;
716 3137 780 3202 quia
793 3150 887 3190 revera
920 3150 983 3189 nam
1001 3137 1035 3189 ad
1052 3137 1246 3205 Hieronymum
1257 3139 1352 3191 scribit
1366 3154 1372 3190 :
1389 3141 1514 3201 «Quam-

296 3218 446 3287 Episcopus
459 3226 502 3273 cst
514 3222 658 3278 sacerdos.
675 3222 783 3274 altioris
796 3228 887 3275 tamen
922 3234 1006 3287 quam
1019 3222 1091 3273 enim
1108 3223 1261 3275 secundum
1281 3224 1416 3275 bonorum
1431 3236 1514 3276 voca-

296 3304 405 3368 padus.
419 3306 554 3359 Caeterum
566 3320 650 3372 quum
664 3307 803 3370 Anicetus,
813 3307 888 3371 Pius,
922 3306 1001 3366 bula,
1015 3318 1077 3372 quae
1091 3307 1147 3372 jam
1164 3306 1295 3359 Ecclesiae
1307 3320 1374 3357 usus
1384 3306 1512 3367 obtinuit,

296 3390 442 3457 caeterique
455 3391 569 3444 Victoris
582 3392 763 3456 decessores,
777 3392 888 3458 presby·
922 3391 1099 3457 episcopatus
1118 3390 1289 3457 presbyterio
1305 3392 1392 3456 major
1411 3391 1445 3443 sil
1457 3429 1464 3453 ,
1477 3396 1513 3443 ta-

298 3474 347 3525 teri
369 3483 518 3539 vocentur,
546 3480 688 3543 tamquam
715 3477 796 3530 unice
817 3490 888 3543 prae-
922 3476 1023 3529 meniu
1035 3475 1128 3528 multis
1141 3476 1224 3529 rebus
1241 3476 1410 3543 Augustinus
1423 3474 1516 3530 llicro-

296 3557 376 3621 DOSlll
388 3589 418 3600 -·
435 3568 453 3612 οἱ
469 3563 602 3632 aptcrt'mtr
618 3572 657 3615 riu·
673 3563 791 3615 ἷκκλισῖω
811 3571 836 3615 ἧς
855 3572 887 3612 νῦν
920 3574 1003 3628 nymo
1018 3562 1171 3615 minoresi.
1186 3559 1228 3607 ¹⁸¹¹

297 3656 372 3710 acce
389 3676 424 3685 —
448 3648 536 3713 liquet
559 3660 608 3702 eos
631 3661 645 3699 a
669 3649 795 3711 caeteris,
816 3662 887 3715 quos
955 3650 995 3701 78.
1016 3648 1095 3713 neap.
1116 3650 1186 3701 Usus
1199 3648 1244 3701 ille
1258 3646 1355 3699 nititur
1369 3644 1515 3701 divinnin·

297 3734 437 3797 regebant,
450 3735 618 3802 presbyteris
628 3734 770 3803 distingui.
784 3737 885 3790 Eorum
920 3732 1080 3796 stitutione,
1093 3734 1169 3799 iuxta
1188 3747 1271 3800 quam
1290 3733 1416 3801 Episcopi
1440 3734 1513 3799 Apo-

298 3816 395 3870 seriem
417 3819 519 3875 idcirco
545 3822 630 3875 texuit
651 3822 885 3885 lrenaeus,.reluti
919 3820 1053 3871 stolorum
1070 3818 1160 3872 locum
1182 3824 1291 3881 tenent,
1313 3820 1353 3871 uti
1376 3819 1462 3884 liquet
1479 3832 1514 3871 ex

298 3899 427 3969 singulari
447 3906 610 3958 auctoritate
631 3908 711 3959 Petro
731 3911 759 3959 et
782 3907 885 3969 Paulo,
920 3903 954 3955 iis
971 3916 1032 3969 quse
1048 3904 1075 3954 in
1094 3904 1231 3955 Psalmum
1249 3918 1315 3955 xciv.
1337 3903 1447 3968 scripsit
1458 3905 1513 3954 Au-

298 3986 343 4049 qui
368 3987 518 4041 Ecclesiam
541 3990 692 4041 Romanam
715 3990 885 4052 fundarunt,
919 3988 1516 4053 gostinus,1amanobisrelatis.”Proiecto

300 4071 491 4126 succedentes.
918 4072 1027 4125 Aerium
1050 4077 1196 4139 negantem
1216 4071 1364 4125 discrimen
1383 4070 1515 4137 Episcopi

330 4158 371 4209 77.
391 4156 450 4224 oei.
463 4160 489 4211 6.
510 4158 691 4225 Hieronymus
706 4157 885 4225 Episcoposa
919 4157 1090 4211 asacerdote
1111 4156 1182 4209 inter
1199 4156 1344 4209 haereticos
1362 4156 1512 4210 recensuit.

323 4414 351 4467 (i)
358 4417 419 4471 Apol.
429 4420 444 4461 i.
454 4433 476 4462 n.
486 4428 518 4464 77.
528 4421 557 4474 (A)
567 4422 679 4476 Apologet.
688 4433 708 4462 c.
717 4422 783 4464 uuir.
946 4420 976 4473 ill
986 4420 1055 4461 Traot.
1065 4419 1092 4460 de
1101 4419 1209 4473 Ecclesia,
1217 4431 1276 4461 err.
1286 4420 1328 4461 vol.
1338 4419 1352 4461 i.
1361 4431 1384 4474 p.
1391 4423 1437 4461 til.
1520 4461 1523 4468 ,
1533 4460 1535 4465 ,

322 4483 350 4532 (³)
359 4485 383 4525 L·
396 4486 423 4527 dc
431 4499 510 4531 corona
520 4490 604 4531 militis.
943 4492 972 4545 (7)
981 4490 1197 4533 cinanmomum
1206 4490 1350 4543 Hierosolyma

322 4553 350 4602 (l)
361 4554 385 4594 L.
394 4555 421 4596 de
434 4558 496 4611 llapt.
510 4570 576 4610 quem
592 4560 642 4611 plus
660 4560 725 4600 munel
740 4558 884 4603 landarimoe.
943 4560 971 4614 (a)
979 4562 1018 4613 Ep.
1027 4560 1063 4601 xli.
1072 4560 1099 4600 ad
1109 4559 1238 4602 llarcellaur.

301 4618 369 4662 Traet.
378 4623 405 4663 de
411 4624 468 4667 licei.
476 4637 496 4668 c.
505 4640 538 4668 xv.
546 4628 589 4669 rol.
596 4627 612 4667 i.
621 4640 643 4681 p.
653 4632 698 4669 717.
946 4630 987 4684 (to)
997 4631 1037 4683 Ep.
1051 4643 1070 4670 v.
1080 4630 1133 4672 aliae
1142 4630 1157 4671 i.

326 4689 353 4739 illl
362 4692 423 4743 Apud
435 4695 566 4749 Eusebium,
574 4696 626 4737 bist.
635 4698 692 4740 llccl.
701 4699 716 4739 1.
725 4710 744 4740 r.
752 4709 772 4740 c.
780 4699 836 4741 xxiv.
946 4703 987 4754 (tr)
998 4702 1037 4754 Ep.
1048 4700 1119 4742 lxxxii.
1129 4701 1183 4756 alias
1192 4702 1233 4744 xix.
1242 4714 1263 4743 n.
1273 4708 1305 4743 77.

328 4757 354 4808 (o)
367 4760 449 4803 comm.
459 4764 480 4805 in
489 4765 530 4806 Tit.
539 4776 558 4805 e.
567 4764 583 4806 i.
593 4770 611 4806 7.
947 4770 986 4823 itt]
997 4770 1022 4812 T.
1034 4769 1050 4811 i.
1060 4782 1080 4811 c.
1089 4782 1122 4813 rr.
