3792 5550
653 580 722 633 cll).
742 581 787 636 lll.
806 584 848 635 DE
866 584 969 637 SEXTO
985 580 1115 635 lonrvvls
1132 580 1256 632 cnvlvn.
1527 580 1579 631 87·

331 695 529 759 satiarentur,
550 696 674 748 omnium
697 696 726 748 in
754 711 784 750 33
816 699 933 752 admira·
968 699 1087 752 ditlion
1109 697 1180 750 sicut
1208 695 1446 748 manducaverunt
1469 699 1560 760 patres

331 782 449 835 rtionem
468 786 663 847 provocasset,
678 784 764 836 secuti
788 789 852 838 sunl
869 798 934 838 eum
967 782 1050 839 vestri
1078 794 1210 856 133333,
1226 785 1254 835 31
1285 780 1387 834 mortui
1406 786 1481 833 sunt.
1510 781 1560 844 Qui

332 866 472 933 plurimi,
490 879 540 932 par
563 868 719 935 prodigium
744 870 856 923 videndi
884 886 933 937 spe
967 871 1115 923 manducat
1133 870 1207 921 bunc
1224 882 1333 935 panem,
1346 868 1418 922 vivet
1434 868 1463 920 iu
1483 873 1561 921 aeter·

334 951 445 1015 illecti,
465 965 582 1019 eumque
594 955 745 1019 capharnai
758 954 931 1010 invenerunt.
966 969 1044 1008 num.
1062 958 1125 1008 llaec
1145 954 1212 1008 dixit
1231 955 1260 1007 in
1278 965 1417 1021 synagoga
1435 953 1558 1016 133333,

333 1038 412 1091 ’11313
425 1037 575 1090 curiositati
598 1042 625 1091 et
647 1038 771 1091 ciborum
794 1039 932 1095 desiderio
968 1040 997 1092 in
1018 1041 1219 1106 capharnaum.
1234 1059 1247 1086 1

338 1122 449 1175 mederi
460 1123 561 1187 voluit,
573 1123 719 1177 occasione
734 1124 798 1178 inde
821 1133 932 1192 accepta
999 1125 1041 1177 29.
1061 1127 1099 1176 Er
1113 1130 1169 1178 tota
1190 1124 1345 1177 narratione
1356 1124 1442 1189 liquet
1450 1122 1486 1175 de
1497 1121 1559 1175 cibo

329 1220 393 1261 -eos
409 1208 443 1261 ad
455 1208 575 1261 coelestis
587 1208 640 1261 cibi
654 1209 773 1263 esuriem
785 1211 930 1264 excitandi.
965 1222 1029 1263 3333
1046 1222 1204 1265 sermonem
1218 1223 1225 1259 ε
1239 1222 1339 1275 panem
1357 1208 1473 1261 dederat
1483 1206 1559 1259 cbri·

340 1294 383 1345 Ex
403 1291 436 1344 iis
452 1293 564 1358 quidam
578 1293 670 1347 cibum
687 1296 795 1349 coelitus
809 1296 931 1349 dandum
965 1300 1041 1355 stus;
1067 1307 1165 1360 panem
1193 1298 1363 1359 quaesrerunt
1383 1292 1487 1355 131131,
1507 1290 1559 1345 sed

345 1378 537 1443 postularunt,
560 1384 641 1444 prout
658 1381 764 1447 lloyses
783 1381 932 1446 majoribus
965 1380 1049 1434 veluti
1066 1379 1143 1447 parvi
1153 1378 1285 1432 iacientes
1297 1391 1360 1431 eum
1371 1378 1418 1443 qui
1430 1389 1487 1443 prae
1496 1388 1557 1429 313-

336 1473 442 1515 33133
460 1475 560 1515 manna
580 1464 701 1518 dederat.
716 1467 749 1518 Sc
763 1465 855 1519 cibum
870 1481 931 1521 esse
965 1466 1048 1518 nibus
1064 1466 1261 1532 multiplicatus
1273 1465 1375 1529 133131,
1388 1462 1558 1517 333113133-

330 1548 785 1615 1331333131333331313111111,
800 1566 932 1619 suamque
966 1550 1032 1603 dum
1047 1550 1252 1615 desiderarunt,
1273 1555 1355 1617 prout
1375 1547 1475 1615 Moysis
1487 1552 1558 1600 tem·

327 1632 553 1686 ·.carnemillisse
566 1633 693 1686 daturum
702 1636 931 1690 manducandam.
966 1648 1033 1702 porc
1049 1638 1119 1691 coelo
1136 1636 1278 1690 deciderat
1297 1647 1407 1687 manna.
1432 1631 1557 1685 christus

337 1735 358 1766 3
370 1719 451 1771 Panis
463 1732 543 1785 quem
560 1732 611 1785 ego
626 1720 714 1783 dabo,
728 1734 790 1775 caro
810 1735 871 1774 mea
891 1730 933 1776 est
965 1735 1064 1788 panem
1083 1736 1099 1775 e
1118 1725 1188 1776 33313
1207 1736 1222 1775 3
1241 1725 1318 1774 Patre
1336 1733 1387 1774 333
1402 1719 1461 1772 1311
1485 1716 1559 1769 31111-

339 1815 393 1869 pro
417 1804 512 1855 mundi
532 1803 596 1857 vita.
617 1804 655 1850 »¹
677 1805 725 1857 Vix
746 1807 933 1861 enuntiaverat
965 1808 1066 1871 mevit,
1082 1820 1168 1874 seque
1180 1820 1279 1873 panem
1291 1807 1367 1858 illum
1383 1814 1558 1867 csse‚suam·

327 1900 374 1940 -33
396 1901 507 1940 carnem
528 1902 606 1941 suam
632 1890 660 1942 in
679 1891 769 1943 cibum
787 1891 930 1945 daturum:
966 1906 1020 1959 que
1038 1906 1168 1957 3313331,
1193 1893 1281 1959 ipsam
1306 1905 1368 1958 quae
1383 1903 1435 1957 pro
1458 1888 1555 1941 mundi

287 2039 290 2044 .
338 1971 423 2037 panis
452 1972 552 2039 quippe
573 1975 685 2028 nomine
707 1976 779 2043 apud
803 1978 932 2032 Hebraeos
965 1978 1054 2030 salute
1068 1978 1139 2031 inter
1156 1978 1290 2044 supplicia
1300 1976 1466 2038 daretur‚se
1475 1972 1557 2026 etiam

337 2057 435 2110 omnis
466 2058 545 2111 cibus
574 2060 795 2128 intelligebatur3
821 2063 930 2129 quando
964 2064 994 2114 13
1006 2064 1098 2117 311313
1116 2064 1254 2117 daturum.
1272 2062 1329 2115 illis
1349 2062 1384 2114 de
1407 2064 1482 2113 13313
1494 2070 1558 2124 pro·

328 2155 425 2210 ‘grave
444 2147 534 2197 ortum
548 2150 590 2197 est
601 2145 844 2200 contradicentium
857 2162 930 2202 mur·
963 2147 1096 2201 missione
1109 2148 1182 2201 inter
1194 2162 1224 2201 33
1236 2145 1556 2210 contendentibus‚quo·

330 2240 418 2291 mur,
432 2234 459 2281 31
471 2228 610 2283 auditores
629 2230 657 2283 13
675 2231 745 2285 1333
763 2233 842 2287 scissi
866 2241 930 2289 sunt
962 2234 1047 2287 modo
1070 2233 1131 2287 fleri
1152 2239 1262 2300 posset,
1281 2232 1381 2287 idonea
1396 2230 1489 2284 oblata
1513 2230 1555 2281 331

336 2316 447 2378 partos,
474 2314 613 2367 nonnullis
631 2317 794 2383 negantibus
812 2319 841 2371 id
870 2321 928 2373 beri
961 2318 1070 2371 occasio
1089 2331 1168 2372 suam
1187 2318 1341 2385 explicandi
1365 2320 1501 2376 mentem,
1526 2316 1555 2366 et

336 2409 437 2463 posse,
450 2398 511 2451 aliis
521 2398 734 2454 affirmantibus:
748 2423 760 2449 «
776 2402 929 2471 litigabant
961 2401 1123 2456 offensionis
1141 2416 1253 2457 causam
1265 2402 1395 2466 tollendi,
1407 2402 1431 2454 si
1445 2401 1479 2453 de
1488 2411 1553 2454 vera

323 2495 404 2549 vergo
421 2483 507 2536 131331
517 2485 689 2550 adinvicem,
704 2486 828 2542 dicentes
842 2504 848 2539 :
860 2491 929 2553 Quo·
961 2501 1019 2541 suae
1035 2489 1126 2541 carnis
1142 2489 1354 2541 manducatione
1365 2486 1439 2539 baud
1455 2486 1553 2538 luisset

336 2568 423 2623 modo
440 2574 531 2635 potest
552 2570 595 2624 iric
612 2571 693 2625 nobis
714 2584 825 2625 carnem
848 2587 927 2625 snam
960 2569 1552 2626 1333133.11113313313111333111331313·

321 2653 405 2708 --darc
422 2656 456 2709 ad
474 2656 695 2711 manducandum
708 2659 746 2710 t»
769 2660 838 2711 bum
857 2658 928 2713 iuter
961 2657 1116 2722 mentibus,
1132 2656 1256 2711 31131313
1273 2654 1386 2723 adjectis
1396 2652 1551 2714 dirissimis,

297 2754 300 2759 ·
334 2753 371 2797 33
391 2743 588 2796 contenderent
610 2743 644 2796 de
666 2742 706 2796 131
729 2742 926 2810 3333111111313,
961 2744 1049 2812 133313
1066 2756 1176 2798 3313313
1196 2740 1419 2796 manducandam
1436 2745 1463 2792 et
1487 2750 1553 2791 san·

320 2825 459 2879 --cbristus
471 2828 577 2883 iteravit
586 2829 811 2896 propositionem,
819 2830 927 2883 minans
961 2831 1072 2897 guinem
1085 2828 1235 2883 bibendum
1245 2828 1313 2881 dixit
1327 2843 1333 2878 :
1347 2830 1482 2892 etmagna
1494 2837 1553 2878 ver·

328 2911 478 2965 interitum
496 2913 529 2966 iis
550 2914 596 2980 qui
607 2915 700 2968 oblato
712 2915 773 2968 cibo
782 2915 856 2969 vesci
866 2917 926 2968 nol·
960 2916 1060 2970 borum
1076 2915 1154 2983 copia
1170 2916 1270 2969 iterum
1293 2915 1448 2979 iterumque
1473 2923 1551 2964 man-

328 2997 393 3051 1331
406 3013 440 3048 :u
460 2998 530 3051 111111
547 3012 612 3066 ergo
625 2999 666 3052 313
684 3001 764 3052 13333
789 3014 796 3050 :
819 3003 924 3064 Amen,
959 3001 1134 3055 durationem
1155 3001 1230 3053 illam
1251 2999 1407 3054 inculcavit.
1419 2997 1495 3054 sicut
1512 3009 1551 3049 re·

335 3095 435 3148 amen,
449 3084 598 3144 dicovobis
611 3099 617 3134 :
630 3084 683 3137 nisi
693 3085 925 3140 manducaveritis
959 3087 1119 3140 cusantibus
1130 3087 1275 3142 intentavit
1285 3098 1391 3153 poenes,
1402 3082 1551 3149 suscipien-

318 3181 445 3223 scarnem
458 3168 517 3222 Filii
530 3169 669 3231 bominis,
689 3174 716 3222 31
728 3169 852 3224 biberitis
865 3173 925 3239 ejus
958 3172 1033 3224 tibus
1042 3172 1106 3226 vitae
1120 3176 1230 3224 aetemae
1246 3171 1375 3237 praemia,
1387 3175 1415 3222 ct
1425 3169 1549 3221 intimam

331 3255 514 3320 sangninem,
527 3266 581 3306 non
595 3253 730 3306 babebitis
741 3255 825 3309 vitam
837 3257 866 3308 in
877 3269 925 3310 vo·
958 3257 1010 3309 131
1022 3257 1051 3307 13
1061 3256 1117 3309 vita
1128 3269 1191 3308 cum
1203 3257 1251 3309 illo
1262 3254 1483 3321 coniunctionem
1493 3252 1552 3317 pol-

318 3338 387 3392 :bis
401 3357 417 3386 »
426 3338 531 3392 Eodem
555 3335 653 3401 spiritu
671 3336 762 3388 dicere
787 3339 923 3404 perrexit:
958 3339 1050 3391 licitus
1064 3343 1120 3399 est,
1134 3352 1165 3390 33
1173 3351 1269 3391 verum
1277 3339 1368 3391 cibum
1379 3337 1479 3388 animae
1488 3347 1550 3387 esse

335 3424 412 3488 «Qui
426 3423 574 3475 manducat
586 3432 674 3472 meam
686 3432 806 3485 carnem,
820 3425 847 3474 31
856 3421 927 3475 bibit
959 3421 1106 3474 affirmans.
1121 3419 1550 3485 01311333313133311,331131313

318 3522 427 3564 ,133331
442 3506 620 3572 sanguinem,
637 3506 719 3559 babet
740 3509 823 3561 vitam
845 3512 925 3562 33131-
958 3507 1157 3575 explicatione:
1171 3521 1234 3562 nam
1250 3521 1312 3574 quae
1330 3512 1425 3574 postea
1438 3505 1473 3558 ab
1488 3504 1549 3570 ipso

330 3607 399 3650 nam
411 3608 418 3644 z
430 3597 457 3646 et
469 3605 520 3660 ego
537 3591 706 3646 resuscitabo
718 3606 781 3646 enm
794 3593 822 3646 in
835 3593 925 3649 novis·
957 3593 1029 3647 dicta
1040 3593 1246 3657 1313133131,31
1256 3593 1290 3648 iis
1300 3592 1398 3661 quaein
1411 3603 1549 3659 synagoga

330 3680 405 3736 simo
423 3679 477 3732 die.
509 3681 578 3732 Caro
599 3677 670 3731 enim
701 3692 762 3732 mea
795 3693 859 3733 vere
881 3685 923 3734 est
956 3680 1047 3746 palam
1066 3680 1195 3747 protulit,
1216 3681 1289 3733 1331
1309 3680 1369 3733 3133
1391 3691 1494 3742 33333,
1512 3677 1548 3730 31

315 3797 323 3814 ‹-
330 3766 427 3831 cibus,
441 3771 468 3819 31
478 3764 589 3831 sanguis
603 3777 681 3818 meus
694 3778 758 3820 vere
776 3771 818 3819 est
830 3771 921 3833 potus.
956 3766 1127 3833 Evangelista
1147 3766 1378 3830 discernuntur‚²
1396 3768 1425 3818 ut
1448 3763 1549 3817 intelli·

328 3854 385 3918 Qui
401 3853 794 3916 manducatmeamcarnem,
806 3857 834 3906 et
852 3853 922 3907 bibit
956 3864 1053 3918 gamus
1078 3851 1213 3920 integram
1236 3865 1299 3906 3333
1322 3851 1501 3912 3333133331;
1520 3853 1548 3900 31

330 3952 425 3992 mcum
450 3939 628 4004 sanguinem,
641 3937 670 3989 in
693 3942 867 4002 memmei,
895 3945 923 3991 et
954 3936 1186 4003 promissionem,
1208 3937 1272 3990 licet
1293 3935 1388 3988 durius
1406 3938 1548 3999 exceptant

318 4036 384 4091 ocgo
397 4023 425 4076 in
439 4024 496 4076 illo.
506 4021 580 4077 Sicut
591 4021 664 4073 misit
677 4034 720 4073 me
731 4020 825 4074 vivens
836 4024 922 4084 Pater,
957 4026 985 4074 31
1001 4021 1028 4074 13
1046 4022 1227 4087 quaestionem
1245 4027 1369 4075 vocatam
1390 4033 1406 4072 3
1424 4017 1546 4080 1313113,

318 4115 427 4174 elego
447 4109 510 4164 vivo
528 4111 639 4174 propter
666 4107 773 4158 Patrem
795 4119 802 4155 :
828 4109 855 4157 et
875 4105 922 4170 qui
957 4103 1548 4174 33113133313133331111311331,13131333·

328 4193 487 4247 manducat
507 4206 567 4256 me,
585 4197 613 4244 31
635 4190 694 4257 ipse
718 4190 790 4243 vivet
810 4194 923 4256 propter
956 4205 1017 4244 sum
1044 4191 1215 4246 auditoribus
1239 4190 1477 4245 accommodatum
1503 4201 1547 4242 rc·

322 4292 387 4333 rme.
404 4280 452 4334 llic
464 4285 507 4333 cst
517 4278 612 4344 panis,
627 4276 716 4344 quide
728 4275 798 4329 coelo
810 4274 923 4328 descen·
956 4277 1076 4331 1331331.
1123 4274 1134 4288 ’

359 4562 535 4616 (1113331111.
910 4561 913 4566 '
954 4561 1027 4613 Pergit
1035 4559 1161 4602 1133311311
1170 4558 1326 4612 protetttntico
1343 4567 1404 4598 13313
1419 4554 1544 4598 testimonia

353 4631 408 4686 1113
422 4629 920 4682 111113331113131133133131133,(133131
953 4630 1071 4682 explicare,
1086 4631 1137 4679 331,
1154 4630 1214 4682 quod
1232 4633 1306 4671 333113
1324 4627 1429 4676 interest,
1445 4625 1544 4666 13331331

322 4701 604 4753 133113113311333333,
620 4699 659 4740 but
671 4698 801 4749 3113111313,
816 4699 875 4751 end,
892 4710 920 4740 no
953 4698 1069 4742 (1133113133
1081 4699 1182 4742 admittit.

321 4769 417 4822 doubt,
427 4769 451 4810 in
461 4768 554 4823 private]
565 4767 852 4821 ,3311311333133331111,
862 4774 919 4810 rete.
