3792 5550
355 546 397 599 ⁵⁸
748 546 860 599 rmcr.
878 542 921 595 nr.
937 543 979 593 nn
997 536 1167 591 nhvrrsuo.

360 662 482 721 infantes
507 663 658 726 edocendi,
680 662 766 727 iisque
788 655 944 725 invigilandi
977 649 1203 707 snribusnomine
1218 648 1393 715 parvulorum
1410 643 1568 697 fleritesta·

362 765 465 808 munus
485 751 666 817 suscipiebant
691 769 697 798 a
730 746 778 799 sed
816 745 944 799 falluntur
976 736 1193 803 iurhugustinus
1213 750 1219 787 :
1238 752 1255 783 a
1275 730 1458 797 respondetur
1481 726 1568 779 fidem

362 839 536 905 Episcopales
547 834 688 897 nonnulli,
704 844 753 887 eos
774 832 808 884 ad
825 831 943 885 valorem
975 823 1075 877 habere
1102 825 1213 887 propter
1235 817 1300 870 lldei
1335 815 1566 874 sacramentum,

366 922 493 991 baptismi
504 920 602 987 requiri
615 925 749 986 putantes.
976 908 1039 975 quia
1068 912 1096 960 et
1120 906 1179 973 ipsa
1204 900 1347 969 responsio
1377 898 1411 953 ad
1444 896 1568 951 celebra-

394 1008 453 1061 259.
474 1006 633 1059 anteferes
662 1004 788 1059 Ecclesiae
813 999 942 1054 sistebant
975 994 1078 1047 tionem
1102 991 1219 1057 pertinet
1233 983 1409 1043 sacramenti.
1432 1002 1445 1029 a
1469 980 1480 1015 ⁶
1503 982 1567 1033 llaec

360 1106 392 1146 aa
408 1092 582 1159 baptizandi,
604 1093 685 1145 veluti
701 1090 838 1156 ingressus
859 1082 944 1135 iacnl·
976 1078 1065 1133 adhuc
1076 1076 1177 1143 vigent.

361 1183 444 1231 tatem
457 1184 587 1244 petentes.
599 1178 700 1230 habant
716 1186 794 1227 suunt
809 1165 941 1228 nomen,¹
1008 1164 1066 1217 262.
1081 1165 1117 1215 lie
1126 1157 1358 1215 exsufflationibus
1371 1154 1427 1221 agit
1443 1154 1470 1205 S.
1484 1150 1569 1219 cyril-

358 1268 537 1329 mutantes
563 1264 627 1317 inde
648 1259 733 1315 vocati
759 1254 831 1319 quod
855 1252 943 1317 Bapti-
977 1250 1019 1301 lus
1036 1241 1331 1311 hierosolymitanus3⁶
1345 1247 1371 1293 et
1386 1238 1570 1293 exiissentra

362 1362 454 1403 smum
479 1356 611 1417 peterent.
626 1350 655 1400 ln
676 1343 810 1409 baptismo
831 1337 944 1391 nomina
977 1332 1135 1399 Pelagianos
1155 1332 1346 1397 argumentum
1363 1323 1496 1379 derivavit
1516 1326 1572 1376 llu-

365 1455 379 1483 ι
395 1440 553 1489 sanctorum
580 1434 696 1488 virorum
727 1426 773 1493 qni
797 1424 944 1478 virtutibus
977 1419 1125 1489 gusdnns,
1143 1417 1212 1471 adeo
1231 1419 1358 1480 receptus
1370 1417 1429 1465 erat
1449 1410 1519 1461 ritus
1541 1408 1570 1461 in

362 1521 545 1585 dulserunt‚·
565 1513 780 1581 ’suscipiebam
795 1522 844 1575 pro
856 1509 946 1561 nomi·
979 1511 1035 1560 tota
1049 1502 1198 1565 Ecclesiae
1209 1500 1296 1567 prima
1307 1496 1570 1563 antiquitateonum

364 1606 446 1661 nibus
461 1606 595 1659 ethnicis:
614 1601 658 1669 qni
670 1612 729 1651 mos
742 1595 822 1648 uobis
832 1595 945 1647 imitari·
977 1592 1103 1658 Pelagius
1113 1586 1300 1643 blanicheismi
1319 1585 1456 1639 incusaret
1471 1581 1572 1633 doctri·

364 1694 417 1747 dus
436 1692 547 1746 omnino
562 1686 718 1755 proponitur
737 1680 764 1733 in
778 1679 878 1733 liituali
895 1683 946 1734 lio·
979 1677 1091 1731 arumde
1112 1674 1225 1741 originis
1248 1677 1379 1738 peceato,
1395 1674 1509 1735 questus
1526 1670 1571 1719 est

364 1791 456 1833 mann.
978 1762 1143 1830 Augustinus
1161 1758 1235 1827 quod
1249 1776 1266 1806 c<
1282 1753 1499 1821 antiquissimam
1518 1752 1581 1803 Ec.

399 1866 457 1917 26⁰.
484 1857 612 1915 scrutinia
630 1855 706 1920 plura
733 1852 833 1906 fiebant
859 1852 946 1919 bapti·
979 1849 1070 1906 clesiae
1083 1845 1255 1901 traditionem
1272 1842 1324 1895 isto
1342 1838 1444 1893 nelarie
1456 1836 1571 1891 crimine

366 1952 515 2005 aandornm
527 1944 602 1999 statis
618 1938 714 1991 diebus
725 1974 734 2002 ‚
746 1942 776 1990 ut
792 1951 887 1991 eornm
905 1952 948 1992 cx·
980 1940 1124 2001 aspergat,
1138 1945 1192 1997 qua
1210 1928 1414 1989 exorcizantur,
1434 1930 1462 1979 et
1481 1921 1571 1976 exsui·

368 2040 518 2106 ploraretur
536 2031 667 2084 voluntas.
691 2027 760 2077 hnte
780 2024 948 2089 baptismum
980 2022 1079 2075 llantur
1095 2018 1215 2085 parvuli,
1229 2022 1257 2069 ul
1270 2016 1297 2067 in
1314 2025 1429 2080 regnum
1443 2008 1541 2063 Christi
1555 2020 1571 2061 a

366 2121 520 2179 Pascbalem
539 2118 638 2177 septem
657 2110 827 2162 habebantur
847 2109 947 2163 scruti·
981 2111 1115 2173 potestate
1129 2103 1300 2157 tenebrarum
1315 2136 1324 2163 ‚
1338 2099 1390 2151 hoc
1402 2100 1456 2159 est,
1468 2092 1571 2146 diaboli

368 2207 430 2265 nia.
450 2203 500 2255 tria
527 2197 599 2250 feriis
620 2194 758 2259 secunda,
783 2200 898 2261 quarta,
920 2200 947 2248 et
981 2198 1009 2246 et
1029 2191 1189 2257 angelorum
1213 2187 1291 2253 ejus,
1315 2182 1384 2237 eruli
1408 2179 1572 2233 transieran-

366 2290 483 2345 Sabbato
511 2283 604 2350 primae
627 2279 806 2333 hebdomadis
831 2280 949 2344 Quadra·
981 2284 1035 2332 tur.
1054 2276 1096 2323 »⁷

366 2374 476 2443 gesimae
488 2409 496 2435 ‚
506 2369 556 2421 tria
576 2365 628 2418 alia
646 2365 744 2419 iisdem
760 2365 834 2418 lehis
845 2372 949 2431 quartae
1014 2364 1073 2415 263.
1088 2361 1169 2429 Signo
1182 2358 1270 2414 crucis
1284 2355 1384 2424 pluries
1394 2351 1575 2420 signabantur

365 2456 561 2518 bebdomada,
596 2457 623 2504 et
660 2451 785 2503 ultimum
831 2452 948 2505 sabbato
983 2448 1198 2511 catechumeni„
1214 2446 1303 2511 iisque
1327 2454 1425 2495 manns
1451 2440 1574 2505 impone·

368 2552 469 2602 sancto.
490 2542 551 2592 Tria
571 2542 675 2589 tantum
692 2536 882 2602 praecedebant
904 2539 951 2589 Ba·
982 2536 1079 2599 batur,
1093 2539 1174 2601 prout
1186 2536 1299 2585 testatur
1315 2528 1574 2595 augustidunum

369 2632 466 2700 ptismo
484 2624 530 2690 qui
554 2622 581 2674 in
594 2622 687 2687 vigilia
711 2624 885 2676 pentecostes
902 2622 951 2674 ad·
983 2622 1051 2674 ritus
1075 2620 1149 2673 hand
1167 2618 1226 2671 sine
1248 2616 1340 2669 fructu
1358 2609 1452 2677 peragi
1475 2607 1576 2661 merite

368 2709 574 2771 ministrabatur.
588 2705 672 2761 ⁸llaec
692 2707 749 2774 Jam
768 2720 824 2761 non
840 2720 951 2760 servan·
984 2708 1061 2761 dixit.
1082 2727 1094 2751 «ι
1114 2708 1174 2759 lion
1198 2698 1371 2757 uniusmodi
1394 2702 1436 2750 est
1458 2693 1578 2749 sanctiti-

368 2809 433 2862 tur,
447 2807 529 2861 quum
552 2799 701 2858 propagata
722 2793 776 2846 lide
804 2793 951 2846 christiana
984 2793 1055 2848 catio
1070 2805 1151 2844 :nam
1163 2795 1191 2844 et
1201 2787 1412 2841 catechumenos
1423 2779 1578 2840 seeundum

366 2887 422 2939 iere
435 2893 528 2934 omnes
546 2878 573 2930 in
586 2878 697 2933 infantia
709 2879 889 2944 baptizentur.
901 2879 953 2931 lti-
985 2879 1131 2947 quemdam
1158 2875 1270 2928 medum
1297 2881 1377 2922 suurn
1398 2877 1447 2931 per
1466 2864 1578 2929 signum

368 2970 510 3043 nistrorum
533 2963 613 3028 igitur
630 2964 756 3029 prudenti
769 2964 880 3018 arbitrio
893 2976 953 3031 per·
985 2965 1102 3027 Christi,
1123 2959 1315 3015 cierationem
1343 2963 1442 3005 manus
1463 2949 1579 3014 imposi-

368 3053 501 3114 mittitur,
520 3055 548 3102 ut
560 3050 671 3116 privatis
682 3051 854 3104 documentis
863 3057 890 3104 et
898 3052 952 3118 pie
984 3051 1067 3104 tionis
1079 3052 1146 3115 puto
1156 3039 1319 3098 sanetilicari
1333 3053 1340 3092 a
1355 3043 1383 3090 et
1405 3034 1480 3102 quod
1505 3033 1580 3088 acci·

365 3139 428 3194 tatis
440 3135 744 3188 exercitiisaandidates
757 3140 861 3200 parent.
985 3136 1077 3203 pium,
1090 3129 1213 3198 quamvis
1227 3139 1284 3180 non
1299 3125 1335 3178 sit
1356 3135 1457 3188 eorpus
1467 3119 1580 3184 Christi,

400 3223 458 3278 261.
476 3222 681 3274 vetustissimus
701 3225 743 3274 est
760 3221 828 3273 ritus
850 3226 953 3274 satanae
986 3227 1111 3274 sanctum
1123 3222 1165 3270 est
1176 3223 1287 3273 tamen,
1305 3207 1481 3270 etsanctius‚
1496 3217 1579 3272 quam

369 3319 396 3366 et
412 3308 516 3374 angelis
528 3309 588 3374 eius
600 3306 954 3372 antebaptismnmrenun-
986 3304 1040 3360 cibi
1061 3303 1160 3371 quibus
1180 3299 1304 3360 alimur,
1331 3292 1462 3361 quoniam
1488 3303 1579 3344 sacra·

368 3394 491 3456 tiandi,et
501 3395 582 3446 sidem
595 3394 750 3460 promendi,
760 3407 823 3459 quac
837 3395 955 3460 plerum·
987 3397 1111 3446 mentum
1128 3393 1202 3442 est.»
1217 3385 1228 3418 ⁸
1243 3383 1335 3437 lanus.
1347 3382 1397 3432 han
1410 3390 1477 3432 voce
1495 3376 1580 3428 utitur

368 3492 421 3546 quc
444 3479 544 3530 henam
571 3481 773 3532 scrutiniorum.
797 3479 952 3531 occasione.
988 3479 1023 3528 de
1036 3477 1109 3538 sale,
1121 3473 1196 3538 qnod
1213 3469 1297 3524 veluti
1308 3465 1450 3533 sapientiae
1468 3461 1578 3530 symbo-

364 3568 425 3618 Jam
433 3563 589 3615 Tertulliani
599 3569 679 3616 aetate
686 3571 809 3616 meserat
817 3567 952 3628 receptus,
988 3563 1044 3614 lum
1059 3555 1263 3612 catechumenis
1284 3554 1419 3613 dabatur,
1441 3551 1581 3615 loquens.

370 3662 402 3702 ex
423 3647 569 3700 traditione
588 3648 754 3712 Apostohca,
770 3649 810 3700 nti
829 3653 953 3711 testatur,
988 3650 1069 3712 prout
1091 3641 1377 3696 desecatecbumeno
1406 3636 1474 3688 alias
1497 3638 1581 3687 testa-

366 3733 550 3788 derivalus:‹
572 3733 787 3799 aquamaditnri.
823 3771 832 3786 .
867 3771 874 3786 .
909 3734 956 3786 ali·
988 3727 1218 3794 tartesignabar
1226 3726 1283 3791 jam
1297 3723 1376 3790 signo
1390 3720 1479 3774 erneis
1500 3721 1580 3785 ejus,

367 3826 471 3887 quantu
485 3821 559 3886 prius
573 3819 601 3872 in
617 3820 738 3874 Ecclesia
759 3819 811 3872 aab
822 3820 955 3872 Antistitis
988 3823 1015 3872 et
1032 3813 1181 3869 condiebar
1192 3813 1250 3879 ejus
1262 3812 1329 3866 sale.
1349 3829 1362 3856 n
1376 3808 1387 3842 ⁰

369 3919 452 3958 mann
463 3910 648 3959 contestamur
664 3919 715 3959 nos
729 3906 884 3959 renuntiare
901 3906 960 3959 dia«
1022 3903 1080 3954 264.
1093 3900 1206 3952 Pulchre
1230 3895 1345 3962 explieat
1363 3897 1458 3947 auctor
1468 3889 1531 3964 libri
1545 3887 1583 3942 de

366 3993 449 4056 bole,
465 3999 494 4045 et
510 4005 633 4058 pompae,
647 3997 674 4046 ct
694 3983 799 4058 angelis
817 3992 886 4057 ejus.
909 3991 957 4040 >1⁶
990 3985 1199 4047 sacramentis,'
1221 3982 1268 4050 qui
1292 3980 1340 4033 diu
1367 3977 1521 4042 adscriptus
1539 3977 1584 4026 est

370 4081 407 4132 lte
423 4078 486 4131 lidei
507 4077 678 4144 professione
701 4082 809 4130 constat
825 4091 859 4130 ex
874 4077 961 4130 decu«
991 4073 1147 4135 Ambrosio,
1160 4071 1242 4122 ritum
1256 4064 1384 4133 signandi
1397 4062 1482 4132 saliva
1501 4071 1584 4112 aures

369 4163 468 4223 mentis
484 4158 681 4231 antiquissimis
693 4203 702 4228 ,
714 4165 829 4230 eamque
847 4176 960 4229 aspon·
993 4165 1021 4214 et
1044 4171 1142 4220 nares,
1163 4155 1210 4222 qui
1237 4153 1301 4206 licet
1332 4149 1406 4202 haud
1433 4149 1585 4212 usurpatus

397 4409 425 4463 lt]
438 4408 612 4458 ConeCartbag.
624 4405 653 4446 ir.
670 4417 705 4447 an.
717 4409 761 4445 bitti.
770 4407 824 4456 hug.
839 4404 862 4444 in
879 4402 916 4443 lib.
931 4401 959 4442 de
991 4400 1017 4442 de
1024 4397 1159 4453 spectaculis.

369 4491 424 4521 cura
431 4491 471 4532 pro
479 4477 577 4521 annuis.
1019 4471 1044 4522 (sl
1054 4471 1093 4521 Ep.
1102 4467 1153 4508 olim
1160 4465 1217 4506 uili.
1232 4475 1289 4504 nunc
1298 4463 1368 4504 xcviii.
1377 4461 1404 4503 ad
1414 4460 1485 4502 linaii-

396 4551 426 4603 (bl
434 4551 456 4592 S.
465 4551 558 4592 ioannes
567 4546 714 4598 chrysostom.
723 4542 829 4583 hnmani.
838 4542 860 4581 in
868 4541 921 4581 Gen.
1020 4541 1047 4590 (a)
1064 4537 1151 4579 catech.
1161 4535 1183 4574 ii.
1193 4545 1214 4574 n.
1224 4541 1243 4574 a.

398 4620 426 4672 (a)
439 4619 491 4660 Vide
507 4614 623 4660 rmmbclh
645 4619 698 4654 tem.
715 4612 732 4652 i.
748 4611 774 4652 de
793 4613 854 4664 bapt.
872 4609 926 4651 din.
940 4621 961 4651 v.
1020 4609 1047 4662 (η
1061 4608 1085 4647 L.
1094 4606 1154 4647 ilde
1166 4604 1277 4656 nuptiirot
1289 4614 1349 4643 enne.
1359 4600 1425 4642 cmix.

372 4701 394 4744 p.
403 4694 447 4732 stt.
770 4696 771 4699 ¹
1019 4677 1046 4728 ts)
1060 4675 1114 4716 lnii.
1124 4675 1218 4727 depono.
1229 4669 1587 4713 merltlcetmmiu.auriana.

398 4759 424 4813 (t)
433 4759 600 4801 hibdeeorona
615 4752 718 4795 miiitiae.
734 4750 823 4793 invide
838 4749 904 4792 etiam
922 4747 962 4789 llb.
1019 4747 1045 4801 (sl
1058 4745 1156 4789 Canius.
1167 4745 1182 4786 l.
1193 4743 1208 4785 i.
1219 4741 1276 4784 axi·
