3792 5550
690 564 758 618 CAP.
779 565 824 615 itt.
842 565 884 616 BE
903 565 1129 620 consultioris.
1206 568 1209 572 ’
1452 573 1503 626 ets

298 685 416 752 jutorio,
434 689 464 738 ut
488 684 523 738 ad
550 684 769 752 iustificationem
794 679 882 734 homi·
913 681 987 744 tiori,
1003 696 1112 749 semper
1120 683 1203 737 tribui
1214 689 1312 751 putant
1325 701 1332 749 ;
1347 701 1431 752 quum
1441 689 1506 741 seri·

299 784 357 824 uem
392 771 532 837 disponat,
555 772 631 838 iuxta
661 766 882 820 tridentinorum
914 772 991 831 ptum
1010 768 1094 820 site«
1114 769 1207 822 omnis
1228 771 1274 836 qui
1287 771 1435 838 diligit,ex
1451 773 1506 828 lieo

297 857 401 909 Petrum
425 857 566 910 decretum
591 871 598 906 ι
622 875 634 900 «
654 854 680 906 Si
702 852 764 919 quis
785 849 883 902 dixerit
916 858 996 904 natus
1019 859 1090 906 est.»
1107 855 1119 888 θ
1138 857 1253 910 Pulchre
1275 859 1505 924 chrysostomus:

298 942 354 995 stne
371 943 555 1008 praeveniente
585 939 700 1006 Spiritus
727 935 814 989 saneti
843 933 884 985 tn·
919 955 931 982 α
950 937 1125 993 octonarius
1138 947 1195 1006 est,
1213 942 1304 995 omnia
1324 943 1430 995 sumata
1443 950 1507 995 sunt

299 1027 444 1093 spiratione
468 1032 550 1092 atque
575 1026 633 1088 ejus
648 1021 784 1090 adjutorio
797 1018 884 1073 homi-
917 1023 998 1088 mata.
1010 1043 1022 1068 s
1037 1023 1048 1056 ⁷

298 1126 358 1166 nem
377 1114 509 1177 credere,
536 1124 664 1177 sperare,
696 1109 810 1174 diligere
837 1109 883 1157 out
950 1109 992 1158 81.
1006 1127 1019 1154 ι
1033 1109 1108 1160 iiiam
1126 1120 1191 1161 vero
1208 1109 1399 1163 contritionem
1410 1111 1508 1178 imper·

299 1198 440 1263 poenitere·
454 1211 551 1264 posse,
578 1198 650 1249 sieut
669 1196 795 1260 oportet,
818 1197 846 1243 ut
859 1189 884 1242 ei
901 1191 1029 1255 tectam,
1047 1207 1108 1258 qum
1121 1195 1223 1248 attritio
1240 1195 1341 1248 dicitur
1354 1237 1361 1261 ,
1376 1199 1507 1263 quoniam

296 1282 495 1348 iustificationis
522 1282 608 1347 gratia
636 1279 791 1333 conteratur
802 1291 809 1338 ;
820 1289 884 1329 ana·
917 1279 962 1331 rei
979 1291 1012 1331 ex
1030 1279 1208 1345 turpitudinis
1230 1281 1334 1346 peccati
1351 1284 1508 1337 considera·

299 1368 387 1421 thema
415 1369 460 1422 sit.
485 1388 498 1414 ι»
523 1367 532 1400 ¹
557 1364 777 1433 supernaturalis
803 1362 885 1429 igitur
918 1363 1009 1425 tione,
1034 1365 1078 1418 rei
1101 1378 1135 1417 ex
1151 1366 1303 1432 gehennae,
1324 1372 1351 1420 et
1365 1381 1508 1433 poenarum

299 1458 405 1518 oportet
435 1458 466 1506 ut
493 1453 544 1516 sit,
570 1451 661 1518 quoad
694 1448 883 1516 principium:
918 1453 992 1522 metu
1005 1449 1187 1502 communiter
1200 1451 1400 1517 concipitur‚si
1412 1454 1510 1506 voiun-

299 1538 422 1602 quamvis
444 1537 590 1603 aliquando
608 1535 748 1602 contingat
767 1534 886 1586 occasio-
918 1536 1002 1584 tatem
1031 1535 1162 1599 peccandi
1196 1537 1338 1602 exeiudat,
1371 1552 1434 1591 eum
1460 1552 1509 1606 spe

300 1636 361 1677 aettt
369 1625 435 1678 oriri
449 1638 481 1677 ex
490 1638 520 1677 re
528 1623 654 1686 naturali,
665 1621 762 1675 morbo
772 1619 886 1683 scilieet,
920 1618 1008 1671 veniae
1027 1633 1033 1669 :
1055 1620 1321 1688 declarat(Spuodos
1339 1625 1511 1690 Tridentino)

298 1711 428 1777 infamia,
442 1713 539 1765 mortis
552 1710 718 1764 discrimine.
728 1709 812 1761 Debet
825 1719 886 1759 esse
920 1714 976 1754 non
987 1704 1078 1755 seium
1090 1718 1145 1757 non
1166 1706 1255 1760 iacere
1274 1708 1411 1762 nominem
1424 1711 1509 1777 hypo

296 1811 443 1860 sommus,
461 1801 596 1862 quatenus
614 1799 755 1860 peecatum
765 1794 827 1858 quis
842 1804 887 1842 su·
921 1787 1033 1851 critam,
1052 1795 1079 1841 et
1094 1791 1181 1856 magis
1201 1800 1394 1858 peecatorem,
1413 1809 1509 1848 rerum

296 1895 346 1948 per
363 1880 458 1934 omnia
476 1880 644 1941 detestetur,
677 1883 704 1930 et
731 1877 782 1930 liei
799 1879 888 1942 legem
921 1873 1003 1925 otiam
1014 1873 1116 1926 donum
1130 1876 1175 1929 itei
1188 1890 1268 1941 esse,
1280 1884 1308 1931 et
1320 1879 1434 1944 Spiritus
1451 1894 1511 1933 sau

295 1963 429 2018 omnihus
442 1968 608 2029 anteponat:
622 1975 679 2029 quo
693 1967 772 2028 pacto
794 1963 845 2014 erit
862 1965 889 2013 et
921 1957 958 2009 cti
978 1957 1144 2024 impulsum,
1166 1973 1223 2015 nou
1246 1963 1335 2015 edituo
1345 1963 1457 2028 quidem
1470 1967 1511 2034 in-

297 2051 482 2113 urntoersotis,
502 2048 592 2102 omnia
605 2053 714 2114 peecata
727 2047 818 2114 gravia
831 2059 890 2112 spe·
921 2043 1085 2109 habitantis,
1099 2045 1148 2098 sed
1166 2050 1272 2098 tantum
1284 2049 1420 2101 moventis
1434 2086 1442 2113 ,
1456 2063 1513 2116 quo

296 2138 374 2186 ctans
389 2147 395 2183 :
413 2130 631 2184 «convertimini
659 2129 692 2182 ed
713 2142 758 2181 me
781 2128 808 2180 in
831 2134 890 2181 toto
921 2129 1257 2210 poeuitensadintusriam
1269 2133 1321 2186 sibi
1334 2135 1512 2200 adjustitiam

296 2219 383 2270 corde
401 2222 541 2278 vestrm»
563 2215 650 2281 inquit
671 2216 741 2268 deus
758 2227 807 2280 per
824 2215 888 2268 Joe·
923 2219 1008 2280 parat.
1036 2217 1067 2268 Et
1089 2219 1214 2281 quamvis
1249 2218 1308 2272 sine
1336 2221 1512 2275 sacramento

217 2347 219 2349 .
272 2303 273 2308 ’
295 2302 384 2355 iem.¹
406 2322 419 2348 c
437 2302 465 2354 Si
477 2306 569 2354 autem
581 2300 681 2366 impius
692 2299 778 2366 egerit
799 2299 887 2366 poeni·
922 2299 1092 2354 Poenitentiae
1116 2315 1165 2367 per
1184 2316 1215 2356 se
1229 2303 1264 2355 ad
1289 2305 1512 2370 iustificationem

297 2387 617 2442 constanciensi-itus
651 2386 770 2452 peccatis
806 2388 889 2449 suis,
921 2387 1071 2455 perducere
1088 2393 1259 2452 peccatorem
1271 2395 1404 2454 nequeat,
1420 2395 1512 2445 temen

297 2487 360 2539 rprae
378 2477 509 2539 operatus
517 2476 574 2534 cst,
584 2477 611 2524 et
621 2471 782 2524 custodierit
794 2471 886 2523 omnia
923 2483 985 2522 eum
998 2471 1032 2522 ad
1045 2471 1094 2523 itei
1104 2472 1218 2536 gratiam
1227 2472 1254 2523 in
1269 2475 1443 2528 sacramento
1453 2477 1513 2529 Poe

296 2564 436 2628 praeeepta
457 2569 534 2618 mea,
559 2560 586 2608 et
607 2555 702 2608 iecerit
715 2554 849 2620 iudicium
862 2562 889 2607 et
922 2555 1044 2606 nitentiae
1062 2555 1261 2619 impetrandam
1273 2557 1514 2621 disponit.»⁸i³lu·

292 2643 433 2710 justitiam
453 2640 534 2692 :vita
555 2640 646 2703 viret,
663 2643 690 2691 et
709 2651 766 2692 non
788 2639 891 2692 morie·
923 2653 968 2691 res
988 2652 1019 2692 ea
1040 2639 1075 2692 de
1093 2653 1123 2692 re
1146 2640 1193 2691 lati
1211 2647 1275 2692 sunt
1298 2654 1435 2695 canones:
1453 2664 1465 2690 α
1484 2645 1513 2696 Si

295 2725 401 2781 tur.»⁸
890 2792 892 2795 ἢ
923 2724 985 2790 quis
1009 2723 1124 2789 dixerit,
1154 2725 1288 2792 gehenuae
1318 2734 1438 2793 metum,
1464 2742 1515 2796 per

329 2814 374 2866 oo.
387 2811 547 2865 Tridentiua
558 2812 682 2879 synodus
695 2829 711 2860 tt
720 2811 801 2865 docet
821 2822 890 2877 prae·
924 2823 1006 2877 qcem
1018 2810 1054 2862 ad
1063 2809 1280 2864 misericordiam
1289 2812 1336 2865 Dei
1344 2814 1379 2866 de
1387 2816 1509 2880 peccatis

296 2897 890 2963 terea,etsicontritionemhuncaliquando
923 2898 1047 2951 dolendo
1069 2900 1256 2967 contegimus,
1278 2903 1322 2954 vet
1340 2915 1355 2954 a
1374 2902 1514 2968 peccando

295 2987 433 3040 enaritate
460 2986 609 3051 perfectam
641 2998 704 3039 esso
732 2984 890 3051 contingat,
922 2986 1110 3049 abstinemus,
1129 2992 1271 3052 peceatum
1293 3002 1373 3053 esse,
1388 2993 1514 3055 autpee-

295 3072 497 3136 neminemque
523 3073 576 3123 Dee
605 3070 783 3123 reconciliare
800 3070 889 3135 prius·
923 3075 1029 3123 catores
1047 3072 1154 3137 pejores
1166 3072 1270 3133 iacere;
1283 3074 1516 3127 anathemasti*

294 3170 380 3222 quarn
412 3156 466 3208 troc
492 3157 698 3207 sacramentum
721 3158 782 3207 actu
807 3154 890 3207 susci·
927 3156 981 3206 «si
1001 3155 1063 3220 quis
1083 3156 1195 3221 dixerit,
1218 3171 1279 3209 eam
1301 3160 1513 3222 contritionem,

294 3242 401 3308 piatur,
426 3240 514 3305 ipsam
535 3240 713 3292 nihilominus
731 3240 892 3292 reconcilia-
924 3251 986 3303 quae
1000 3242 1110 3303 paratur
1119 3253 1168 3303 per
1185 3240 1404 3303 discussionem,
1432 3244 1515 3295 cotie·

294 3326 404 3381 tionem
417 3324 470 3391 ipsi
487 3325 642 3377 contritioni
655 3325 714 3377 siue
724 3324 891 3377 sacramenti
924 3323 1060 3383 ctionem,
1074 3327 1101 3374 et
1110 3313 1318 3377 detestationem
1329 3332 1513 3391 peccatorum,

293 3419 361 3467 voto
373 3450 381 3475 ,
392 3410 470 3477 quod
483 3409 510 3461 iu
520 3410 565 3461 iila
578 3409 735 3471 ineiuditur‚
753 3421 809 3461 non
830 3422 891 3461 esse
924 3418 979 3471 qua
990 3405 1053 3471 quis
1065 3406 1197 3473 recogitat
1209 3420 1299 3461 annes
1315 3422 1381 3462 suos
1398 3410 1426 3461 in
1440 3424 1512 3464 ama·

292 3496 522 3551 adscribendam.
534 3515 546 3541 »
557 3494 713 3561 ‘Negarunt
723 3496 800 3561 Baius
812 3534 818 3559 ‚
832 3498 892 3548 ian·
924 3490 1045 3544 ritudioe
1056 3491 1155 3543 animae
1168 3504 1225 3544 suae
1237 3530 1247 3555 ,
1263 3493 1443 3559 ponderando
1454 3510 1516 3563 pec·
1587 3558 1590 3562 ⁷

294 3583 398 3638 senius
417 3580 553 3645 iprensis,
570 3585 597 3633 et
611 3581 691 3633 etiarn
706 3580 795 3633 iistius
807 3580 892 3633 homi·
923 3582 1047 3630 catorum
1058 3588 1170 3636 suerum
1181 3577 1356 3645 gravitatem,
1367 3581 1516 3634 multitudi-
1597 3593 1600 3598 ·

292 3680 362 3723 uem
385 3664 563 3731 quantumvis
584 3665 732 3719 contritum
757 3671 831 3719 entra
847 3668 891 3719 Sa·
924 3677 1006 3728 nem,
1022 3663 1189 3728 ioeditatem,
1202 3665 1381 3719 amissionem
1404 3673 1513 3722 aeternae

293 3756 472 3807 crementum
492 3751 599 3805 veniam
627 3752 773 3817 consequi,
796 3753 848 3805 nisi
862 3752 889 3805 iu
923 3747 1114 3813 beatitudinis,
1137 3755 1164 3803 et
1190 3755 1301 3804 aeternae
1328 3752 1514 3807 damnationis

293 3838 484 3899 necessitate,
509 3837 552 3889 vet
573 3837 695 3903 martyrii
712 3836 890 3891 occasione.⁵
923 3836 1079 3901 incursum,
1097 3850 1160 3890 cum
1181 3839 1323 3905 proposito
1342 3841 1516 3894 meliorisvi·

293 3920 477 3977 Recentiores
510 3922 635 3974 nonnulii
660 3923 783 3975 charitati
810 3924 890 3977 vetre-
925 3921 1039 3984 tae,non
1051 3935 1113 3974 esse
1128 3929 1264 3975 verumet
1277 3925 1512 3989 utitemdotorem‚

293 4007 385 4063 menti
407 4010 435 4059 et
456 4005 613 4057 contritioni
642 4004 757 4057 intensae
783 4006 892 4059 veniam
925 4019 1140 4071 neepraeparare
1157 4006 1191 4057 ad
1215 4007 1344 4073 gratiam,
1363 4009 1412 4061 sed
1425 4009 1515 4061 iacere

292 4097 359 4145 ante
375 4093 538 4154 susceptum
552 4090 755 4146 Sacramentum
778 4090 891 4142 concedi
925 4091 1066 4144 hominem
1079 4091 1265 4157 hypocritam,
1278 4097 1305 4143 et
1322 4092 1409 4157 magis
1419 4105 1515 4157 pecea—

291 4176 406 4231 essonsi
426 4179 514 4227 sunt:
538 4186 620 4239 quem
646 4172 768 4239 plerique
787 4173 892 4239 aequius
926 4180 1037 4237 torem;
1065 4175 1176 4227 demum
1202 4176 1276 4227 iiiam
1304 4187 1366 4228 esse
1390 4176 1513 4229 dolorem

291 4259 427 4316 charitati
451 4272 541 4325 rerae,
568 4259 631 4313 iicet
647 4258 721 4311 itaud
743 4258 892 4313 vehemen-
925 4267 1051 4316 coactum
1070 4265 1098 4314 et
1115 4274 1171 4316 non
1196 4261 1310 4315 liberum
1334 4274 1366 4316 ac
1391 4264 1517 4318 voiunta-

317 4547 347 4601 (t)
359 4546 423 4587 Sees.
432 4540 463 4583 ti.
471 4553 518 4582 cun.
529 4540 559 4582 iir.
575 4542 602 4595 (Ξ)
614 4542 658 4583 tou
668 4540 692 4582 ii.
702 4544 732 4582 tt.
951 4544 979 4595 (d)
990 4544 1007 4585 i.
1015 4545 1077 4585 loen.
1086 4543 1115 4585 ir.
1125 4547 1144 4582 t.

318 4610 550 4671 (unianimiter.
951 4613 977 4664 (oi
988 4615 1051 4653 Hom.
1059 4613 1096 4654 rii.
1104 4609 1264 4653 in11.edTi1r.

320 4685 351 4737 ti)
360 4684 424 4726 Sesti.
434 4680 475 4722 xiv.
485 4692 532 4732 cap.
546 4680 575 4720 ir.
594 4720 606 4744 ο
954 4682 981 4734 (8)
992 4683 1049 4723 Sese.
1058 4682 1155 4734 rimcep.
1167 4681 1195 4727 iv,
1204 4681 1231 4721 de
1239 4679 1374 4721 renitentia.

324 4755 355 4809 (o)
364 4751 488 4804 i'ideprep.
499 4750 545 4804 iiuji
554 4748 603 4790 lui.
954 4750 981 4803 (e)
992 4750 1049 4792 Sese.
1057 4750 1087 4792 ri
1095 4760 1140 4789 cen-
1154 4749 1200 4792 viti.
1209 4750 1235 4790 de
1242 4749 1410 4791 iustificatione.
