3792 5550
389 579 439 632 ‘224
456 537 459 544 ⁴
647 579 761 630 latei.
780 577 847 630 Xili.
868 577 895 627 P.
916 576 947 628 lt.
968 577 1009 630 uh
1026 577 1131 628 masth
1149 574 1338 626 stehtttcto.

389 699 622 756 altareaccederet
632 738 639 762 ,
649 700 749 752 chorus
762 699 899 751 psalmum
909 711 977 751 con·
1013 696 1177 760 Christiani,
1189 716 1202 743 r
1215 697 1295 762 cujus
1311 701 1407 750 auctor
1424 695 1543 748 habetur
1554 697 1606 750 lto·
1666 732 1669 737 >

389 786 476 840 suevit
491 790 614 848 cantare,
632 786 710 850 qu'us
724 783 831 839 initium
853 783 976 848 plerum-
1012 783 1108 836 bertus
1120 785 1284 837 Francorum
1301 795 1349 834 rex
1365 783 1468 835 saeculo
1490 781 1604 834 undeci-

389 873 442 939 que
452 871 599 926 introitum
620 871 712 924 ldbsae
723 869 882 930 coustituit,
901 869 976 934 juxta
1012 880 1068 922 mo.
1092 867 1268 933 Symbolum,
1289 874 1371 933 prout
1393 867 1422 918 in
1446 867 1558 922 Nicaeno
1579 875 1605 922 et

389 970 512 1011 normam
536 957 600 1008 as.
623 955 753 1022 Gregorio
776 958 810 1008 ll.
835 959 975 1008 statutam.
1012 953 1314 1018 Constantinopolitano
1337 953 1468 1006 conciliis
1494 959 1536 1007 est
1557 966 1602 1006 au·

389 1047 453 1109 sip·
475 1045 557 1093 ιιιιι
573 1055 642 1096 -a
669 1043 824 1096 Graecorum
849 1039 976 1106 biturgiis
1011 1046 1100 1103 ctum,
1122 1043 1151 1091 ut
1173 1039 1227 1090 hrii
1252 1037 1457 1103 macedoniique
1478 1039 1599 1092 haereses
1704 1060 1705 1081 ι

388 1130 421 1182 ad
441 1129 560 1182 Latinam
583 1127 705 1186 transiit.
721 1127 860 1193 sexaginta
879 1127 976 1180 saltem
1011 1125 1202 1189 evellerentur,
1212 1125 1247 1177 ab
1256 1136 1328 1178 anno
1339 1137 1428 1190 usqua
1442 1127 1507 1187 tut,
1528 1126 1599 1190 apud

388 1215 466 1268 annis
488 1221 550 1269 aute
574 1213 733 1278 praelaudati
753 1211 891 1266 Pontificio
910 1217 976 1264 tem·
1012 1210 1237 1274 Orientalescaui
1255 1210 1398 1264 consueuit
1410 1210 1483 1262 inter
1501 1215 1600 1276 myste-

389 1312 463 1366 pora.
474 1301 626 1352 Graecarum
637 1297 864 1351 etllebraicarum
877 1309 976 1350 vocum
1012 1298 1114 1351 riorum
1125 1296 1352 1360 celebrationem
1372 1297 1420 1350 sed
1439 1297 1598 1350 inhumana
1611 1333 1615 1341 -

286 1398 289 1404 ·
389 1385 415 1436 in
431 1385 524 1440 Latina
534 1383 653 1451 liturgia
666 1397 732 1437 usus
752 1395 786 1436 ιο
796 1382 909 1436 inservit
924 1419 931 1444 ,
946 1388 976 1436 ut
1012 1383 1132 1437 Ecclesia
1140 1397 1208 1436 usus
1215 1383 1288 1436 haud
1298 1382 1434 1444 obtinuit,
1446 1382 1512 1447 quia
1525 1383 1596 1434 nulla

388 1471 451 1524 idei
463 1470 540 1537 origo
551 1475 578 1524 et
591 1469 682 1520 unitas
691 1467 852 1521 ostendatur
862 1481 869 1528 3
881 1467 915 1519 ab
925 1468 977 1518 lle·
1012 1483 1074 1522 eam
1091 1469 1264 1523 infestaverat
1287 1466 1417 1531 haeresis,
1439 1479 1524 1532 quam
1536 1465 1597 1518 fidei

388 1555 468 1608 hraeis
486 1555 559 1608 euim
572 1553 691 1608 Ecclesia
703 1553 779 1612 duxit
800 1552 927 1616 initium,
940 1551 976 1604 ad
1011 1553 1184 1608 confessione
1195 1553 1338 1620 profligare
1356 1565 1427 1618 opus
1440 1557 1525 1604 esset.
1539 1553 1598 1604 cce·

387 1642 495 1694 Graecos
505 1640 683 1704 latinosque,
695 1644 722 1692 ιι
734 1645 849 1690 caeteros
859 1638 976 1702 populos
1012 1639 1146 1692 sittamen
1158 1640 1261 1692 saeculo
1275 1637 1421 1692 undecimo
1435 1637 1596 1691 Benedictus

387 1727 566 1780 dimanatura.
580 1723 974 1789 llinchmen,ucre,hlleluia,
1012 1728 1077 1779 lllll.
1094 1721 1217 1780 consiliis
1237 1725 1344 1778 hohrici
1365 1723 1557 1790 imperatoris,
1568 1730 1599 1776 et

387 1813 506 1866 tradate
518 1812 625 1875 Deum,
638 1813 708 1864 Deus
724 1811 859 1875 Sabaoth,
870 1809 975 1864 scilicet
1011 1812 1078 1869 illud
1090 1811 1151 1865 cani
1168 1811 1260 1878 jussit.
1273 1811 1466 1876 Apostolorum
1484 1808 1595 1875 symbo-

386 1899 553 1954 ssttsst'sst'ittttm
568 1934 576 1961 ι
593 1899 740 1960 Ηῡιιιῐιι,
767 1897 857 1959 wito,
880 1894 907 1946 iu
924 1895 975 1947 llo-
1010 1901 1069 1952 lum
1087 1900 1181 1952 Romae
1194 1895 1360 1950 recitabatur
1380 1894 1451 1946 iuter
1465 1892 1594 1960 baptismi

386 1998 465 2038 mana
486 1984 565 2040 blissa
589 1989 764 2048 usurpantur.
784 1985 905 2050 Hymnus
927 1981 976 2046 qui
1012 1985 1097 2048 ritus,
1111 1981 1469 2040 nullaadditioueauctum;
1484 1991 1595 2045 quapro-

387 2077 480 2142 incipit
493 2090 499 2127 :
516 2096 528 2122 «
539 2076 628 2130 Gloria
638 2075 665 2127 in
679 2073 793 2128 excelsis
805 2075 874 2134 beo,
886 2091 898 2118 r>
912 2084 975 2125 can·
1011 2076 1071 2136 pter
1081 2067 1241 2122 Ambrosius
1252 2067 1289 2119 ait
1299 2082 1306 2117 :
1317 2085 1333 2114 «
1345 2065 1466 2120 Ecclesia
1475 2066 1594 2117 Romana

388 2164 440 2216 lico
453 2161 557 2216 scilicet
570 2160 754 2226 Angelorum,
770 2158 878 2208 Christo
891 2162 973 2217 nato,
1011 2155 1166 2222 Symbolum
1193 2153 1384 2218 apostolorum
1406 2151 1596 2203 intemeratum

386 2249 449 2302 olim
480 2247 630 2301 canebatur
663 2244 689 2297 in
711 2243 792 2296 llissa
821 2241 974 2296 Natiuitatis
1011 2253 1119 2307 semper
1137 2238 1272 2302 custodit,
1291 2244 1318 2291 et
1332 2235 1595 2301 servatmotterto-

386 2329 575 2384 tantummodo
587 2367 595 2392 ,
608 2330 717 2381 Graecos
731 2327 801 2393 apud
814 2333 841 2380 et
851 2327 972 2380 Latinos.
1009 2328 1085 2379 rium
1095 2332 1156 2392 post
1169 2325 1301 2378 sarculum
1313 2325 1423 2377 tertium
1435 2323 1593 2390 cautcoepit,

386 2416 514 2476 delicatae,
524 2427 572 2466 scu
584 2413 723 2468 orationes
736 2412 838 2478 quibus
850 2412 973 2464 fidelium
1009 2413 1074 2465 dum
1092 2412 1212 2478 populus
1223 2411 1376 2464 oblationes
1394 2410 1429 2464 ad
1451 2410 1538 2462 altare
1553 2409 1595 2483 dc

385 2506 461 2563 vota,
473 2499 555 2553 veluti
575 2499 603 2551 iu
629 2511 713 2550 unum
736 2497 864 2562 collecta,
885 2497 976 2564 expri·
1008 2499 1097 2552 terret
1111 2497 1211 2562 oratio,
1224 2498 1449 2562 susciperemur
1463 2496 1592 2557 Trinitas,

384 2588 662 2654 muntur,pleraeque
679 2585 816 2638 Galasium
841 2591 887 2639 aut
909 2586 973 2637 Gre·
1009 2583 1197 2649 antiquissima
1222 2589 1282 2646 est,
1302 2589 1396 2648 utpote
1418 2583 1497 2648 cujus
1520 2581 1594 2647 origo

385 2673 492 2739 goriam
514 2679 656 2728 auctorem
688 2671 789 2724 habere
815 2678 972 2724 censentur.
1008 2669 1156 2736 ignoratur.
1179 2668 1320 2733 heperitur
1347 2674 1439 2720 autem
1460 2665 1534 2732 apud
1552 2678 1593 2718 re·

385 2761 437 2812 heo
450 2758 482 2811 ll.
494 2757 602 2811 dictavit
613 2755 973 2822 eamquaeineipitzclleus
1007 2761 1112 2808 lustum
1130 2760 1269 2809 auctorem
1283 2754 1414 2809 librorum
1440 2754 1475 2807 de
1497 2755 1586 2810 Sacra:

384 2844 431 2907 qui
444 2844 472 2893 Β.
488 2844 584 2904 Ριιιο,
614 2847 665 2894 ιιι.
686 2861 698 2887 »
722 2842 899 2895 innocentius
925 2842 970 2893 lll.
1009 2841 1145 2898 mentis.²

383 2932 477 2979 auctor
497 2932 539 2979 ιιι
558 2926 669 2979 alterius
687 2941 694 2977 :
718 2946 731 2973 a
751 2927 887 2979 heunctis
900 2939 969 2990 nos,
1042 2928 1100 2979 179.
1111 2925 1235 2980 invitatio
1253 2924 1287 2977 ad
1306 2925 1438 2991 populum
1453 2930 1484 2976 ut
1495 2929 1589 2977 orent:

383 3022 556 3076 quesumus,
569 3010 700 3071 bomine,
714 3011 813 3063 mentis
830 3016 856 3063 et
874 3024 973 3077 corpo·
1010 3012 1117 3065 «Orata
1133 3012 1249 3077 tratres,
1270 3032 1282 3057 ι
1303 3013 1330 3063 s.
1348 3010 1432 3063 Leoni
1450 3009 1591 3067 tribuitur,

350 3147 352 3150 ,
384 3096 421 3149 ris
435 3095 551 3149 deiende
561 3096 703 3161 periculis,
718 3102 768 3151 etc.
784 3114 800 3145 >r
1008 3097 1132 3167 quamvis
1148 3097 1222 3150 haud
1243 3096 1375 3149 absimilis
1390 3096 1419 3147 in
1431 3094 1589 3161 hiturgiisS.

418 3184 466 3233 178
488 3180 629 3235 Lectiones
641 3196 675 3235 ex
686 3180 848 3248 scripturis,
861 3186 918 3234 tum
927 3194 973 3235 ve·
1009 3182 1091 3235 ltarci
1103 3187 1129 3234 et
1142 3184 1168 3233 s.
1180 3182 1275 3235 iacchi
1285 3180 1444 3247 reperiatur.
1452 3178 1592 3246 Praelatio·

387 3267 507 3330 teribus,
523 3273 579 3335 tum
594 3267 690 3331 noris,
705 3267 739 3320 ab
752 3267 829 3322 initio
843 3267 973 3321 Ecclesiae
1006 3282 1053 3322 nes
1076 3269 1214 3335 pleraeque
1236 3266 1436 3333 antiquissimae
1466 3274 1547 3330 sunt,
1567 3272 1592 3318 et

384 3352 690 3407 insacrisconventihus
700 3353 892 3417 recitabantur,
903 3366 972 3421 quas
1007 3352 1591 3419 quoadsuhstantiamadapostolieaviden-

383 3439 478 3493 ordiue
486 3440 604 3505 quodam
615 3438 765 3505 digessisse
774 3446 901 3493 censetur
910 3438 971 3491 llie-
1006 3443 1050 3491 tur
1062 3439 1214 3492 referendae
1224 3445 1364 3505 tempora;
1390 3438 1440 3491 sed
1452 3438 1592 3491 nonnulla-

382 3523 972 3591 ronymus.Gradaatenomeuhahetagradi·
1007 3527 1101 3576 rums.
1115 3525 1363 3577 Gelasiushabetur
1381 3528 1487 3576 auctor.
1507 3525 1533 3574 S.
1547 3524 1592 3589 cy·

382 3607 435 3659 bus
444 3607 546 3671 altaris,
555 3607 583 3657 in
593 3608 671 3672 cuius
680 3608 761 3671 plano
771 3608 838 3659 clim
856 3608 972 3659 caneba-
1006 3610 1118 3675 prianus
1138 3626 1144 3661 ι
1168 3612 1286 3663 Sarrum
1308 3611 1408 3673 cordo,
1441 3614 1589 3674 memorat,

383 3681 501 3756 turyel‘a
509 3690 640 3755 gradibus
648 3689 851 3755 ambariacum
859 3692 970 3745 scande
1006 3694 1105 3759 quibus
1117 3696 1231 3749 vocibus
1240 3696 1368 3749 sacerdos
1387 3694 1483 3749 fideles
1495 3695 1528 3747 ad
1539 3706 1589 3747 coe·

382 3774 577 3836 hatdiaconus,
589 3774 654 3827 dum
673 3780 827 3837 caneretur,
849 3776 971 3845 lecturus
1005 3779 1114 3831 testium
1134 3781 1393 3847 contemplationem
1413 3781 1589 3841 adhortatur,

382 3860 447 3915 inde
455 3860 727 3927 Euangeliumdluy'us
736 3862 804 3915 ritus
814 3869 909 3935 auctor
919 3878 969 3929 pu·
1005 3863 1095 3917 laudis
1115 3877 1197 3919 uoces
1213 3879 1275 3918 cum
1294 3866 1459 3932 augelorum
1479 3864 1587 3919 canticis

382 3948 454 3998 tatur
465 3946 491 3997 S.
507 3945 684 4009 coelestinus,
700 3960 748 3999 seu
767 3949 793 4000 S.
811 3948 968 4025 Gregorius⁴
1003 3954 1033 4000 ut
1053 3948 1229 4002 admisceant.
1257 3952 1377 4016 llymnus
1401 3951 1586 4011 cherubicus,

385 4032 498 4083 Tractus
527 4030 686 4097 plerumque
709 4032 816 4085 canitur
839 4030 966 4098 tractim,
1001 4046 1057 4097 ouo
1076 4033 1237 4086 terminatur
1257 4036 1382 4087 Praeiatio
1399 4050 1406 4086 :
1426 4056 1438 4081 s
1456 4036 1587 4097 Sanctus,

383 4128 444 4167 cum
462 4117 608 4181 asperitate
619 4118 736 4182 quadam
754 4125 781 4171 et
796 4119 967 4183 prolixitate,
1002 4118 1133 4181 Sanctus,
1144 4118 1274 4180 Sanctus,
1286 4138 1298 4165 u
1308 4132 1323 4171 a
1335 4120 1459 4184 pluribus
1469 4126 1587 4174 veterum

382 4206 503 4265 tempore
516 4202 698 4266 poenitentiae;
712 4216 773 4268 quae
786 4204 854 4256 ratio
867 4210 909 4257 est
919 4216 969 4257 no·
1002 4202 1163 4256 celebratur.
1176 4204 1302 4270 hiturgiae
1318 4204 1426 4267 lacohi,
1441 4203 1547 4267 Basilii,
1562 4207 1588 4255 et

381 4284 471 4337 minis.
482 4286 626 4351 Sequentia
638 4287 766 4340 dicuntur
774 4289 889 4356 rhythmi
901 4326 908 4351 ,
921 4288 968 4353 qui
1003 4288 1187 4354 chrysostomi
1209 4288 1312 4341 similes
1330 4288 1464 4354 quasdam
1478 4288 1586 4341 laudum

382 4368 529 4433 aliquando
540 4376 601 4435 post
620 4374 732 4423 Tractus
743 4375 901 4425 recitantur.
915 4374 967 4424 An·
999 4372 1131 4445 formulas
1143 4372 1288 4437 exhibent,
1307 4387 1423 4439 quarum
1436 4374 1586 4439 exemplum

381 4451 550 4517 tiquissimus
575 4453 695 4505 omnium
718 4462 758 4509 est
778 4457 823 4521 qui
845 4456 966 4521 incipit:
982 4465 985 4470 ·
1001 4458 1028 4509 in
1042 4459 1181 4511 catechesi
1200 4462 1225 4512 S.
1245 4453 1335 4527 cyrilli
1349 4458 1585 4527 hierosolymitani

383 4555 394 4581 κ
416 4536 535 4588 Victimae
565 4538 685 4601 paschali
703 4540 798 4593 laudes
824 4541 968 4595 immolent
1001 4542 1093 4595 videre
1108 4544 1184 4596 est.⁸
1201 4544 1312 4608 Conon,
1337 4557 1384 4597 scu
1406 4545 1500 4612 regula
1517 4544 1587 4597 cele-

407 4772 435 4824 (ty
447 4774 483 4824 lip.
495 4774 531 4816 vii.
539 4775 565 4817 ad
574 4777 682 4819 siricium.
694 4782 719 4833 lt)
727 4783 750 4822 h.
759 4780 787 4823 ir.
797 4794 814 4823 c.
829 4792 856 4823 vr.
1024 4789 1051 4838 la,
1061 4788 1150 4829 catech.
1158 4798 1178 4830 ι.
1186 4794 1278 4841 mystas.
