3792 5550
485 531 554 581 CAP.
574 530 595 582 l.
616 532 658 582 DE
675 531 864 583 Poissllllt
882 530 1117 585 lnltdluallllas
1135 534 1349 589 conciliandi.
1476 540 1527 594 283

347 644 371 694 tl.
385 642 479 712 colligi
498 643 565 698 olim
580 647 762 700 consuevisse
784 647 902 701 eleemo-

311 740 392 794 synas
412 729 557 784 occasione
583 729 815 798 indulgentiarum
842 743 904 798 pro·
1156 708 1263 763 GAPUT
1282 711 1302 762 ¹·

315 815 521 882 mulgendarum
543 815 571 867 in
602 815 731 870 confesso
758 817 904 872 osmundo
948 831 1132 874 narormrsre
1149 829 1330 877 montemnis
1347 837 1508 880 concussor.

310 905 368 954 orta
391 907 434 954 est
453 901 590 954 calumnia
613 914 660 955 eas
674 901 900 957 inisserenales:

313 986 360 1039 sed
372 1000 433 1053 quae
457 989 594 1042 daliantur
606 989 790 1058 eleemosyna
809 985 838 1043 ri
860 992 901 1044 rol
968 991 995 1042 1.
1010 989 1199 1046 tridentinum
1214 995 1380 1059 concilium,
1394 1000 1526 1064 plurimas

310 1071 466 1127 christianae
500 1073 672 1139 subsidium,
701 1086 758 1128 nou
791 1073 902 1129 fuerunt
936 1089 999 1142 quae
1018 1077 1053 1132 de
1071 1077 1249 1146 indulgentiis
1266 1083 1438 1150 agitabantur
1449 1099 1526 1154 quae·

312 1158 492 1226 pretiumque
504 1159 686 1228 indulgentiae
704 1161 902 1226 comparaban-
935 1162 1040 1216 stiones
1057 1166 1186 1219 consulto
1209 1169 1434 1234 praetennlttens,
1458 1172 1524 1226 satis

312 1247 364 1297 tur.
384 1246 456 1300 luter
473 1247 647 1300 conditiones
656 1246 690 1300 iis
700 1247 839 1301 lucrandis
849 1261 901 1301 ne·
934 1247 1030 1302 habuit
1042 1249 1156 1304 definire
1176 1253 1323 1306 Ecclesiam
1336 1267 1351 1307 a
1362 1255 1470 1310 christo
1481 1269 1526 1311 ac·

310 1331 443 1386 cessarias
462 1334 700 1400 eleemosynarum
727 1330 834 1400 largitio
862 1333 901 1387 lo·
933 1337 1040 1403 cepisse
1051 1343 1215 1404 potestatem
1232 1351 1280 1394 eas
1299 1343 1525 1407 concedendi,et

309 1427 371 1466 cunr
386 1417 521 1483 habebat,
534 1417 609 1484 quod
623 1417 731 1502 virtutis
740 1418 899 1471 exercitium
933 1435 981 1477 eas
994 1437 1055 1478 esse
1068 1425 1168 1479 utiles:
1186 1446 1198 1475 α
1215 1429 1282 1479 Cum
1292 1434 1415 1494 potestas
1432 1430 1525 1484 conie-

311 1499 338 1552 in
358 1503 504 1570 scripturis
517 1505 667 1557 admodum
679 1504 897 1557 commendatur.
932 1510 1012 1564 rendi
1030 1511 1215 1579 indulgentias
1232 1527 1248 1567 a
1267 1515 1374 1569 christo
1394 1516 1524 1570 pppppsiae

308 1586 447 1642 cedebant
475 1589 503 1642 in
533 1602 707 1643 communem
732 1589 897 1643 utilitatem:
932 1609 1065 1652 concessa
1088 1599 1141 1664 sit,
1162 1607 1244 1666 atque
1266 1601 1425 1669 hujusmodi
1448 1607 1525 1669 pote.

305 1670 443 1727 dabantur
466 1674 539 1727 enim
561 1675 594 1727 dd
609 1674 744 1728 Ecclesias
761 1674 899 1728 aedificass·
933 1686 1003 1736 state
1013 1721 1021 1747 ,
1032 1683 1162 1738 divinitus
1174 1685 1226 1738 sibi
1240 1687 1353 1751 tradita,
1367 1687 1524 1754 antiquissi-

306 1756 421 1824 <¹³⁸‚ad
436 1761 575 1828 impensas
602 1760 739 1813 bellorum
757 1773 899 1814 sacrorum
932 1768 986 1822 mis
999 1767 1080 1822 edam
1098 1771 1269 1836 temporinos
1287 1772 1333 1824 illa
1353 1783 1403 1824 usa
1425 1773 1522 1835 luent,

306 1843 463 1909 faciendis,
485 1845 519 1898 ad
538 1845 772 1911 ⁰sph³¹¹0¹s0l>hi²
794 1845 898 1912 erigen-
932 1859 1107 1907 sacrosancta
1136 1855 1261 1921 synodus
1293 1855 1523 1923 indulgentiarum

304 1930 359 1994 <¹³2
372 1937 400 1984 et
420 1931 454 1983 ad
475 1929 527 1982 alia
551 1929 898 1996 plurimaclraritatiscllri·
933 1951 1014 1991 usum
1032 1938 1181 1992 christiano
1201 1940 1302 2005 populo
1322 1941 1438 1994 maxime
1453 1943 1524 1994 salu·

303 2016 403 2070 stianae
420 2029 521 2084 opera,
546 2029 655 2069 necnon
681 2017 832 2084 aliquando
861 2018 897 2070 ad
931 2030 1071 2089 tarem,et
1081 2037 1222 2079 sacrorum
1234 2024 1523 2080 conciliorumeucto·

306 2103 431 2168 publicos
460 2117 527 2156 usus
553 2103 678 2170 pontium
713 2102 896 2169 extructione,
930 2111 1011 2164 ritate
1028 2112 1194 2178 probatum,
1213 2110 1242 2163 in
1262 2110 1384 2165 Ecclesia
1402 2111 1522 2164 retinen·

304 2193 334 2241 et
358 2189 464 2244 viarum
485 2189 644 2243 reiectione.
658 2189 707 2253 Qui
724 2201 772 2243 eas
789 2190 897 2257 collige·
930 2199 997 2252 dum
1018 2210 1080 2252 esse
1103 2197 1185 2252 docet
1200 2203 1228 2251 et
1250 2197 1393 2264 precipit,
1417 2207 1522 2264 eosque

305 2273 371 2327 nant
394 2275 546 2344 Questorer
578 2275 749 2339 dicebantur,
777 2287 895 2342 quorum
929 2285 1104 2337 anatnemate
1126 2283 1253 2348 damnat,
1276 2283 1322 2350 qui
1342 2289 1389 2337 aut
1411 2283 1521 2338 inutiles

304 2372 434 2415 excessus
451 2359 598 2415 Pontifices
616 2365 644 2413 et
662 2361 895 2427 concillapluries
929 2381 992 2423 esso
1005 2372 1150 2434 asserunt,
1170 2369 1214 2423 rel
1234 2381 1281 2422 eas
1301 2367 1521 2422 coneedendiin

304 2447 503 2512 reprobarunt.
534 2459 692 2513 munusque
725 2449 835 2501 landem
863 2450 894 2501 ill
928 2456 1049 2510 Ecclesia
1064 2455 1522 2523 potestatemessenegantffli·

302 2533 424 2587 concilio
459 2532 619 2586 Tridentino
637 2545 751 2598 prorsus
777 2535 893 2600 abroga-
928 2541 975 2594 dei
992 2540 1074 2607 igitur
1084 2541 1183 2606 dogma
1196 2546 1238 2592 est
1256 2544 1420 2605 potestatem
1432 2541 1521 2592 indul·

303 2625 359 2672 tum
384 2625 438 2673 est.
468 2623 603 2673 caeterum
626 2621 699 2672 inter
723 2618 895 2674 conditiones
928 2627 1035 2692 gentias
1049 2625 1218 2679 concedendi
1232 2638 1246 2677 a
1260 2625 1368 2678 Christo
1390 2626 1520 2679 Ecclesiae

297 2704 494 2772 indulgentiae,
526 2718 588 2772 quae
619 2705 720 2758 dicitur
748 2705 892 2770 intulimus,
928 2723 1294 2777 concessamessc,easque
1306 2723 1369 2764 esse
1383 2711 1473 2764 utiles.

295 2792 533 2860 elcemosynarum
560 2792 670 2860 largitio
687 2792 779 2847 adhuc
799 2805 893 2847 recen-
1146 2796 1309 2864 propositio.

296 2882 391 2944 setur,
416 2892 486 2945 quas
521 2884 611 2931 tamen
635 2880 823 2946 unusquisque
842 2892 892 2947 pro
960 2883 1046 2937 Estin
1066 2882 1186 2937 Ecclesia
1199 2890 1321 2951 potestas
1336 2882 1520 2951 indulgentias

295 2977 345 3018 suo
372 2964 486 3019 arbitrio
499 2965 527 3017 in
545 2979 616 3032 opus
629 2966 823 3033 quodcumque
838 2965 893 3032 pie
929 2970 1224 3037 concedendi,quaect
1238 2970 1319 3024 utiles
1339 2973 1412 3023 sunt.

295 3050 357 3104 tatis
378 3053 423 3106 rel
443 3052 582 3105 charitatis
598 3052 828 3117 tribuit‚nemine
844 3064 891 3106 eas
960 3058 987 3109 8.
1012 3056 1149 3110 Probatur
1170 3058 1194 3108 1.
1214 3056 1421 3121 exsiliorum.
1440 3057 1519 3111 Petro

294 3136 450 3204 colligente.
479 3140 683 3191 concesserunt
703 3136 785 3190 etiam
799 3139 892 3203 plures
928 3142 1030 3195 dictum
1053 3148 1095 3195 est
1113 3156 1119 3192 :
1137 3140 1221 3193 «Tibi
1240 3141 1312 3194 dabo
1332 3142 1424 3195 claves
1441 3140 1518 3208 regni

295 3224 400 3277 Summi
427 3222 574 3277 Pontifices
594 3223 780 3289 indulgentias
806 3223 893 3276 socie·
926 3228 1077 3280 coelorum:
1092 3230 1119 3279 et
1131 3226 1325 3291 quodcumque
1337 3224 1463 3291 ligaveris
1476 3238 1520 3277 su-

295 3310 341 3362 iaii
361 3310 388 3363 in
413 3307 507 3363 Galliis
520 3313 618 3375 coeptae
637 3314 664 3361 ei
680 3307 852 3374 floreniijam
863 3307 892 3360 in
926 3325 977 3379 per
990 3316 1106 3374 torra'm,
1129 3312 1181 3365 erit
1201 3311 1315 3377 ligatum
1339 3316 1366 3363 et
1377 3311 1404 3361 in
1418 3309 1517 3363 coeiis:

294 3396 421 3461 pluribus
446 3400 564 3462 liuropae
584 3396 697 3463 regnis,
710 3395 791 3461 cujns
806 3406 892 3447 mem·
927 3402 955 3451 et
971 3397 1165 3464 quodcumque
1178 3394 1294 3449 solveris
1311 3397 1514 3459 superterram,

295 3481 343 3535 bra
367 3483 486 3548 singulis
506 3480 727 3534 hebdomadibus
738 3480 851 3535 obolum
864 3480 893 3533 in
927 3483 979 3537 erit
997 3482 1118 3536 solutum
1145 3487 1171 3535 ct
1196 3481 1224 3533 in
1249 3477 1387 3533 coelis.»⁸
1408 3478 1518 3532 caeteris

294 3566 457 3621 llissionum
472 3568 617 3619 sacrarum
647 3565 776 3619 auxilium
803 3566 893 3620 conie-
926 3580 1038 3636 quoque
1054 3563 1191 3633 apostolis
1210 3565 1313 3633 ligandi
1342 3570 1369 3619 et
1394 3565 1519 3618 solvendi

294 3658 368 3706 runt.
382 3652 447 3717 Quis
460 3655 512 3707 ltoc
525 3652 679 3720 improbati
699 3654 763 3717 Quae
787 3653 894 3707 crucia·
925 3658 1050 3721 potestas
1060 3652 1237 3720 amplissimis
1254 3652 1347 3705 verbis
1361 3655 1403 3705 est
1421 3651 1516 3705 data.⁴

295 3746 330 3792 iae
348 3739 462 3793 nomine
480 3739 508 3792 in
526 3754 612 3807 regno
626 3740 816 3807 Hispaniarum
826 3742 892 3795 dan·
927 3742 975 3795 llla
991 3740 1117 3796 solvendi
1138 3745 1274 3807 potestas,
1296 3738 1412 3793 clarium
1432 3742 1518 3793 meta·

295 3826 571 3893 turdispensationes
583 3827 892 3895 etindolgontiaeparva
926 3829 1013 3894 phora
1042 3826 1215 3893 significata,
1231 3826 1419 3879 auctoritatem
1430 3824 1519 3878 deno-

296 3910 470 3977 eleemosyna
483 3910 491 3944 ¹
506 3912 604 3965 tributa
624 3913 651 3964 in
673 3926 740 3965 usus
751 3914 892 3979 publicos,
927 3916 967 3965 tat
977 3912 1069 3964 omnia
1084 3911 1197 3964 tollendi
1210 3924 1272 3976 qliae
1289 3910 1351 3963 coeli
1363 3908 1517 3976 ingressum

296 3995 361 4048 olim
374 3996 403 4048 in
417 3995 573 4048 subsidium
592 3996 830 4049 missionariorum
845 3997 894 4048 Pa·
926 3996 1089 4063 impediunt.
1108 3996 1178 4062 Ergo
1197 3996 1223 4049 vi
1242 3996 1351 4047 illorum
1369 3994 1515 4049 verborum

295 4081 424 4147 laestinae,
462 4094 545 4148 grave
564 4082 663 4135 vulnus
689 4080 894 4148 disciplinaeec·
926 4085 1044 4147 possunt
1080 4078 1208 4133 Ecclesiae
1245 4077 1378 4131 l’raesulus
1419 4088 1516 4143 poenas

295 4167 634 4222 clesiasticaeintulerunt
657 4171 893 4221 contrementem
926 4165 1092 4233 temporales
1110 4163 1250 4217 remittere
1269 4165 1330 4216 :liae
1359 4161 1433 4216 eninr
1467 4162 1515 4216 ol)-

266 4277 272 4283 κ
295 4254 473 4318 Pontificum,
493 4255 539 4322 qui
553 4254 587 4308 ab
605 4253 769 4307 abstinentia
782 4251 894 4319 dispen·
926 4248 1264 4327 stantneanimalcoelum
1283 4248 1459 4315 ingrediatur.

294 4340 410 4393 tandum
421 4380 429 4404 ,
441 4353 473 4394 ex
489 4340 632 4407 utriusque
653 4338 754 4392 medici
765 4338 892 4404 consilio,
960 4338 986 4389 9.
1011 4336 1096 4401 liujus
1107 4334 1252 4401 potestatis
1276 4333 1433 4407 exercitium
1450 4346 1514 4402 erga

293 4423 447 4479 voluerunt.
926 4421 1098 4476 corinthium
1147 4418 1326 4487 poenitentem
1379 4418 1513 4473 videmus.

320 4705 349 4757 111
363 4705 407 4747 ⁰0¹
422 4705 513 4759 reatui
525 4665 610 4747 nodio..
952 4706 978 4758 (al
990 4707 1039 4747 liat.
1049 4704 1090 4746 xii.
1102 4707 1132 4744 rt.

321 4775 350 4827 (²1
359 4774 418 4819 Seu.
427 4789 473 4821 m.
484 4776 506 4819 in
515 4778 600 4820 decrem
608 4777 636 4818 dc
646 4776 797 4832 indulgentiis.
948 4774 977 4827 11)
992 4775 1046 4817 idat.
1053 4772 1110 4818 xiiii.
1121 4776 1153 4814 tt.
