3792 5550
363 587 411 636 loc
602 573 613 590 ⁰
661 583 775 634 straet.
795 582 860 633 xlll.
875 582 902 633 Ρ.
916 583 936 630 l.
957 583 998 634 bs
1017 581 1244 634 EbCChhlsrlh.

362 698 528 766 apparentiis
542 696 619 762 panis
630 697 720 749 etvini
732 697 953 760 remanentibus,
989 697 1197 762 praesentialiter
1207 696 1306 748 adesse
1318 696 1346 748 in
1368 704 1464 751 sancta
1476 701 1584 753 Eucha-

362 798 396 836 ex
409 785 499 838 divino
512 781 689 836 oecorromia.¹
989 782 1074 834 ristia.
1089 780 1125 828 »¹

396 871 454 922 552.
473 867 600 931 Armeni,
619 873 738 920 testante
755 869 867 920 Gerlaco
881 909 886 930 ,
902 870 956 920 bu·
1021 869 1080 920 556.
1100 869 1184 919 Porro
1195 879 1229 919 ex
1241 867 1292 918 bac
1309 868 1583 920 omniumsectarnm

363 956 500 1017 therano,
522 974 533 998 a
548 953 667 1033 inqcoena
693 953 801 1006 bomini
817 968 911 1006 verum
929 961 956 1006 et
988 951 1371 1018 consensioneargumenlum
1383 952 1525 1006 derivatur
1536 968 1583 1006 ra·

363 1039 544 1092 substantiale
564 1051 664 1104 corpus
682 1046 709 1091 et
730 1040 890 1106 sanguinem
904 1040 955 1091 llo-
988 1037 1153 1090 lidissimum
1178 1037 1278 1090 divinae
1303 1038 1462 1092 traditionis
1485 1055 1492 1090 ε
1518 1053 1583 1092 nam

362 1124 430 1178 mini
447 1125 545 1177 adesse
556 1125 668 1188 dicunt,
683 1125 732 1177 sed
743 1126 872 1177 videntur
883 1132 956 1178 tran·
988 1123 1073 1189 liquet
1091 1137 1151 1176 eam
1162 1123 1247 1175 tuisse
1260 1122 1342 1176 tidem
1359 1126 1469 1177 saeculis
1483 1133 1581 1191 quarto

363 1210 955 1276 substantiationemprobarerittlearius,
989 1211 1031 1263 vel
1050 1209 1166 1274 quinto,
1186 1221 1242 1275 quo
1272 1211 1365 1274 plures
1391 1217 1474 1264 sectae
1503 1225 1582 1265 suurn

363 1296 534 1349 lutheranus
552 1297 649 1360 etiam,
661 1297 686 1348 id
702 1302 833 1349 testatur:
849 1315 864 1345 e
877 1297 954 1360 Quod
989 1294 1109 1346 referunt
1127 1294 1261 1360 originem
1274 1332 1282 1357 ,
1294 1299 1322 1346 et
1333 1295 1417 1348 luisse
1429 1295 1543 1362 publico
1555 1305 1582 1349 et

362 1381 471 1433 Armeni
494 1381 574 1434 etiam
594 1383 711 1434 credunt
729 1383 956 1434 transubstantia-
989 1379 1106 1432 solemni
1134 1379 1257 1431 omnium
1296 1380 1371 1434 cultu
1400 1381 1579 1434 celebratam.

364 1465 484 1525 tionem,
499 1467 615 1533 cognovi
627 1481 659 1519 ex
671 1468 823 1532 patriarcha
842 1467 888 1533 qui
903 1481 955 1521 nos
989 1467 1063 1519 hdeo
1076 1467 1145 1519 altas
1156 1472 1250 1532 egerat
1269 1467 1581 1532 radicesmtnequidcm

363 1550 497 1603 invisebat
509 1551 676 1603 Scamachiae
696 1552 723 1603 in
746 1553 843 1604 lledia.
858 1553 889 1598 »ὅ
988 1552 1105 1617 partium
1125 1552 1226 1604 studiis
1250 1553 1330 1606 evelli
1360 1553 1480 1618 potuerit
1515 1556 1578 1605 Erat

396 1637 455 1687 ³55.
489 1636 640 1695 tacebitae.
672 1644 790 1692 testante
824 1639 954 1706 llionysio
989 1638 1072 1702 igitur
1088 1638 1200 1702 antiqua
1217 1643 1245 1689 et
1262 1638 1418 1690 certissima
1431 1637 1579 1699 doctrina,

365 1720 531 1784 Barsalibeo,
545 1723 571 1774 in
586 1723 733 1790 liturgiam
745 1728 772 1776 S.
785 1726 890 1788 iacobi,
901 1740 955 1792 qua
989 1735 1051 1788 quae
1069 1723 1104 1774 ad
1121 1723 1181 1787 ipsa
1198 1722 1238 1775 rei
1252 1723 1408 1775 christianae
1427 1723 1579 1788 primordia

363 1811 493 1868 utuntur,
506 1807 660 1872 scribente,
674 1823 727 1862 una
740 1811 884 1864 nobiscum
896 1825 955 1864 cre·
988 1807 1145 1860 necessario
1166 1806 1308 1860 referenda
1322 1814 1373 1860 est.

362 1889 431 1942 dunt
456 1892 739 1947 transubstantiationi
763 1911 769 1945 z
797 1896 952 1950 allicimus

361 1988 461 2039 panem
489 1977 561 2029 hunc
579 1976 719 2031 caelestem
748 1980 908 2034 inveritate
928 1989 955 2034 et
1202 1979 1306 2030 CAPUT
1324 1978 1366 2028 lll.

362 2057 460 2114 ellectu
488 2074 550 2113 esse
570 2075 670 2128 eorpus
688 2064 746 2116 Filii
767 2067 829 2128 bei,
848 2070 874 2118 et
886 2067 952 2118 illud

363 2143 436 2197 idem
448 2158 510 2198 esse
518 2158 618 2211 corpus
626 2160 751 2212 personae
764 2149 851 2214 ipsius
861 2190 869 2212 ,
879 2153 954 2216 quod
1096 2162 1129 2198 nc
1146 2161 1304 2199 rmunnrn'rr
1321 2159 1473 2198 ransmrra.

360 2230 512 2294 assumpsit
530 2244 561 2282 ex
575 2233 673 2295 llaria,
694 2241 721 2284 el
738 2233 894 2288 factumest
911 2251 954 2289 sa-

363 2313 494 2366 erilicium
508 2316 535 2366 in
549 2330 629 2370 cruce
638 2331 687 2382 pro
700 2319 791 2372 nobis.
800 2320 863 2367 »4-
876 2343 887 2366 r
906 2325 955 2374 Sa·
1020 2322 1079 2371 557.
1090 2319 1220 2371 llartinus
1229 2322 1359 2381 bucerus,
1372 2331 1387 2369 e
1400 2317 1577 2370 bominicana

361 2406 955 2472 oramentaautemvocanturcorpusetsan·
987 2407 1090 2461 familia
1114 2412 1255 2470 apostata,
1276 2406 1423 2459 uerborum
1447 2402 1578 2470 ambigui-

358 2483 584 2551 .guis,quoniam
606 2503 661 2542 non
675 2489 741 2542 illud
762 2493 837 2556 quod
847 2493 956 2546 videtur
989 2496 1044 2544 tate
1071 2498 1099 2543 et
1129 2490 1240 2543 fallendi
1270 2489 1361 2543 studio
1391 2488 1577 2550 notissimus,

363 2575 447 2623 sunt:
462 2567 613 2624 secundum
627 2575 748 2639 speciem
762 2585 853 2629 autem
876 2579 955 2644 panis
989 2576 1158 2627 lutheranus
1167 2587 1229 2628 cum
1238 2573 1464 2627 sacramentariis
1475 2579 1504 2626 ut
1516 2585 1580 2625 con-

361 2659 389 2706 et
407 2655 500 2708 vinum
514 2663 592 2722 sunt,
607 2659 655 2712 sed
672 2667 860 2727 agnoscuntur
872 2667 956 2733 atque
989 2660 1102 2724 cibaret,
1117 2661 1254 2712 Christum
1265 2659 1292 2710 in
1304 2658 1578 2712 Eucharistiaadesse

363 2745 428 2793 sunt
440 2754 541 2808 corpus
556 2749 583 2795 et
595 2745 707 2811 sanguis
725 2746 781 2799 bei.
800 2748 836 2795 nt
989 2745 1100 2807 docuit,
1124 2746 1173 2798 sed
1197 2744 1224 2797 in
1247 2744 1354 2798 actione
1373 2749 1496 2809 tantum,
1514 2743 1577 2796 dum

396 2828 453 2877 554.
474 2829 614 2881 llaronitae
632 2843 717 2897 prope
735 2832 867 2885 Libanum
888 2836 955 2887 etin
989 2838 1144 2883 sumeretur
1163 2847 1170 2881 :
1190 2833 1242 2884 hoc
1256 2830 1361 2883 scilieet
1374 2836 1454 2896 paeto
1467 2830 1501 2882 iis
1518 2830 1579 2882 lavit

360 2908 423 2961 aliis
432 2911 515 2976 Syriae
524 2914 648 2977 partibus
662 2914 804 2981 degentes,
815 2931 955 2983 nunquam
989 2918 1034 2982 qui
1046 2917 1100 2969 lide
1112 2918 1319 2983 suscipientium
1328 2918 1466 2970 Christum
1477 2918 1577 2984 percipi

358 2993 567 3049 ¹erroriseontra
583 3000 956 3057 transubstantiationemac·
989 3002 1148 3061 tradebant;
1175 3004 1311 3065 luthero,
1337 3004 1492 3069 praesentiae
1514 3016 1578 3055 con·

362 3078 450 3130 cusati
472 3088 536 3133 sunt
551 3096 557 3131 ε
574 3082 674 3149 dogma
693 3086 845 3150 perspicuis
863 3088 956 3141 verbis
988 3082 1125 3146 fossione,
1145 3079 1308 3153 gratificans.
1336 3089 1384 3141 llic
1408 3095 1499 3140 tamen
1524 3100 1579 3140 non

362 3162 516 3217 declaratur
540 3168 567 3218 ln
591 3169 789 3223 commentario
814 3172 843 3223 in
866 3171 956 3225 bitur·
989 3172 1056 3224 satis
1065 3172 1090 3223 id
1105 3173 1210 3235 habuit,
1221 3174 1269 3226 sed
1282 3187 1332 3239 per
1345 3180 1428 3227 totam
1439 3174 1576 3227 actionem

357 3247 434 3314 giam
453 3252 478 3301 S.
491 3252 607 3317 Jacobi,
626 3256 699 3319 quod
713 3258 847 3309 loannem
868 3260 955 3312 blare-
989 3260 1218 3311 sacramentalem
1240 3260 1375 3311 Christum
1398 3260 1498 3311 adesse
1511 3259 1580 3310 dch-

363 3346 425 3385 nem
453 3339 522 3389 sexti
553 3340 646 3393 saeculi
669 3344 794 3405 exeuntis
815 3352 954 3398 auctorem
989 3343 1056 3396 nirit
1078 3343 1230 3396 llemnitius
1252 3358 1315 3396 eum
1336 3344 1580 3410 agnovitpraesen·

362 3418 463 3473 habere
481 3425 640 3476 censetur.⁶
989 3434 1043 3481 tem
1062 3429 1090 3481 in
1112 3429 1146 3481 iis
1159 3430 1266 3483 actibus
1284 3430 1330 3494 qrri
1343 3443 1407 3481 eum
1427 3442 1506 3482 coena
1517 3440 1580 3481 con-

385 3508 600 3574 555.AEthiopes,
608 3516 725 3564 testante
736 3514 865 3566 bamiano
874 3516 954 3576 Goez,
987 3520 1144 3578 nectuntur,
1153 3514 1309 3566 velulidum
1320 3513 1489 3565 Eucharistia
1499 3512 1579 3577 paulo

365 3590 561 3644 Eucharistiam
592 3614 603 3637 a
634 3594 817 3647 indubitatum
854 3598 954 3651 Christi
987 3603 1049 3661 post
1067 3598 1101 3649 ad
1125 3605 1288 3665 aegrotantes
1306 3598 1436 3651 defertur.
1455 3598 1575 3655 Ecclesia

358 3687 424 3726 cum
438 3687 550 3739 corpus,
573 3686 629 3729 tum
644 3681 805 3746 sanguinem
819 3694 880 3733 esse
899 3682 954 3733 sin·
987 3682 1125 3735 Catholica
1145 3684 1355 3738 conversionem
1373 3684 1453 3750 panis
1475 3690 1503 3736 et
1523 3683 1578 3735 sini

362 3771 423 3811 cera
438 3759 490 3811 lide
509 3762 704 3825 profitentur.»
721 3767 798 3816 Anno
820 3767 881 3817 lssb'l
897 3770 953 3819 tres
987 3766 1015 3817 in
1034 3766 1215 3820 substantiam
1239 3769 1364 3833 corporis
1387 3774 1415 3821 et
1435 3767 1576 3835 sanguinis

361 3842 501 3907 AEthiopes
526 3846 620 3899 Romae
645 3847 868 3913 subscripserunt
890 3850 953 3904 hdci
986 3850 1085 3903 Christi
1110 3853 1281 3917 praedicans,
1305 3866 1369 3905 eum
1391 3854 1489 3907 adorat
1509 3866 1578 3918 prae-

362 3927 538 3981 declaratio-ni
558 3945 594 3980 :u
612 3934 665 3984 Nos
682 3933 864 3999 AEthiopesin
884 3938 955 3989 veri·
985 3942 1092 3989 sentem
1127 3938 1258 4002 quamdiu
1292 3943 1438 3990 servantur
1473 3937 1578 4003 species

359 4017 417 4065 tate
440 4017 616 4078 attestamur,
639 4022 748 4081 gentem
773 4025 952 4075 nostramve·
987 4024 1209 4085 sacramentales,
1221 4029 1249 4075 et
1259 4024 1434 4076 anathemate
1444 4024 1504 4077 terit
1515 4035 1579 4075 eon-

361 4098 450 4149 necari
475 4098 608 4164 imagines
636 4103 817 4167 Sanctorum,
841 4112 868 4157 ct
893 4119 952 4159 crc-
987 4106 1098 4158 tracium
1122 4120 1242 4161 errorem
1269 4124 1304 4158 :r
1322 4108 1350 4159 Si
1371 4108 1434 4173 quis
1462 4108 1577 4167 dixerit,

337 4181 427 4251 ⁸dere
444 4195 544 4248 corpus
557 4190 584 4236 et
600 4186 761 4251 sanguinem
774 4190 838 4241 lesu
852 4190 951 4244 Christi
983 4198 1093 4256 peracta
1111 4192 1342 4254 consecratione,
1362 4192 1389 4245 in
1421 4192 1578 4246 admirabili

385 4466 412 4517 ll)
424 4467 481 4507 Part.
491 4468 506 4507 i.
516 4469 538 4509 in
548 4480 605 4522 resp.
614 4471 642 4511 ad
653 4470 758 4525 interrog.
767 4474 815 4515 cuii.
1011 4478 1037 4530 (5)
1048 4478 1130 4519 lbidem
1140 4489 1159 4518 c.
1169 4478 1216 4518 rili.

385 4533 412 4586 (l)
423 4536 514 4577 Crucius
525 4537 546 4577 in
556 4538 760 4583 Germano-Gracia.
1011 4548 1040 4600 (o)
1051 4548 1103 4587 vide
1116 4558 1171 4599 opus
1187 4547 1318 4600 Perpdtnita
1323 4547 1350 4588 de
1359 4548 1434 4600 lasci,
1447 4550 1462 4590 Ι.
1473 4562 1491 4591 r.
1500 4551 1536 4592 cir.
1545 4550 1585 4591 xii.

385 4601 413 4653 (a)
424 4602 465 4644 Cit.
475 4605 498 4645 in
517 4618 581 4659 opere
594 4607 723 4661 Permanere
734 4612 761 4651 de
771 4613 794 4653 ln
805 4613 852 4664 soi,
863 4615 876 4654 l.
887 4628 906 4656 u.
915 4616 952 4657 ch.
985 4627 1008 4668 p·
1021 4620 1066 4656 tol.

360 4669 552 4727 rii.vol.i.p.att.
631 4687 634 4696 ·
1008 4686 1036 4737 (η
1053 4684 1095 4726 Cit.
1114 4685 1136 4724 in
1153 4686 1372 4738 opereaPerpetur'td
1383 4687 1411 4727 de
1429 4690 1455 4729 lar
1467 4689 1519 4740 soi,
1536 4692 1583 4731 l.r.

388 4741 415 4793 tt)
428 4743 510 4787 comm.
521 4745 543 4786 in
552 4746 595 4787 Lit.
606 4747 628 4789 S.
635 4748 708 4789 iacobi
718 4760 736 4789 e.
747 4751 761 4789 i.
983 4756 1018 4795 eb.
1027 4754 1072 4794 aiii.
1081 4752 1125 4796 rol.
1134 4754 1149 4794 i.
1159 4766 1181 4807 p.
1191 4757 1240 4806 toa,
1249 4759 1293 4796 tot.
