3792 5550
364 580 415 635 ott
714 580 828 632 Tutor.
848 578 934 631 xviii.
954 576 997 628 DE
1015 576 1227 629 llmllonld.

397 700 423 750 b.
433 678 575 751 'Pmlnur
587 694 611 748 i.
627 709 663 749 ce
679 694 836 759 neptunu.
849 712 865 743 α
885 694 956 747 dixit
991 704 1064 745 esse.
1076 690 1112 739 κ·
1126 712 1139 737 ι
1148 691 1233 745 Adam
1242 703 1298 744 oon
1309 697 1352 744 est
1362 690 1514 751 seductum
1525 706 1589 766 mo·

365 795 476 850 quoqne
489 782 700 837 bomlnnsbens
711 794 717 829 :
729 779 956 833 Nonestbonum
990 776 1042 828 lier
1059 781 1152 829 numm
1175 775 1290 828 seducto
1313 773 1341 828 in
1357 777 1588 841 praevaricatione

364 880 427 921 esse
445 866 584 920 bominem
603 865 693 918 solum
704 880 711 913 z
722 846 855 917 iaciamus
867 864 892 917 ei
905 864 957 917 ed·
991 858 1052 912 tuit·
1065 858 1219 912 salvabitur
1232 866 1325 913 antem
1345 874 1396 926 per
1407 862 1531 915 tiliorum
1545 876 1589 930 ge·

362 952 494 1017 interium
503 950 592 1003 simile
603 948 665 1002 sibi.
682 947 856 1014 ..ninilque
870 948 958 1001 Adam
991 945 1178 1010 necationem,
1193 946 1217 999 si
1234 948 1419 1013 permanserit
1429 948 1460 1000 in
1479 948 1549 1013 tide,
1560 954 1589 1003 et

368 1076 375 1089 .
412 1076 418 1089 .
455 1073 463 1087 .
498 1035 633 1101 relinquet
642 1033 726 1086 homo
741 1038 846 1100 patrem
859 1046 957 1098 snum,
991 1030 1195 1094 dilectione,et
1213 1032 1527 1098 senctidmtione,cnm
1544 1048 1588 1089 so-

366 1128 394 1177 et
410 1127 543 1183 matrem,
557 1126 584 1173 et
595 1117 746 1172 edbaerebit
757 1118 834 1171 nxori
847 1131 919 1171 suae:
931 1122 959 1171 et
992 1116 1119 1170 brietete.
1140 1116 1176 1163 ι’
1191 1136 1206 1163 ι
1225 1118 1392 1173 donorabile
1416 1120 1586 1173 connubium

366 1214 447 1261 ernnt
459 1207 514 1259 duo
527 1207 554 1257 in
567 1218 649 1258 cerne
663 1201 768 1258 noent
784 1202 958 1256 ultesenlum
991 1200 1020 1253 in
1032 1201 1178 1266 omnibus,
1189 1207 1217 1256 et
1227 1204 1324 1257 tborns
1336 1204 1541 1260 immaculatus.
1553 1206 1588 1253 »⁸

366 1292 545 1347 ettoeminom
567 1290 668 1344 crearit
690 1303 748 1343 cos.
762 1287 959 1355 benedixitque
991 1287 1116 1340 christus
1144 1288 1259 1341 retertur
1290 1290 1395 1356 nuptiis
1421 1290 1587 1355 adsistens,

365 1378 420 1431 iilis
434 1381 516 1441 bens,
528 1381 556 1431 ct
568 1378 606 1429 nit
619 1391 626 1426 :
641 1377 772 1439 crescite,
786 1380 814 1427 et
825 1373 957 1439 multipli-
990 1371 1172 1437 miraculum,
1194 1385 1265 1439 eque
1287 1375 1318 1426 ln
1343 1374 1440 1428 vinnm
1460 1381 1587 1441 mutata,

366 1464 482 1527 cumini,
494 1468 521 1517 et
531 1463 634 1529 replete
653 1467 762 1514 terram.
775 1481 787 1508 ι
800 1460 959 1515 ¹tienoscos
991 1456 1149 1521 patrasset

366 1550 457 1603 uerbis
471 1549 553 1616 penio
573 1552 636 1601 ente
650 1548 740 1601 citatis
759 1559 775 1599 a
793 1546 901 1600 Christo
915 1559 958 1600 re·
1024 1543 1050 1593 t·
1069 1541 1208 1595 Probatur
1224 1542 1249 1593 Ξ.
1264 1541 1451 1596 conuitiorum
1461 1544 1584 1598 notbert-

367 1633 448 1696 lotis,
465 1633 502 1686 ita
520 1632 677 1687 concludit:
692 1650 709 1681 u
728 1632 889 1698 Itaqueiam
901 1646 959 1685 noo
991 1630 1054 1678 tote.
1069 1627 1228 1693 (tongrense
1244 1629 1349 1682 saecnlo
1369 1630 1411 1680 tv.
1424 1634 1523 1683 contra
1534 1633 1587 1683 liu·

367 1724 432 1772 sunt
451 1719 524 1783 dno,
547 1718 597 1771 sed
618 1730 672 1770 une
697 1730 769 1771 curo.
791 1717 867 1780 Quod
892 1730 959 1784 erpo
993 1711 1168 1764 stntbium:«
1180 1711 1207 1763 si
1220 1712 1283 1777 quis
1300 1712 1439 1779 vituperat
1458 1715 1585 1781 nuptias,

368 1807 440 1858 bens
452 1803 610 1871 coniunxit,
625 1804 709 1856 bomo
727 1814 784 1855 non
802 1807 919 1867 separet.
931 1800 959 1848 »¹
992 1803 1019 1850 et
1033 1796 1216 1851 dormientem
1236 1810 1300 1851 cnm
1320 1798 1379 1852 viro
1401 1812 1455 1853 sno
1479 1801 1584 1853 tidelem

372 1908 384 1939 c
404 1890 518 1955 Propter
534 1887 744 1942 fornicationem
762 1892 853 1939 eutem
875 1900 960 1941 nuns-
991 1895 1025 1935 ac
1039 1882 1197 1948 religiosam
1209 1882 1380 1949 detestetur,
1394 1892 1442 1939 not
1462 1888 1586 1953 culpabi-

368 1976 485 2041 quisque
504 1987 582 2027 suom
600 1985 712 2025 uxorem
732 1972 843 2035 babeat,
857 1977 959 2024 etune·
990 1967 1045 2020 iem
1064 1967 1356 2034 retinentemque
1372 1970 1585 2038 inregnnmbei

368 2072 485 2126 quaeqne
503 2072 583 2111 snum
601 2057 690 2111 virum
702 2056 810 2108 babeat.
823 2056 903 2109 Uxori
916 2056 960 2109 vir
992 2052 1105 2106 introire
1125 2065 1181 2106 non
1205 2053 1312 2118 possit,
1342 2056 1489 2107 anathema
1509 2056 1583 2109 sit.»

368 2144 491 2198 debitum
521 2142 617 2198 reddat
635 2157 641 2192 ε
661 2141 787 2194 similiter
816 2147 907 2194 antem
931 2146 960 2193 et
994 2139 1048 2191 «Si
1066 2137 1129 2204 quis
1146 2138 1190 2191 vei
1211 2136 1412 2204 virginitatem,
1431 2140 1474 2193 vel
1494 2141 1587 2193 conti-

369 2229 517 2281 urorviro.
555 2265 561 2279 .
599 2265 605 2278 .
643 2265 649 2278 .
684 2226 772 2277 Nolite
784 2224 909 2277 treudere
921 2224 960 2277 in·
993 2222 1114 2276 nentium
1136 2222 1293 2288 protessus,
1315 2227 1457 2288 tamquam
1477 2223 1586 2277 abomi-

367 2312 455 2365 ricem
465 2349 473 2374 ,
485 2310 539 2363 nisi
556 2311 625 2363 torte
641 2324 673 2362 ex
691 2322 829 2363 consensu
846 2310 881 2361 ad
894 2315 963 2363 tem·
992 2308 1099 2362 nabiles
1115 2308 1359 2375 nuptiasjndicnt,
1373 2316 1588 2377 etnonpropter

367 2408 436 2463 pus,
448 2401 478 2448 ut
490 2395 592 2449 vacetis
613 2394 730 2448 orationi
745 2410 752 2446 ε
766 2395 904 2449 etiterum
916 2410 960 2450 re·
992 2394 1046 2447 boc
1060 2393 1167 2457 solum,
1180 2394 1256 2459 qnod
1268 2393 1448 2447 continentiae
1466 2401 1495 2447 ct
1506 2396 1587 2462 virgi·

368 2480 504 2535 vertimini
532 2480 559 2533 in
581 2479 701 2545 idipsum
705 2519 852 2533 ......
881 2481 959 2545 Quod
992 2478 1201 2533 nitetisbouum
1218 2477 1269 2541 sit,
1289 2483 1474 2544 sanctumque
1489 2492 1586 2545 propo·

368 2566 392 2621 si
401 2579 457 2620 non
470 2580 500 2621 se
513 2566 671 2631 continent,
682 2566 795 2620 nubent.
807 2567 903 2620 lielius
916 2572 960 2621 est
992 2564 1093 2624 sitnm;
1106 2564 1251 2616 anatliema
1270 2562 1314 2615 sit.
1327 2583 1340 2610 ι
1356 2563 1405 2616 «si
1417 2577 1474 2629 qua
1488 2566 1586 2618 mulier

368 2655 443 2707 ellim
455 2653 575 2716 nubere,
586 2665 669 2719 quam
681 2652 733 2705 uri.
747 2652 782 2705 lis
792 2658 900 2717 autem,
912 2652 960 2719 qui
992 2649 1080 2702 virum
1091 2647 1234 2715 proprium
1252 2646 1430 2713 relinquens,
1441 2648 1584 2703 discedere

368 2738 543 2793 matrimonio
557 2735 644 2805 iuncti
658 2742 738 2801 sunt,
755 2737 885 2804 precipio
902 2746 967 2792 non·
992 2734 1126 2800 voluerit,
1145 2736 1430 2802 nuptiasexsecrans3
1441 2736 1587 2790 anathema

368 2836 436 2892 ego,
449 2825 497 2876 sed
514 2826 663 2887 bominus,
676 2837 788 2877 uxorem
801 2837 817 2876 n
831 2824 889 2878 viro
904 2831 968 2878 non
993 2821 1054 2876 sit.»
1063 2821 1283 2876 itioietsnuml.
1295 2832 1369 2875 anno
1381 2823 1441 2874 ido.
1452 2838 1477 2873 :c
1487 2823 1516 2875 Si
1525 2823 1586 2889 quis

267 2975 274 2987 x
368 2907 520 2961 discedere.
537 2945 544 2960 .
561 2946 568 2958 .
586 2946 592 2958 .
609 2908 634 2959 Si
646 2891 962 2974 uulemaeceperisuxo
993 2906 1109 2973 dixerit,
1122 2908 1166 2962 vei
1180 2907 1346 2973 crediderit,
1357 2909 1487 2976 conjugia
1499 2909 1584 2963 homi·

367 3005 438 3055 rem,
450 2999 506 3045 non
519 2991 646 3057 peccasti.
659 2995 691 3045 nt
701 2991 724 3044 si
737 2992 859 3057 nupserit
868 2993 960 3060 virgo,
993 3002 1079 3058 num,
1103 3006 1165 3060 quae
1182 2995 1335 3048 secundum
1353 2995 1445 3061 legem
1464 2995 1584 3050 divinum

368 3091 425 3134 non
441 3077 574 3144 peccavit.
597 3117 602 3130 .
624 3117 630 3130 .
651 3115 658 3129 .
678 3078 705 3129 Si
724 3078 786 3144 quis
802 3082 892 3131 eutem
906 3083 961 3130 tur·
993 3076 1067 3132 licito
1086 3080 1414 3144 habentur,execrabilia
1426 3086 1506 3144 esse}
1520 3095 1585 3134 eno·

369 3178 432 3231 pern
450 3177 481 3217 se
501 3162 587 3217 videri
607 3162 744 3215 existimet
762 3163 960 3232 supervirgine
994 3165 1084 3216 tlreme
1098 3163 1142 3217 sit.
1154 3185 1167 3211 »
1181 3163 1201 3198 ’ί
1215 3167 1381 3218 bracarense
1391 3165 1411 3216 l.
1422 3180 1498 3220 anno
1509 3169 1581 3220 bot:

369 3249 511 3316 sne‚quod
523 3248 755 3315 sitsuperodnltu,
766 3248 839 3301 etita
852 3252 961 3314 oportet
995 3268 1008 3295 ι
1022 3249 1049 3302 Si
1060 3251 1124 3316 quis
1136 3249 1263 3318 conjugia
1281 3250 1402 3302 bumana
1413 3250 1543 3315 damnat,
1557 3256 1582 3303 et

369 3335 428 3390 deri
442 3350 449 3387 :
465 3335 607 3402 quodvult
622 3333 714 3396 iaciat,
734 3347 789 3386 non
801 3339 920 3400 peccat,
936 3333 960 3386 si
994 3332 1212 3399 procreationem
1240 3335 1412 3388 nascentium
1439 3337 1585 3402 perhorre-

369 3420 465 3473 nubet.
479 3459 485 3471 .
500 3458 506 3470 .
519 3419 706 3486 .igituretqui
717 3418 961 3486 matrimonioiun-
993 3420 1063 3484 soit,
1080 3418 1336 3474 sicutibanichaens
1356 3426 1383 3473 et
1401 3420 1586 3474 Priscillianus

370 3505 408 3572 git
420 3505 553 3572 virginem
569 3517 663 3567 snam,
685 3504 756 3557 bene
775 3503 855 3556 tacit:
870 3505 958 3571 etqui
993 3505 1138 3566 dixerunt3
1164 3505 1309 3558 anathema
1332 3505 1377 3557 sit.
1396 3523 1412 3553 >s
1434 3505 1457 3539 ¹¹
1474 3510 1581 3559 Petrum

369 3601 426 3642 non
432 3588 532 3654 jungit,
541 3588 637 3639 melius
648 3589 720 3641 lecit.
731 3588 774 3634 »⁴«
786 3588 903 3653 spiritns
914 3602 960 3641 au-
993 3589 1149 3644 testimonia
1167 3589 1269 3643 reterre
1287 3594 1526 3655 supervacaneum
1542 3591 1583 3645 vi·

370 3677 426 3725 tem
439 3670 582 3722 manifeste
594 3669 677 3732 dicit,
690 3671 753 3737 qnia
762 3671 790 3722 in
801 3673 960 3726 novissimis
994 3674 1083 3728 delur.

369 3754 540 3820 temporibus
555 3752 698 3807 discedent
719 3755 831 3821 quidam
853 3770 868 3809 e
886 3757 957 3822 tide,
1120 3757 1285 3825 objectiones
1301 3762 1457 3814 solvuntur.

370 3838 544 3895 attendentes
564 3837 705 3905 spiritibus
729 3840 847 3905 enoris,
861 3845 889 3896 et
908 3843 961 3896 do·
1026 3844 1052 3895 5.
1073 3841 1132 3910 obj.
1157 3847 1181 3896 l.
1203 3844 1349 3911 lpostolus
1368 3845 1428 3898 ait:
1449 3849 1580 3899 «Bonum

370 3927 465 3984 ctrinis
484 3926 700 3992 daemoniorum,
714 3927 741 3980 in
760 3929 897 3996 hypocrisi
917 3929 960 3983 lo·
994 3933 1037 3982 est
1049 3929 1154 3981 bomini
1166 3930 1310 3983 mulierem
1328 3943 1385 3984 non
1398 3937 1522 3999 tangere.
1536 3951 1548 3976 ι
1561 3928 1586 3962 '⁸

370 4012 513 4081 quentium
533 4011 726 4077 mendacium,
744 4015 961 4068 etcauterietam
995 4015 1082 4076 Quum
1108 4023 1201 4068 entem
1228 4015 1392 4082 conjugibus
1426 4016 1581 4082 permittere

370 4098 530 4152 habentium
544 4109 622 4150 suam
637 4097 833 4151 conscientiam
845 4137 853 4162 ,
867 4100 963 4165 prohi-
994 4097 1120 4151 videntur
1146 4099 1236 4153 carnis
1264 4100 1480 4164 commercium,
1504 4098 1541 4152 id'
1553 4111 1582 4151 se

370 4174 753 4237 bcnlium'nubere.»⁸«volo
764 4191 829 4250 ergo
837 4184 962 4251 juniores
994 4184 1138 4250 protitelnr
1155 4185 1244 4240 tacere
1259 4187 1431 4240 «secundum
1442 4187 1584 4252 indulgen·

371 4267 485 4332 nubere,
493 4267 564 4321 tilios
572 4279 727 4334 procreare,
737 4272 837 4321 matres
848 4267 962 4322 familias
995 4267 1076 4331 tiam3
1090 4289 1102 4316 tt
1114 4269 1137 4303 ¹⁴
1157 4270 1261 4324 scilicet
1278 4283 1341 4324 cnm
1358 4275 1457 4326 nosset
1474 4285 1524 4325 eos
1536 4270 1587 4323 da·

397 4546 423 4598 (r)
432 4545 485 4588 Gen.
499 4547 521 4588 ii.
536 4554 566 4588 re.
579 4555 611 4590 nn.
1021 4550 1050 4600 (t)
1065 4550 1202 4594 uendite.

397 4617 422 4666 it)
432 4615 514 4656 ibidem
523 4616 538 4656 i.
547 4621 578 4656 ιτ.
588 4616 615 4666 ιδ)
624 4615 682 4655 Uolt.
691 4614 732 4654 xit.
739 4621 760 4656 o.
1020 4607 1120 4667 (bi'leen.
1128 4619 1152 4661 ii.
1161 4620 1202 4672 (tbi
1212 4621 1265 4661 Cen.
1272 4620 1287 4660 i.
1296 4619 1323 4660 in
1332 4619 1374 4660 xiv.

398 4683 426 4732 it)
436 4681 444 4721 l
454 4682 503 4723 Cor.
512 4681 548 4723 vii.
557 4686 577 4723 1.
592 4683 637 4734 titii
648 4682 702 4722 Tim,
713 4682 742 4723 ir.
754 4688 773 4721 t.
1022 4688 1121 4741 illicen-
1129 4702 1172 4732 xor.
1180 4691 1221 4742 (tn)
1230 4690 1318 4732 cunni.

397 4749 424 4802 (t)
435 4749 515 4790 ibidem
525 4763 546 4793 r.
556 4757 585 4792 tt.
596 4755 622 4804 (t)
634 4750 688 4791 ibid.
695 4751 718 4791 ii.
728 4757 760 4791 lt.
1021 4756 1061 4810 tls)
1071 4757 1089 4798 Ι.
1098 4758 1148 4800 Cor.
1156 4758 1195 4800 vii
1204 4765 1223 4799 t.
1233 4759 1273 4811 (lt)
1284 4758 1366 4800 ibidem
1374 4769 1396 4800 v.
1406 4764 1426 4800 t.
