3792 5550
607 565 677 622 exa.
698 570 720 656 ¹:
741 569 782 624 uu
800 571 1004 626 sauaxuuurr
1023 568 1192 623 inerrare.
1449 563 1507 636 aaa

300 682 368 734 ⁴50.
387 682 446 749 diri.
467 685 492 736 6.
507 685 683 738 neocororum
698 689 879 752 mutuatorie
913 689 996 751 ditio,
1022 701 1106 754 riuum
1125 698 1206 739 nemo
1231 690 1274 738 est
1297 683 1343 749 qui
1363 695 1418 736 non
1447 694 1508 746 peu·

295 780 347 831 qna
374 769 494 822 lacobus
522 771 669 836 loquitur,
704 772 880 840 intelligenda
913 780 966 828 cet.

295 857 335 904 est
364 853 399 907 de
432 854 592 907 morborum
628 869 711 908 eausa
745 857 879 910 sublata:
946 859 1078 924 aaliesp.
1105 857 1144 909 Nil
1171 855 1255 922 exigit
1277 858 1309 907 ut
1331 854 1366 906 de
1387 851 1507 918 peccatis

296 937 416 991 «morbo
425 945 530 1003 curato,
542 939 623 993 etiam
636 948 778 1007 pareatum
791 943 881 1008 ipsum
914 945 1074 998 morborum
1096 941 1191 996 causis
1210 953 1243 992 ea
1259 940 1343 992 rerba
1357 938 1510 1004 intelligan-

294 1023 478 1077 coudouatum
494 1038 556 1078 esse
581 1026 756 1080 dicebatur.»
778 1029 816 1081 lta
833 1031 883 1082 no·
918 1037 974 1093 tur,
995 1032 1089 1096 quum'
1107 1028 1141 1080 de
1164 1025 1284 1092 peccatis
1305 1025 1434 1091 gravibus
1446 1023 1507 1088 qui·

295 1107 470 1161 senmtiller.¹
698 1105 701 1109 ’
915 1116 1085 1180 bustumque
1097 1112 1177 1166 obvio
1196 1124 1279 1164 sensu
1299 1107 1427 1175 explicari
1449 1121 1500 1161 va-

327 1195 369 1246 5l.
387 1195 521 1260 hospitii
535 1197 617 1260 sinit,
632 1202 662 1250 ut
677 1198 713 1251 ab
724 1199 805 1252 obvia
820 1213 883 1252 ror·
916 1203 990 1255 leant
1003 1216 1010 1252 :
1023 1205 1086 1252 sunt
1104 1203 1196 1252 antem
1221 1196 1268 1262 qui
1289 1195 1390 1248 nullius
1401 1193 1507 1260 peccati

296 1277 392 1331 borum
411 1281 599 1347 acceptatione
619 1283 792 1345 discedatur;
805 1285 883 1336 sede
915 1285 1023 1339 lethalis
1036 1285 1124 1338 lahem
1137 1268 1343 1336 contraxerunt.

296 1370 408 1428 contra,
427 1380 513 1431 quum
529 1367 565 1419 de
588 1367 688 1421 animae
706 1369 793 1421 salute
814 1381 884 1434 prae·
948 1374 991 1424 bt.
1004 1371 1064 1436 (iij.
1083 1373 1108 1422 8.
1128 1372 1206 1422 Juxta
1219 1369 1289 1420 hanc
1302 1364 1509 1431 explicationem

296 1449 374 1515 cipue
386 1450 423 1504 sit
443 1464 549 1515 sermo,
561 1459 673 1518 peccata
692 1465 756 1506 vere
768 1453 883 1506 remissa
916 1462 1028 1524 peccata
1042 1456 1152 1508 lethalia
1172 1453 1300 1507 unctione
1317 1452 1510 1504 remittuntur:
1581 1498 1588 1512 ,

298 1537 436 1590 credenda
449 1543 522 1590 sunt.
537 1541 600 1592 llaec
615 1540 650 1593 do
664 1540 824 1593 morborum
836 1553 885 1593 cu·
917 1539 1513 1610 apudcatholicosveropraedioaturvivornm

296 1625 401 1679 ratione
426 1624 571 1690 explicatio
597 1621 654 1680 uon
680 1632 773 1692 potest
801 1626 884 1680 smtni
917 1629 1208 1695 sacramentum‚qnod
1219 1629 1295 1681 nefas
1307 1634 1350 1680 est
1361 1625 1512 1691 suscipere,

295 1714 435 1774 tamquam
447 1723 562 1775 norma,
576 1712 611 1764 ad
630 1725 713 1778 quam
726 1717 784 1766 tota
795 1713 884 1766 oratio
918 1714 1085 1769 couscientia
1114 1719 1227 1780 peccato
1239 1713 1313 1780 gravi
1332 1713 1444 1764 irretita.

296 1796 416 1859 hpostoli
431 1796 580 1860 referatur,
598 1811 687 1864 quum
698 1805 808 1852 constet
821 1812 885 1852 enm
951 1804 993 1854 55.
1016 1802 1094 1865 liesp.
1114 1797 1249 1851 Remissio
1270 1803 1444 1863 peccatorum
1458 1797 1511 1848 im·

296 1879 367 1933 haud
378 1881 415 1934 de
429 1882 554 1947 corporis
575 1882 680 1938 morbis
692 1882 885 1949 solicitiorem,
918 1891 1042 1952 patratur
1050 1888 1174 1939 Extrema
1197 1883 1330 1936 tinctione
1341 1921 1349 1946 ‚
1362 1881 1511 1936 venialium

296 1965 330 2017 de
354 1966 489 2020 subsidiis
516 1967 614 2020 salutis
635 1968 664 2020 in
686 1973 744 2022 tota
770 1968 886 2034 epistola
919 1971 1030 2038 quidem
1045 1983 1078 2022 ex
1095 1969 1150 2022 dne
1162 1970 1221 2034 ejus
1233 1967 1382 2033 primario,
1402 1967 1472 2020 sicut
1485 1973 1514 2018 et

297 2063 385 2116 agere.
399 2052 525 2125 Proiecto
538 2065 595 2106 nou
607 2053 752 2121 distinguit
770 2054 886 2106 infirmi·
919 2059 1096 2124 reliquiarum
1131 2060 1306 2122 peecatorum
1347 2053 1508 2114 lethalium,

295 2141 378 2207 tatem
404 2150 439 2191 ex
467 2143 580 2204 peccato
603 2140 827 2204 provenientem,
851 2142 886 2194 ab
918 2143 1083 2211 quaeseilice
1116 2157 1148 2196 ex
1170 2141 1289 2208 peccatis
1306 2141 1362 2206 jam
1386 2137 1511 2192 remissis

295 2220 443 2288 ,ortamno
459 2223 565 2289 absque
576 2230 689 2290 peceato
701 2226 885 2286 contrabium
919 2237 1062 2286 remanent
1085 2228 1269 2284 incommoda.
1286 2229 1347 2294 ipsa
1371 2224 1512 2278 rothanum

298 2307 344 2358 ⁸⁰⁶
370 2308 484 2362 cumbet
505 2311 623 2376 &fallier
646 2299 792 2378 aessffllalllff
819 2313 886 2365 illud
919 2323 1095 2385 peccatorum
1117 2316 1197 2370 venia
1211 2313 1381 2380 impetrantis
1402 2317 1445 2364 ost
1467 2312 1514 2361 sa·

298 2394 449 2455 prescribit
461 2395 630 2461 remedium,
644 2409 700 2462 quo
712 2403 887 2463 pcccatorum
919 2410 1059 2458 eramento
1078 2400 1256 2463 poenitentia,
1266 2398 1439 2452 oorrlessiono
1452 2407 1514 2472 per·

297 2479 374 2533 venia
386 2485 416 2533 et
430 2480 530 2534 aalma
544 2483 619 2535 sulus
631 2490 815 2549 comparetur.
835 2487 888 2538 ltn-
920 2495 998 2552 aeta,
1030 2488 1069 2540 uti
1096 2486 1217 2540 insinuat
1237 2483 1372 2542 iacobum
1397 2479 1513 2532 dicens:
1532 2514 1534 2517 .

296 2567 463 2619 Seflfflsllleffl
480 2565 625 2632 obiicimus
636 2567 812 2631 leibnitium,
826 2568 887 2633 qni,
924 2595 937 2621 r
961 2571 1132 2627 confitemini
1155 2571 1316 2622 alterutrum
1336 2569 1460 2632 peccata
1471 2577 1514 2617 rc-

295 2652 345 2702 eur
365 2650 536 2704 existimaret
552 2651 656 2704 donum
670 2651 841 2705 curationum
853 2653 888 2705 ab
921 2665 978 2714 sua
1001 2673 1009 2720 ;
1029 2671 1120 2710 »nam
1136 2655 1238 2722 optime
1256 2651 1416 2718 intelligitur
1440 2649 1514 2714 loqur

294 2737 428 2801 apostolo
443 2735 575 2800 indicari,
587 2737 661 2804 quod
672 2735 889 2805 aliqnando‘un·
923 2746 959 2801 rte
979 2743 1152 2799 confessione
1164 2737 1349 2809 presbyteris,
1367 2734 1515 2801 dequibus

295 2820 383 2875 ctioni
411 2822 630 2888 adnecteretur,
660 2827 769 2879 eeusuit
798 2834 889 2879 tamen
921 2846 985 2886 mox
996 2828 1202 2899 agebar,f3012,
1216 2826 1340 2879 profem
1352 2821 1514 2877 popenmpp.

294 2908 394 2962 animm
411 2908 536 2963 ”mimia
554 2924 664 2979 semler
676 2912 808 2977 conferri,
820 2919 848 2966 et
860 2912 889 2965 in
922 2920 964 2973 ler
977 2918 1036 2985 ipse
1048 2916 1082 2969 de
1094 2920 1207 2982 peccato
1226 2922 1343 2965 censens
1356 2919 1512 2961 sermonem

295 2995 417 3048 Ecclesia
440 3008 503 3049 esse
527 3005 660 3065 perpetua
687 3014 694 3051 :
721 3020 735 3046 r
759 3002 889 3067 superest
922 3018 1002 3068 esso,
1021 3002 1096 3071 quod
1118 3012 1201 3055 causa
1221 2997 1318 3051 fuisset
1335 2993 1438 3055 morbi,
1452 2992 1516 3044 late·

197 3124 200 3129 .
295 3078 377 3145 igitur
402 3082 501 3135 saltem
524 3084 664 3151 hodieque
690 3086 810 3140 elllcacia
841 3087 888 3141 illa
920 3096 967 3145 tur
992 3088 1194 3143 contessionem
1228 3083 1379 3137 faciendam
1408 3078 1512 3145 iniungi

296 3167 420 3222 sanitatis
428 3174 571 3235 perpetua,
586 3176 614 3223 et
625 3184 766 3237 nunquam
779 3172 888 3236 fallens,
922 3175 1111 3243 presbyteris,
1122 3186 1193 3239 quos
1208 3172 1326 3237 iusserat
1337 3168 1352 3217 J
1355 3165 1458 3219 acubus
1471 3176 1513 3214 ar·

296 3264 356 3316 uuae
363 3254 397 3306 ad
408 3254 529 3307 animum
539 3256 629 3321 ipsam
641 3256 714 3310 hene
725 3256 889 3323 dispositam
922 3258 993 3315 eessi
1012 3274 1047 3310 r«
1072 3262 1148 3310 huno
1162 3254 1322 3323 (infirmum)
1344 3264 1380 3303 ¹10
1395 3248 1512 3315 pudeat,

297 3338 430 3403 pertinet,
448 3344 531 3407 atque
550 3353 567 3393 a
584 3340 688 3395 lacobo
700 3342 830 3407 xpnstolo
843 3342 891 3395 ad·
923 3348 1065 3413 peccatum
1087 3344 1141 3395 hoe
1161 3341 1189 3393 in
1208 3341 1357 3403 conspeetu
1371 3333 1513 3401 prosbyte-

296 3419 382 3487 ditur,
396 3425 509 3491 quando
528 3426 609 3494 hujus
625 3426 794 3479 sacramenti
807 3440 888 3480 usum
922 3442 1016 3484 rorum
1032 3428 1143 3482 lateri.»
1167 3465 1172 3477 .
1195 3464 1200 3475 .
1222 3464 1228 3476 .
1249 3425 1371 3484 «Recte,
1390 3424 1420 3471 1¹1
1445 3417 1511 3469 mihi

298 3505 443 3571 describit,
458 3515 486 3564 et
498 3510 526 3563 in
539 3517 715 3577 peoratorum
727 3513 890 3567 remissione
923 3518 1034 3587 quidem
1046 3518 1165 3577 videtur,
1176 3527 1207 3567 ea
1219 3552 1226 3577 ,
1240 3524 1302 3579 qnae
1311 3512 1364 3563 hoo
1375 3510 1512 3562 commate

299 3594 407 3649 ansidei
424 3596 588 3663 vinetisque
608 3598 780 3652 munimento
804 3600 892 3654 collo-
923 3605 1067 3668 dicuntur,
1090 3604 1234 3657 trahuntur
1261 3600 1296 3653 ab
1320 3592 1513 3661 interpretibus

300 3687 393 3745 catur,
413 3696 468 3747 quo
484 3687 626 3751 nunquam
645 3684 731 3751 magis
745 3698 817 3751 opus
829 3694 889 3750 ost,
923 3691 960 3744 ad
982 3694 1132 3759 aprorum,
1156 3693 1183 3741 et
1197 3686 1230 3740 ad
1244 3683 1426 3753 peripteros,
1445 3691 1513 3745 qno-

300 3779 380 3828 quam
396 3768 425 3819 in
436 3769 498 3822 vitae
510 3770 632 3837 periculo
645 3776 728 3837 atquo
740 3772 891 3826 terroribus
925 3790 984 3830 rum
1005 3775 1107 3829 mentio
1120 3788 1160 3827 vs.
1177 3775 1207 3825 ll
1220 3773 1288 3827 lacta
1303 3776 1352 3841 est.
1367 3768 1400 3817 „a
1414 3766 1514 3818 Catho-

301 3852 395 3905 mortis
410 3853 444 3904 ad
461 3853 541 3920 ignea
553 3856 606 3909 tela
625 3842 746 3921 satanae,
764 3864 821 3910 tum
832 3872 888 3911 ma·
926 3864 985 3915 licae
1009 3860 1143 3914 doctrine
1169 3858 1317 3930 admodum
1336 3851 1462 3919 congruit
1475 3856 1513 3901 to-

300 3933 814 4009 ¹¹i¹¹¹eissfflll<²11²il¹2rebellandi-¹³³v
924 3948 980 3999 tius
1011 3950 1100 3997 textus
1120 3944 1204 3996 series
1224 3958 1230 3993 :
1250 3954 1312 3993 nam
1340 3936 1512 3991 confessione

332 4020 375 4072 ⁵2·
384 4018 444 4085 ⁰05·
456 4023 480 4071 ⁷·
494 4022 614 4074 lacobus
623 4022 707 4075 aicit:
717 4025 758 4074 κᾶν
771 4027 889 4093 arreptae
922 4029 1098 4083 remittuntur
1113 4030 1225 4093 peecata
1246 4024 1371 4083 lethalia,
1384 4020 1513 4073 unctione

300 4108 469 4167 anexeo-tte,
492 4109 632 4171 aetatum
655 4115 721 4171 aare.
749 4128 761 4157 r
790 4110 817 4162 Si
844 4124 891 4175 pa·
923 4125 988 4168 vero
1005 4112 1179 4174 venialia,ot
1200 4113 1372 4176 peccatorum
1388 4104 1511 4170 reliquiae

302 4192 411 4245 traxerit
422 4199 545 4260 peccata,
558 4192 730 4246 remittentur
742 4193 777 4246 ei.
792 4195 845 4247 »ld
856 4196 891 4249 de
925 4198 1126 4263 absterguntur,
1146 4201 1188 4258 et,
1210 4194 1233 4247 si
1255 4194 1345 4247 forsan
1370 4190 1512 4245 conscien-

302 4280 421 4340 peccatis
446 4280 628 4340 immanibus,
647 4293 709 4347 qnae
730 4281 889 4335 morborum
923 4282 1056 4346 tiaerari
1080 4282 1187 4335 macula
1206 4278 1346 4345 inquinata
1365 4276 1416 4339 sit,
1429 4288 1511 4339 qnam

302 4361 474 4419 habebantur
484 4380 592 4430 causae,
606 4367 814 4433 intelligendum
826 4376 888 4431 est;
923 4368 1047 4423 conliteri
1062 4380 1118 4420 non
1137 4367 1208 4419 valet
1228 4362 1425 4425 moribundus,
1446 4359 1512 4413 alio-

304 4464 366 4503 nam
388 4454 422 4509 de
442 4458 560 4521 peccatis
578 4458 797 4523 quibuscumque
815 4457 838 4510 si
851 4458 890 4511 lo·
925 4454 991 4521 quin
1010 4453 1102 4506 animo
1125 4452 1273 4517 poenitens,
1288 4450 1336 4504 sed
1351 4448 1459 4515 loquela
1471 4460 1514 4499 ca·

304 4544 447 4607 queretur,
459 4541 533 4594 nulla
548 4542 816 4609 luissetappouenda
828 4556 892 4600 oon·
926 4557 1008 4603 rens,
1022 4542 1066 4595 rel
1085 4528 1187 4611 peccati
1207 4542 1259 4598 sihi
1284 4552 1339 4594 non
1367 4536 1512 4613 conscius,

331 4738 358 4791 (l,
370 4742 394 4782 ln
407 4745 485 4787 locum.
495 4746 521 4800 {ti
535 4748 592 4801 Spst.
601 4750 674 4790 Theoi.
686 4763 708 4803 p.
719 4756 762 4792 tat.
954 4752 981 4805 [5)
992 4738 1104 4792 inlocum.
