3792 5550
379 528 427 580 lto
717 525 833 578 rouel.
852 525 918 578 xlll.
937 528 965 578 P.
982 526 993 578 l
1017 527 1060 579 1777
1074 526 1294 580 soculltlsrta.

592 639 754 705 propositio.
1006 643 1073 708 lpse
1080 645 1135 696 liex
1154 641 1249 702 adeam
1261 645 1289 694 et
1306 645 1337 693 tn
1358 645 1433 696 astas
1453 641 1597 695 oscitans?

409 726 533 781 tlllristus
550 725 578 780 in
597 727 774 780 Eucharistiae
795 729 972 782 sacramento
1005 726 1089 794 igitur
1098 727 1182 780 adore
1192 731 1221 780 ot
1233 726 1416 780 communica.
1429 725 1466 774 »⁷

378 813 461 868 etiam
479 819 555 867 entra
572 813 709 866 actionem
723 814 972 876 sacramentalem,
1037 813 1097 866 7877.
1116 811 1254 866 moetus
1263 812 1288 862 3.
1300 825 1336 865 oa
1348 812 1431 865 totius
1443 810 1516 864 orbis
1528 810 1599 864 obri-

379 900 455 954 cultu
473 897 570 960 latriae,
588 904 644 951 tum
658 898 767 952 intorno
780 903 973 960 tumeuteruo,
1003 899 1090 952 ctiori
1115 899 1311 952 consortuoiro
1337 898 1533 952 uetustissimo.
1562 899 1600 950 be

324 1015 327 1019 -
381 984 539 1039 allorantlus
556 989 607 1037 est.
1005 984 1162 1038 (trecorum
1182 983 1307 1036 moribus
1319 989 1346 1037 et
1358 983 1484 1038 doctrina
1494 982 1600 1035 illustre

409 1069 470 1121 577.
489 1065 629 1122 Probatur
653 1069 675 1120 7.
696 1080 733 1121 eoo
754 1068 914 1134 scriptoris.
929 1067 974 1120 Li·
1004 1069 1322 1136 prebuittestimonium
1337 1069 1492 1123 concilium
1508 1068 1599 1121 lliero

378 1158 443 1218 quet
456 1151 765 1207 adorationemolrristc
776 1154 972 1219 prestantem,
1006 1154 1199 1221 solymitanum
1220 1167 1294 1208 anno
1316 1155 1399 1207 78787
1417 1172 1435 1202 α
1455 1153 1598 1206 credimus

377 1244 405 1291 et
422 1238 550 1292 humanat
568 1239 628 1302 ejus
640 1243 746 1292 naturae
765 1243 860 1304 utpote
880 1238 974 1292 divina
1005 1252 1137 1305 supremo
1158 1240 1305 1294 solendum
1326 1241 1446 1302 bonore,
1467 1238 1598 1304 cultuque

376 1323 557 1378 subsistentia
571 1324 712 1390 praeditae:
726 1324 762 1378 tle
779 1324 887 1378 Christo
898 1323 973 1376 enlm
1005 1326 1093 1379 latriae
1112 1327 1185 1380 idem
1201 1326 1311 1380 bomini
1325 1339 1428 1393 corpus
1446 1331 1474 1379 et
1487 1326 1597 1392 saugm-

375 1409 402 1461 77
416 1408 512 1463 orbem
526 1412 637 1462 terraea
656 1411 735 1462 Patre
753 1409 910 1463 introducto
932 1409 973 1461 di·
1006 1424 1070 1464 nem
1086 1425 1149 1465 esse
1162 1411 1343 1465 adorandum.
1362 1411 1468 1477 Quippe
1486 1409 1599 1463 sanctis·

379 1495 470 1549 citur:
486 1497 545 1548 «llt
562 1495 677 1548 adorent
689 1507 751 1548 eum
772 1507 869 1548 omnes
881 1495 974 1559 tereti
1006 1496 1084 1550 simae
1107 1496 1265 1560 Trinitatis,
1290 1501 1318 1550 et
1345 1495 1469 1562 corporis
1486 1495 1597 1562 sangui·

374 1581 432 1636 bei.
446 1581 480 1628 »¹
496 1601 509 1628 ι
524 1583 555 1634 ln
575 1581 689 1636 nomine
712 1584 778 1635 lesu
798 1594 881 1635 omne
898 1594 972 1648 genu
1005 1583 1104 1650 nisque
1125 1582 1233 1637 bomini
1252 1595 1308 1636 una
1325 1585 1370 1635 est
1385 1581 1519 1634 adoratio.
1534 1583 1596 1634 cre-

375 1667 515 1720 lectatur.
529 1665 565 1716 »¹
1004 1669 1097 1721 dimus
1118 1673 1181 1722 ante
1192 1681 1289 1732 usum,
1303 1667 1429 1720 statima
1452 1678 1597 1720 consecra·
1705 1742 1706 1749 ἵ

409 1755 468 1808 olii.
482 1751 620 1806 Probatur
630 1753 656 1804 8.
669 1765 705 1807 es
718 1752 858 1808 Patribus.
874 1755 902 1806 S.
922 1754 973 1820 Cy·
1004 1752 1098 1816 tione,
1110 1765 1142 1806 ac
1155 1759 1218 1819 post
1229 1765 1310 1805 usum
1328 1752 1356 1804 id
1375 1752 1451 1818 quod
1469 1753 1557 1805 sacris
1569 1751 1596 1805 in

374 1838 453 1893 rillus
477 1838 741 1904 Hierosolymitanus
764 1837 855 1892 dicit:
877 1840 972 1890 olum
1005 1837 1349 1906 pyxidibuscommunioni
1367 1838 1596 1893 moribundorum

377 1937 442 1979 sero
452 1926 748 1990 postcommunionem
758 1925 972 1991 corporisclrri·
1005 1931 1177 1989 asservatur,
1200 1937 1303 1990 corpus
1324 1937 1386 1978 esse
1413 1925 1522 1978 bomini
1550 1939 1596 1979 ve·

377 2009 431 2074 sti,
451 2009 553 2064 777777
572 2015 600 2063 et
610 2009 645 2062 ad
662 2009 805 2076 sanguinis
819 2010 972 2075 poculum,
1005 2023 1076 2063 rum.
1090 2030 1103 2056 ι
1118 2012 1156 2064 lle
1166 2010 1262 2064 llussis
1279 2016 1395 2064 testatur
1409 2010 1533 2064 Olennius
1546 2012 1597 2062 Ln-

377 2109 433 2150 non
456 2095 607 2150 extendens
631 2107 751 2156 manus,
769 2094 819 2148 seo
847 2105 972 2160 pronus,
1005 2096 1137 2150 lberanos
1150 2108 1200 2150 eos
1212 2095 1411 2149 eucharistiam
1424 2097 1549 2150 adorare.
1560 2097 1598 2148 llo

376 2187 403 2234 et
422 2179 592 2234 adorationis
610 2191 643 2232 ac
663 2177 849 2233 venerationis
869 2177 897 2230 in
911 2191 971 2232 mo·
1003 2181 1146 2245 armenis,
1174 2181 1268 2248 syris,
1296 2186 1324 2235 ot
1351 2182 1435 2235 sectis
1467 2182 1598 2236 omnibus

377 2267 444 2320 oum
456 2266 570 2328 clleens,
580 2268 676 2316 Amen.
689 2263 722 2310 »⁸
1004 2266 1188 2334 orientalibus
1200 2268 1231 2320 io
1241 2267 1355 2321 omnino
1371 2271 1495 2330 constat,
1504 2278 1598 2333 quam-

409 2352 469 2404 liltt.
489 2351 515 2402 s.
529 2348 708 2403 ambrosius:
724 2367 735 2394 o
749 2351 799 2401 Per
819 2348 969 2402 scabellum
1005 2353 1048 2408 ris
1060 2353 1466 2419 nooiidemslntritusubique,
1476 2353 1596 2418 supremi

378 2442 451 2490 terra
475 2433 654 2500 intelligitur,
680 2451 692 2480 s
718 2435 836 2499 explicat
865 2433 971 2487 scilicet
1006 2438 1096 2492 cultus
1113 2437 1224 2494 indicia.
1237 2439 1291 2505 lpsi
1307 2438 1447 2504 anglicani
1463 2451 1536 2504 genu
1550 2437 1596 2492 lle·

375 2520 442 2574 illud
453 2519 551 2572 Psallis
564 2533 571 2570 ἔ
585 2519 701 2574 Ademit
713 2515 861 2572 scabellum
870 2519 971 2584 vedum
1002 2524 1094 2578 coeudi
1106 2524 1189 2578 ritum
1207 2524 1274 2576 dum
1291 2524 1409 2576 sumitur
1426 2521 1595 2576 Eucharistia

278 2621 282 2628 “
380 2607 752 2674 ojoo;sperterramautem
770 2616 834 2658 ⁰³¹⁰
854 2603 970 2668 Christi,
1003 2609 1191 2674 retinuerunt,
1211 2608 1338 2675 quamvis
1362 2608 1476 2663 novitiis
1493 2607 1596 2673 opinio·

376 2705 459 2760 quam
478 2690 561 2746 hodie
582 2702 692 2760 quoquo
710 2689 737 2742 in
754 2689 891 2757 mysteriis
903 2689 971 2744 ado·
1003 2693 1086 2749 nibus
1108 2695 1294 2761 obsequentes
1317 2707 1381 2748 eum
1404 2694 1595 2748 adorationem

376 2792 479 2833 ramus.
495 2778 528 2825 »⁴
1002 2780 1076 2834 baud
1087 2779 1209 2833 indicare
1224 2781 1342 2835 doceant
1359 2779 1503 2842 nonnulli,
1520 2782 1596 2847 juxta

407 2868 467 2919 sol.
488 2866 516 2916 s.
535 2862 681 2929 Gregorius
710 2864 914 2925 Nazianzenus,
941 2864 969 2917 io
1002 2866 1165 2928 lluoricam3
1185 2866 1246 2920 aliis
1262 2874 1358 2921 eontra
1371 2866 1561 2921 sentientibus.

375 2949 501 3005 oratione
518 2947 553 3001 de
570 2947 649 3002 obitu
666 2948 770 3001 sororis
791 2961 849 3001 sum
867 2950 971 3015 Gorgo·
1213 2951 1389 3020 abjectiones.

376 3036 447 3097 niae,
462 3039 554 3088 narrat
568 3052 585 3082 e
598 3034 673 3085 illam
684 3033 719 3085 ad
733 3034 819 3087 altare
837 3047 900 3087 cum
913 3034 971 3089 title
1034 3037 1095 3088 887.
1109 3034 1168 3103 077.
1184 3038 1208 3087 7.
1227 3036 1350 3108 Apostoli
1363 3049 1420 3091 oon
1439 3036 1595 3103 procubue-

376 3119 576 3189 procubuisse,
595 3118 740 3185 ipsumque
761 3118 807 3183 qni
829 3132 913 3184 super
935 3132 970 3174 eo
1002 3119 1205 3183 runt,cbristo
1224 3123 1267 3174 eis
1286 3120 1485 3175 eucharistiam
1509 3121 1597 3187 porri-

377 3209 528 3261 ltonoratur
548 3218 610 3259 cum
632 3204 736 3275 ingenti
751 3203 872 3259 clamore
895 3204 971 3259 iuro
1003 3211 1095 3273 gente.

376 3305 465 3347 casse.
481 3291 517 3339 »⁸
1035 3292 1095 3344 788.
1114 3292 1195 3357 boso.
1214 3293 1273 3347 tlon
1289 3304 1417 3367 semper,
1432 3304 1485 3345 noo
1496 3291 1594 3346 eatlem

409 3382 469 3432 378.
490 3384 516 3435 s.
541 3377 727 3447 Augustinus:
743 3397 755 3424 s
769 3376 835 3443 Quia
859 3379 888 3431 in
910 3378 970 3445 ipsa
1002 3377 1121 3442 ratione,
1131 3377 1299 3431 adorationis
1310 3375 1411 3429 indicia
1419 3381 1595 3441 praestantem

376 3478 459 3519 carne
474 3465 519 3517 llic
531 3464 697 3527 ambulavit,
708 3468 736 3516 et
753 3463 841 3528 ipsam
858 3476 970 3516 carnem
1003 3462 1136 3516 necenim
1146 3462 1275 3529 leguntur
1285 3460 1509 3527 apostolicorum
1521 3460 1596 3514 enri-

376 3549 460 3603 nobis
468 3548 688 3601 manducandam
702 3547 736 3599 acl
750 3548 867 3599 salutem
877 3548 968 3601 dedit:
1003 3553 1047 3600 sto
1060 3547 1242 3613 procumbere
1262 3545 1455 3606 consuevisse,
1471 3544 1596 3611 quamvis

376 3634 460 3686 nemo
477 3637 568 3683 autem
586 3644 697 3685 carnem
710 3631 784 3683 illam
804 3631 971 3695 manducat,
1003 3643 1066 3683 eum
1087 3629 1233 3683 bominum
1253 3642 1287 3683 ao
1306 3631 1391 3682 boum
1410 3642 1492 3681 suum
1510 3639 1595 3695 agno·

290 3719 294 3727 '
377 3716 431 3770 nisi
457 3715 534 3781 prius
555 3715 725 3777 adoraverit,
753 3715 894 3768 inventum
927 3723 971 3770 est
1002 3714 1100 3769 verint.

377 3799 519 3868 quomodo
539 3799 667 3853 adoretur
684 3801 739 3852 tale
755 3799 905 3852 scabellum
924 3814 971 3866 pe-
1035 3804 1094 3854 3⁸5.
1110 3802 1170 3867 Obj.
1189 3802 1215 3854 8.
1234 3802 1367 3867 Pleraque
1384 3798 1476 3852 cultus
1494 3797 1593 3850 indicia

377 3890 442 3943 oum
453 3887 581 3951 bomini,
594 3892 621 3941 et
633 3899 689 3941 non
708 3886 798 3940 solum
810 3899 866 3939 non
878 3900 971 3953 pecco
1004 3899 1066 3952 quae
1075 3886 1253 3941 Eucharistiae
1262 3884 1509 3951 impraesentiarum
1521 3883 1593 3936 eunt·

378 3989 442 4029 mus
464 3973 624 4038 adorando,
648 3972 698 4027 sed
720 3973 803 4027 etiam
825 3986 972 4039 peccemus
1003 3971 1117 4038 bentnr,
1129 3971 1245 4026 uetustis
1257 3970 1427 4038 temporibus
1436 3970 1529 4037 ignota
1539 3969 1594 4022 fue

378 4074 434 4117 nou
448 4058 641 4114 anemonen·
1003 4062 1084 4121 runt,
1107 4070 1135 4110 r.
1149 4069 1175 4123 g.
1199 4056 1404 4110 benedictionis
1427 4055 1515 4118 ritus,
1531 4068 1594 4121 pro

411 4138 972 4212 579.S.loannesclrrysostomus:«con-
1004 4142 1173 4206 cessiones,
1204 4142 1262 4208 ipsa
1290 4142 1387 4195 hostiae
1413 4142 1531 4196 elevatio
1565 4142 1594 4193 io

379 4234 479 4297 sidera,
491 4244 603 4299 quaeso;
617 4242 712 4283 mensa
725 4229 824 4296 regalis
836 4236 878 4284 est
886 4244 970 4297 appo
1003 4227 1084 4280 lissa
1098 4242 1105 4278 ι
1119 4240 1236 4293 quorum
1247 4228 1378 4293 pleraque
1388 4227 1462 4295 apud
1471 4228 1597 4280 Orienta-

380 4319 456 4373 sita:
480 4318 574 4385 angeli
601 4327 705 4369 mensae
735 4314 968 4369 administrantes.
1004 4314 1045 4366 les
1059 4313 1148 4367 adbuc
1158 4325 1215 4367 non
1227 4313 1361 4367 obtinent.

546 4412 563 4445 0

403 4603 435 4656 (77
445 4603 531 4645 llebsii.
540 4610 560 4644 tt.
571 4603 598 4656 [7)
609 4604 664 4645 i‘ltil.
674 4602 697 4645 77.
706 4607 726 4645 7.
1027 4602 1054 4652 (tl
1065 4601 1117 4641 0rut
1132 4600 1159 4641 de
1167 4599 1236 4641 obitu.

405 4672 430 4725 lb)
442 4673 553 4715 catechesi
568 4686 588 4714 r.
1030 4671 1059 4722 (t)
1073 4671 1141 4711 Enerr
1157 4670 1180 4710 in
1189 4670 1225 4710 Pu.
1238 4669 1309 4711 xcviii.

407 4744 435 4797 (tl
450 4742 474 4783 L.
487 4742 519 4783 iii.
529 4742 555 4784 de
565 4742 622 4797 Spir.
632 4742 655 4785 S.
664 4753 684 4783 o.
692 4740 729 4782 ι77.
1029 4741 1056 4792 ll)
1067 4741 1129 4782 llam.
1138 4742 1170 4783 iii.
1180 4744 1202 4783 in
1215 4754 1249 4796 ep.
1258 4744 1293 4784 ed.
1305 4743 1359 4797 spu,
