3792 5550
700 569 771 622 cab.
790 571 823 621 ll.
842 572 885 624 bu
906 572 1116 627 sacuhuovlo.
1466 576 1516 627 all

297 685 394 736 testate
415 682 574 737 remittendi
603 689 714 750 peccata
744 690 888 753 ageretur,
1050 690 1217 757 objectiones
1235 695 1389 746 solvuntur.

297 768 445 820 ostendunt
457 770 642 822 sacerdotium
663 783 726 823 esse
742 771 851 825 visibile
862 778 890 826 ct
955 777 998 828 lb.
1016 775 1076 842 obj.
1090 779 1115 828 l.
1139 782 1281 843 Nunquam
1300 778 1412 830 innovo
1426 778 1518 828 Testa·

297 858 442 906 externum
453 892 462 917 ,
472 862 588 921 utraque
598 859 734 921 potestate
746 857 888 910 donatum.
922 866 1017 914 mento
1031 863 1203 916 sacerdotum
1215 863 1427 917 christianorum
1438 874 1515 913 men·

297 941 400 994 Caetera
433 944 525 995 omnia
552 945 698 997 vetustatis
733 945 890 999 christianae
923 939 1227 1001 tiofit:seuloresonim
1238 949 1515 1017 -eprcmpr'-non

297 1036 476 1082 monumenta
497 1030 525 1081 id
535 1031 616 1095 plane
625 1030 783 1084 conficiunt.
801 1034 890 1084 Unum
923 1032 1082 1084 sacerdotes
1092 1059 1122 1071 -
1135 1053 1233 1101 arpe—
1246 1031 1363 1085 ministri
1377 1029 1515 1096 Evangelii

298 1113 340 1164 vel
361 1114 479 1166 alterum
497 1115 583 1167 Patris
605 1117 711 1179 locum,
731 1117 890 1182 speciminis
923 1123 1066 1168 vocantur.
1261 1177 1267 1186 ,

300 1197 402 1262 instar,
426 1201 581 1254 referimus.
956 1203 998 1253 tl.
1017 1203 1096 1268 neap.
1120 1203 1204 1257 Obvia
1217 1209 1275 1256 erat
1286 1203 1355 1256 ratio
1365 1217 1414 1256 cur
1426 1214 1515 1254 sacer-

327 1287 370 1338 39.
383 1288 520 1340 Eusebius
537 1302 600 1341 cum
620 1289 706 1342 veteri
734 1289 889 1342 sacerdotio
922 1286 1003 1340 dotes
1021 1288 1163 1340 christiani
1182 1291 1294 1342 nomine
1319 1289 1367 1340 illo
1387 1287 1459 1340 haud
1472 1287 1517 1338 de·

297 1369 478 1424 christianum
498 1373 619 1438 confert,
642 1375 678 1427 de
698 1375 889 1429 sacerdotibus
922 1374 1108 1438 signarentur,
1127 1387 1183 1439 quo
1195 1373 1403 1440 appellabantur
1412 1372 1518 1424 ludaeo-

297 1454 451 1509 christianis
475 1457 570 1510 dicens
590 1474 597 1509 z
620 1479 633 1504 a
653 1459 693 1511 hd
714 1461 796 1526 louge
818 1473 889 1526 praa-
921 1471 1000 1520 rum,
1020 1458 1065 1510 vel
1083 1460 1260 1512 Ethuioorum
1279 1457 1458 1517 sacerdotes3
1482 1468 1517 1508 eo

298 1540 413 1592 stantius
432 1542 596 1596 sacrificium
620 1550 648 1596 et
667 1558 769 1597 munus
782 1558 889 1598 assum·
923 1545 997 1594 enim
1025 1543 1229 1610 intelligebatur
1246 1544 1292 1596 ille
1309 1543 1355 1608 qui
1380 1540 1516 1594 mactabat

297 1623 353 1688 pti,
367 1639 452 1691 quam
478 1626 546 1680 illud
565 1629 708 1694 antiquum
719 1631 812 1694 luerit,
832 1643 889 1683 non
922 1627 1081 1679 auimantia.
1103 1630 1189 1691 Quum
1208 1629 1290 1694 igitur
1311 1627 1409 1680 Christi
1423 1627 1515 1680 oblato

297 1712 415 1776 amplius
433 1712 475 1764 ias
492 1726 554 1765 esse
584 1719 728 1778 putamus,
752 1715 781 1766 in
802 1715 889 1780 prima
924 1712 952 1763 iu
965 1725 1048 1765 cruce
1060 1713 1213 1776 sacrificio,
1232 1717 1289 1780 jam
1311 1718 1423 1767 cruenta
1441 1712 1516 1763 nulla

297 1795 341 1847 illa
352 1801 380 1848 et
393 1796 503 1849 infirma
513 1798 650 1850 clementa
664 1798 798 1863 recidere,
811 1800 889 1866 signa
923 1795 1063 1850 offerenda
1082 1798 1152 1851 foret
1164 1798 1288 1861 victima,
1303 1798 1404 1863 placuit
1421 1803 1517 1866 eptadi-

298 1881 422 1945 quaedam
440 1887 470 1934 et
489 1883 637 1949 imagines,
652 1896 708 1936 uon
726 1883 813 1949 ipsam
822 1885 892 1938 veri·
922 1903 992 1952 ripas
1007 1895 1106 1936 vocare
1116 1884 1271 1948 Apostolos,
1284 1895 1436 1947 omnesque
1446 1882 1516 1934 sacri

298 1972 379 2020 tatem
398 1968 579 2022 coutinentia.
596 1967 631 2016 »¹
922 1969 1070 2022 ministerii
1090 1975 1252 2030 consorteS,
1281 1979 1349 2020 voce
1383 1967 1516 2028 seniores,

326 2053 369 2104 to.
387 2056 417 2104 S.
431 2052 618 2106 Gaudentius:
632 2073 644 2099 α
657 2053 788 2107 Dominus
810 2053 891 2108 disei-
923 2067 1039 2107 munere
1057 2056 1151 2120 magis.
1160 2067 1241 2120 quam
1255 2058 1335 2106 aetate
1346 2050 1514 2114 ,indicante

298 2137 369 2202 pulis
390 2139 520 2204 fidelibus
542 2140 672 2203 mandat,
698 2153 769 2206 quos
786 2141 890 2206 primos
923 2143 1057 2193 Caeterum
1071 2139 1246 2193 distinctione
1258 2139 1344 2191 semel
1361 2140 1517 2200 statuta‚et

300 2224 431 2277 Ecclesiae
444 2238 502 2277 suae
513 2225 656 2279 constituit
667 2226 839 2289 sacerdotes,
860 2230 891 2277 ut
922 2223 1023 2277 diffusa
1044 2224 1177 2291 religione
1197 2224 1358 2286 christiana,
1374 2244 1436 2291 epe
1454 2236 1515 2284 pas·

303 2308 550 2363 indesinenterista
566 2311 628 2364 vitae
641 2316 752 2363 aeternae
761 2311 890 2377 mysteria
924 2311 976 2363 sirn
1013 2311 1183 2364 vocabantur
1211 2309 1368 2362 sacerdotes
1398 2308 1513 2368 Christi,
1548 2351 1555 2362 .

302 2402 475 2459 exercerent,
494 2409 556 2461 quae
567 2409 682 2449 necesse
702 2401 745 2449 est
756 2409 772 2448 a
783 2396 890 2448 cunctis
922 2409 1007 2462 quum
1017 2397 1073 2462 jan
1086 2407 1142 2448 non
1155 2395 1224 2448 foret
1234 2395 1396 2460 periculum,
1409 2406 1444 2446 ne
1453 2407 1515 2447 cum

298 2481 488 2534 sacerdotibus
507 2494 556 2545 per
573 2481 696 2546 singulas
717 2481 801 2534 totius
813 2480 890 2534 orbis
923 2481 1040 2533 ethnicis
1053 2481 1096 2532 vel
1111 2479 1229 2546 judaieis
1244 2478 1433 2531 sacerdotibus
1454 2491 1516 2531 con·

298 2565 435 2618 Ecclesias
448 2565 637 2617 celebrarint
922 2565 1120 2617 funderentur:
1133 2565 1248 2629 ipsaque
1258 2577 1309 2616 vox
1323 2571 1467 2632 aptansapt-
1482 2576 1515 2616 ex

329 2654 375 2704 tt.
395 2654 424 2701 S.
448 2651 595 2716 Gregorius
612 2650 890 2717 Nysseuusscribit:
924 2662 977 2700 usu
995 2648 1127 2713 loquendi
1149 2648 1321 2701 sacerdotem
1335 2648 1514 2714 designabat,

220 2799 222 2802 ¹
301 2736 431 2789 *Eadem
442 2735 519 2789 verbi
531 2735 656 2801 (Christi)
666 2735 707 2789 vis
719 2736 890 2790 sacerdotem
924 2733 994 2787 adeo
1008 2740 1038 2787 ut
1055 2734 1201 2800 plerasque
1223 2733 1256 2786 ad
1279 2734 1386 2801 linguas
1399 2737 1515 2801 Europae

299 2823 693 2889 augustumachonoraudum
710 2822 790 2888 lacit,
813 2823 893 2877 novi·
924 2820 1049 2873 traducta
1078 2833 1138 2873 eam
1165 2820 1234 2873 ierat
1265 2821 1514 2887 significationem

299 2908 892 2976 tatebeuedictiouisacommuuitatevulgi
924 2906 1053 2958 omuibus
1081 2905 1186 2958 scilicet
1223 2906 1364 2959 christiani
1395 2908 1516 2961 nominis

300 2999 486 3062 segregatum.
507 2997 595 3058 Quum
609 2995 682 3049 enim
701 2996 759 3049 heri
777 3000 892 3049 actem·
923 2992 1127 3059 professoribus
1145 2994 1255 3047 inhaesit
1275 2994 1400 3048 sacrificii
1422 2998 1449 3047 et
1472 3008 1516 3047 sa·

300 3090 367 3143 pore
385 3081 519 3147 superiori
531 3096 602 3133 unus
626 3095 642 3134 e
670 3082 846 3135 multitudiue
859 3094 892 3135 ac
923 3081 1039 3134 cerdotii
1055 3081 1142 3133 notio.

301 3164 382 3228 plebe
404 3171 494 3229 esset,
512 3173 625 3231 repente
648 3166 772 3218 redditur
791 3179 892 3232 praece
956 3166 1000 3216 45.
1023 3164 1082 3229 obj.
1102 3165 1127 3215 2.
1149 3165 1337 3219 Sacerdotium
1359 3168 1466 3219 nullum
1488 3166 1516 3218 iu

301 3254 373 3314 ptor,
384 3265 509 3317 praeses,
529 3252 626 3304 doctor
647 3250 772 3316 pictatis,
789 3256 892 3317 myste-
924 3262 994 3303 nova
1005 3252 1065 3316 lege
1078 3255 1120 3303 est
1139 3257 1238 3315 preter
1250 3252 1317 3304 illud
1329 3264 1384 3317 quo
1397 3252 1517 3318 iungitur

302 3333 405 3387 riorum
427 3336 569 3389 latentium
584 3336 706 3401 praesul:
723 3348 893 3401 eaquecou-
924 3338 1049 3391 Christus
1072 3338 1144 3407 apud
1174 3341 1299 3402 Patrem,
1328 3341 1462 3393 Sacerdos
1489 3341 1516 3392 in

303 3418 410 3487 tingunt
430 3422 474 3485 ei,
494 3435 556 3474 cum
575 3422 643 3473 nihil
654 3422 697 3474 vel
715 3433 831 3486 corpore
848 3421 892 3474 vel
924 3428 1058 3475 aeternum
1074 3438 1080 3473 :
1095 3423 1168 3488 quod
1192 3428 1283 3477 autem
1308 3425 1459 3479 adstruitur
1470 3428 1518 3479 ho·

301 3504 388 3559 forma
402 3512 541 3571 mutatus,
560 3507 609 3559 sed
624 3507 698 3572 quod
719 3507 753 3559 ad
771 3507 892 3572 speciem
925 3506 1030 3559 minum
1059 3520 1124 3559 suas
1145 3507 1218 3561 vices
1247 3511 1420 3575 gerentium,
1442 3511 1518 3564 latis-

303 3597 442 3646 externam
452 3593 622 3657 attinet,ille
642 3592 677 3645 sit
690 3593 737 3658 qui
756 3593 893 3654 erat,in-
926 3595 997 3647 simo
1016 3596 1135 3660 quodam
1168 3608 1251 3648 sensu
1280 3598 1316 3650 ita
1347 3599 1515 3663 appellatur,

303 3675 405 3731 odibili
417 3680 536 3744 quodem
554 3680 625 3731 ciac
635 3679 743 3745 gratio,
766 3678 893 3733 invisiti-
926 3692 1009 3746 quum
1023 3680 1138 3747 mystica
1160 3681 1196 3735 sit
1214 3682 1335 3747 oblatio,
1349 3683 1416 3749 ipsis
1428 3684 1518 3737 laten-

303 3762 354 3814 tem
374 3766 499 3817 om'mum
510 3765 541 3816 in
558 3765 656 3817 meiius
668 3763 892 3830 transtormotom
925 3767 999 3821 tibus
1013 3769 1168 3824 Catholicis.
1187 3772 1225 3823 llo
1238 3771 1350 3837 quidem
1363 3784 1447 3825 sensu
1458 3785 1517 3825 om·

303 3859 404 3911 gerens.
419 3872 431 3896 a
442 3878 476 3887 -
488 3852 621 3920 elstram}
638 3852 746 3914 scripu,
761 3854 801 3903 sal
813 3854 893 3921 κάμω
926 3867 976 3907 nes
993 3855 1138 3908 Christiani
1150 3859 1309 3911 sacerdotes
1331 3859 1384 3911 dici
1397 3864 1516 3923 queunt,

303 3936 337 3982 tir
360 3936 449 4004 &iperii
478 3938 552 4001 taxii
578 3939 766 4004 μιτιμορφοθῦε
788 3938 843 4005 πρὶν
869 3938 893 3988 τὶ
924 3940 1000 4003 juxta
1020 3939 1086 3991 illud
1102 3941 1192 3992 Pell'l:
1216 3961 1227 3989 tt
1245 3943 1433 3995 Sacerdotium
1453 3956 1517 3996 san-

304 4020 418 4071 tissimi
927 4027 1021 4085 ctum,
1051 4022 1149 4077 ollcrre
1171 4024 1326 4089 spirituales
1349 4026 1518 4089 hostias,ac-

335 4108 378 4159 ⁴2,
387 4109 414 4160 S.
428 4107 640 4173 chrysostomus
649 4107 716 4162 dicit
727 4123 751 4159 :a
761 4107 895 4161 Sacerdo-
928 4106 1078 4171 ceptabiles
1089 4110 1144 4160 beo
1153 4122 1203 4173 per
1219 4110 1311 4161 lesum
1322 4110 1459 4163 Christum
1472 4125 1479 4173 ;
1490 4112 1519 4157 ,u

304 4189 371 4243 tium
382 4192 474 4258 ipsum
485 4192 512 4243 in
525 4198 596 4245 terra
609 4193 721 4258 quidem
736 4193 890 4261 peragitur;
922 4192 1014 4259 regale
1042 4194 1237 4248 sacerdotium.
1253 4214 1265 4239 a
1280 4194 1291 4226 ⁸
1327 4194 1395 4247 llino
1420 4196 1512 4249 Sancti

304 4275 393 4328 sedin
410 4279 665 4331 rerumcoelestium
683 4280 800 4333 classem
818 4279 891 4333 ordi·
925 4280 1011 4346 gloria
1043 4283 1147 4336 coelesti
1180 4284 1331 4351 gaudentes
1362 4284 1457 4337 dicunt
1482 4284 1517 4337 de

303 4371 420 4427 nemque
436 4363 609 4417 referendum
619 4369 675 4419 est:
694 4370 778 4430 atque
789 4364 817 4417 id
830 4378 888 4431 per·
926 4367 1052 4422 Christo:
1066 4370 1162 4423 «Fecit
1180 4382 1232 4423 nos
1247 4383 1363 4437 regnum
1375 4374 1402 4423 et
1424 4383 1515 4425 sacer-

304 4456 384 4507 ouam
394 4449 501 4502 merito.
514 4449 551 4498 ι*
924 4452 1007 4507 dotes
1022 4457 1077 4508 beo
1095 4461 1123 4509 et
1135 4456 1206 4509 Patri
1224 4468 1284 4508 suo.
1299 4455 1335 4505 »⁷

331 4706 358 4759 (t)
369 4711 427 4755 Dem.
437 4715 474 4755 Er.
489 4716 503 4756 l.
513 4714 528 4755 i.
536 4727 568 4756 cx.
578 4716 605 4769 (t)
615 4718 686 4761 Tract.
694 4719 718 4761 ii.
726 4719 839 4763 doilxodo.
951 4724 978 4775 lt)
994 4724 1019 4765 L.
1040 4725 1072 4766 iii.
1089 4726 1116 4767 de
1130 4726 1217 4768 Sacerd.

332 4778 357 4833 o)
375 4782 433 4824 ont.
450 4783 473 4825 ra
493 4787 553 4839 sape
570 4787 659 4832 caeru.
952 4794 1164 4867 (struentem
1175 4796 1257 4837 rituam
1270 4790 1458 4847 ampapoeiu.
