<?xml version="1.0" encoding="UTF-8"?>
<!DOCTYPE html PUBLIC "-//W3C//DTD XHTML 1.0 Transitional//EN"
    "http://www.w3.org/TR/xhtml1/DTD/xhtml1-transitional.dtd">
<html xmlns="http://www.w3.org/1999/xhtml" xml:lang="en" lang="en">
 <head>
  <title>
</title>
<meta http-equiv="Content-Type" content="text/html;charset=utf-8" />
  <meta name='ocr-system' content='tesseract 3.04.00' />
  <meta name='ocr-capabilities' content='ocr_page ocr_carea ocr_par ocr_line ocrx_word'/>
</head>
<body>
  <div class='ocr_page' id='page_1' title='image "./theologiadogmat02kenrgoog_0406.png"; bbox 0 0 3792 5550; ppageno 0'>
   <div class='ocr_carea' id='block_1_1' title="bbox 355 522 1219 588">
    <p class='ocr_par' dir='ltr' id='par_1_1' title="bbox 355 522 1219 588">
     <span class='ocr_line' id='line_1_1' title="bbox 355 522 1219 588; baseline -0.015 0"><span class='ocrx_word' id='word_1_1' title='bbox 355 535 405 588; x_wconf 72' lang='lat'>592</span> <span class='ocrx_word' id='word_1_2' title='bbox 709 529 822 579; x_wconf 79' lang='lat' dir='ltr'>luter.</span> <span class='ocrx_word' id='word_1_3' title='bbox 841 529 927 579; x_wconf 82' lang='lat' dir='ltr'>livill.</span> <span class='ocrx_word' id='word_1_4' title='bbox 946 525 989 577; x_wconf 80' lang='lat' dir='ltr'>bii</span> <span class='ocrx_word' id='word_1_5' title='bbox 1006 522 1219 575; x_wconf 73' lang='lat' dir='ltr'>uldalricum.</span> 
     </span>
    </p>
   </div>
   <div class='ocr_carea' id='block_1_2' title="bbox 279 636 1581 1481">
    <p class='ocr_par' dir='ltr' id='par_1_2' title="bbox 279 636 1581 1481">
     <span class='ocr_line' id='line_1_2' title="bbox 357 636 1576 718; baseline -0.013 -13"><span class='ocrx_word' id='word_1_6' title='bbox 357 650 462 718; x_wconf 85' lang='lat' dir='ltr'>signis,</span> <span class='ocrx_word' id='word_1_7' title='bbox 477 651 511 701; x_wconf 88' lang='lat' dir='ltr'>ll.</span> <span class='ocrx_word' id='word_1_8' title='bbox 534 646 665 701; x_wconf 79' lang='lat' dir='ltr'>Antonius</span> <span class='ocrx_word' id='word_1_9' title='bbox 682 645 717 697; x_wconf 91' lang='lat' dir='ltr'>de</span> <span class='ocrx_word' id='word_1_10' title='bbox 736 644 856 697; x_wconf 81' lang='lat' dir='ltr'>Dominis</span> <span class='ocrx_word' id='word_1_11' title='bbox 866 680 879 711; x_wconf 30' lang='lat'>,⁸</span> <span class='ocrx_word' id='word_1_12' title='bbox 896 646 945 695; x_wconf 82' lang='lat' dir='ltr'>Ec·</span> <span class='ocrx_word' id='word_1_13' title='bbox 981 638 1159 691; x_wconf 76' lang='lat' dir='ltr'>declarantur</span> <span class='ocrx_word' id='word_1_14' title='bbox 1172 638 1261 689; x_wconf 91' lang='lat' dir='ltr'>:adeo</span> <span class='ocrx_word' id='word_1_15' title='bbox 1273 641 1304 689; x_wconf 91' lang='lat' dir='ltr'>ut</span> <span class='ocrx_word' id='word_1_16' title='bbox 1315 636 1445 689; x_wconf 88' lang='lat' dir='ltr'>omnibus</span> <span class='ocrx_word' id='word_1_17' title='bbox 1458 636 1576 702; x_wconf 87' lang='lat' dir='ltr'>privile·</span> 
     </span>
     <span class='ocr_line' id='line_1_3' title="bbox 358 723 1577 801; baseline -0.012 -11"><span class='ocrx_word' id='word_1_18' title='bbox 358 739 449 791; x_wconf 83' lang='lat' dir='ltr'>clesiae</span> <span class='ocrx_word' id='word_1_19' title='bbox 463 740 624 801; x_wconf 88' lang='lat' dir='ltr'>potestatem</span> <span class='ocrx_word' id='word_1_20' title='bbox 636 734 686 785; x_wconf 92' lang='lat' dir='ltr'>bac</span> <span class='ocrx_word' id='word_1_21' title='bbox 705 732 733 783; x_wconf 91' lang='lat' dir='ltr'>iu</span> <span class='ocrx_word' id='word_1_22' title='bbox 746 744 776 783; x_wconf 91' lang='lat' dir='ltr'>re</span> <span class='ocrx_word' id='word_1_23' title='bbox 796 729 877 782; x_wconf 90' lang='lat' dir='ltr'>etiam</span> <span class='ocrx_word' id='word_1_24' title='bbox 897 729 947 779; x_wconf 89' lang='lat' dir='ltr'>im·</span> <span class='ocrx_word' id='word_1_25' title='bbox 980 724 1032 790; x_wconf 83' lang='lat' dir='ltr'>giis</span> <span class='ocrx_word' id='word_1_26' title='bbox 1042 723 1336 777; x_wconf 83' lang='lat' dir='ltr'>sacraecommunionis</span> <span class='ocrx_word' id='word_1_27' title='bbox 1347 723 1449 788; x_wconf 80' lang='lat' dir='ltr'>privari</span> <span class='ocrx_word' id='word_1_28' title='bbox 1459 730 1577 789; x_wconf 83' lang='lat' dir='ltr'>queant,</span> 
     </span>
     <span class='ocr_line' id='line_1_4' title="bbox 359 808 1581 889; baseline -0.012 -14"><span class='ocrx_word' id='word_1_29' title='bbox 359 821 496 889; x_wconf 80' lang='lat' dir='ltr'>pugnavit.</span> <span class='ocrx_word' id='word_1_30' title='bbox 520 820 655 884; x_wconf 90' lang='lat' dir='ltr'>Launojus</span> <span class='ocrx_word' id='word_1_31' title='bbox 681 815 849 881; x_wconf 87' lang='lat' dir='ltr'>principibus</span> <span class='ocrx_word' id='word_1_32' title='bbox 869 814 947 865; x_wconf 89' lang='lat' dir='ltr'>blan·</span> <span class='ocrx_word' id='word_1_33' title='bbox 981 811 1174 864; x_wconf 86' lang='lat' dir='ltr'>ecclesiasticis</span> <span class='ocrx_word' id='word_1_34' title='bbox 1191 810 1316 863; x_wconf 79' lang='lat' dir='ltr'>censuris</span> <span class='ocrx_word' id='word_1_35' title='bbox 1329 808 1458 871; x_wconf 82' lang='lat' dir='ltr'>inuictis,</span> <span class='ocrx_word' id='word_1_36' title='bbox 1477 810 1527 875; x_wconf 81' lang='lat' dir='ltr'>qui</span> <span class='ocrx_word' id='word_1_37' title='bbox 1539 812 1581 862; x_wconf 90' lang='lat' dir='ltr'>ci-</span> 
     </span>
     <span class='ocr_line' id='line_1_5' title="bbox 360 896 1581 969; baseline -0.01 -10"><span class='ocrx_word' id='word_1_38' title='bbox 360 907 458 969; x_wconf 90' lang='lat' dir='ltr'>dicns,</span> <span class='ocrx_word' id='word_1_39' title='bbox 478 910 504 957; x_wconf 90' lang='lat' dir='ltr'>ct</span> <span class='ocrx_word' id='word_1_40' title='bbox 522 905 612 969; x_wconf 91' lang='lat' dir='ltr'>plures</span> <span class='ocrx_word' id='word_1_41' title='bbox 637 902 681 953; x_wconf 92' lang='lat' dir='ltr'>alii</span> <span class='ocrx_word' id='word_1_42' title='bbox 700 901 862 968; x_wconf 84' lang='lat' dir='ltr'>janseniana</span> <span class='ocrx_word' id='word_1_43' title='bbox 888 899 947 965; x_wconf 84' lang='lat' dir='ltr'>pice</span> <span class='ocrx_word' id='word_1_44' title='bbox 980 896 1042 949; x_wconf 76' lang='lat' dir='ltr'>tilis</span> <span class='ocrx_word' id='word_1_45' title='bbox 1060 896 1210 949; x_wconf 76' lang='lat' dir='ltr'>sanctionis</span> <span class='ocrx_word' id='word_1_46' title='bbox 1234 900 1367 961; x_wconf 81' lang='lat' dir='ltr'>praeteutn</span> <span class='ocrx_word' id='word_1_47' title='bbox 1387 896 1528 961; x_wconf 81' lang='lat' dir='ltr'>conjuges</span> <span class='ocrx_word' id='word_1_48' title='bbox 1551 910 1581 947; x_wconf 91' lang='lat' dir='ltr'>se</span> 
     </span>
     <span class='ocr_line' id='line_1_6' title="bbox 360 980 1580 1053; baseline -0.01 -10"><span class='ocrx_word' id='word_1_49' title='bbox 360 992 439 1053; x_wconf 90' lang='lat' dir='ltr'>tacti,</span> <span class='ocrx_word' id='word_1_50' title='bbox 459 990 529 1042; x_wconf 92' lang='lat' dir='ltr'>inter</span> <span class='ocrx_word' id='word_1_51' title='bbox 547 1000 616 1053; x_wconf 80' lang='lat' dir='ltr'>quos</span> <span class='ocrx_word' id='word_1_52' title='bbox 634 994 661 1039; x_wconf 89' lang='lat' dir='ltr'>et</span> <span class='ocrx_word' id='word_1_53' title='bbox 683 986 782 1053; x_wconf 88' lang='lat' dir='ltr'>synodi</span> <span class='ocrx_word' id='word_1_54' title='bbox 800 985 947 1038; x_wconf 85' lang='lat' dir='ltr'>Pistorieu-</span> <span class='ocrx_word' id='word_1_55' title='bbox 981 989 1091 1048; x_wconf 84' lang='lat' dir='ltr'>gerunt,</span> <span class='ocrx_word' id='word_1_56' title='bbox 1102 982 1181 1036; x_wconf 90' lang='lat' dir='ltr'>obice</span> <span class='ocrx_word' id='word_1_57' title='bbox 1192 981 1379 1034; x_wconf 86' lang='lat' dir='ltr'>ecclesiastico</span> <span class='ocrx_word' id='word_1_58' title='bbox 1395 980 1473 1031; x_wconf 91' lang='lat' dir='ltr'>baud</span> <span class='ocrx_word' id='word_1_59' title='bbox 1485 980 1580 1032; x_wconf 90' lang='lat' dir='ltr'>subla·</span> 
     </span>
     <span class='ocr_line' id='line_1_7' title="bbox 361 1065 1579 1137; baseline -0.011 -6"><span class='ocrx_word' id='word_1_60' title='bbox 361 1079 398 1131; x_wconf 88' lang='lat' dir='ltr'>sis</span> <span class='ocrx_word' id='word_1_61' title='bbox 410 1082 513 1135; x_wconf 84' lang='lat' dir='ltr'>auctor.</span> <span class='ocrx_word' id='word_1_62' title='bbox 529 1074 656 1127; x_wconf 82' lang='lat' dir='ltr'>Ecclesiae</span> <span class='ocrx_word' id='word_1_63' title='bbox 682 1073 947 1137; x_wconf 88' lang='lat' dir='ltr'>abstuleruntquam</span> <span class='ocrx_word' id='word_1_64' title='bbox 981 1072 1035 1121; x_wconf 86' lang='lat' dir='ltr'>to:</span> <span class='ocrx_word' id='word_1_65' title='bbox 1057 1066 1068 1099; x_wconf 82' lang='lat'>⁸</span> <span class='ocrx_word' id='word_1_66' title='bbox 1090 1073 1117 1119; x_wconf 92' lang='lat' dir='ltr'>et</span> <span class='ocrx_word' id='word_1_67' title='bbox 1136 1072 1262 1119; x_wconf 88' lang='lat' dir='ltr'>econtra</span> <span class='ocrx_word' id='word_1_68' title='bbox 1288 1078 1351 1130; x_wconf 81' lang='lat' dir='ltr'>quae</span> <span class='ocrx_word' id='word_1_69' title='bbox 1374 1065 1468 1117; x_wconf 78' lang='lat' dir='ltr'>forsan</span> <span class='ocrx_word' id='word_1_70' title='bbox 1501 1067 1579 1118; x_wconf 90' lang='lat' dir='ltr'>baud</span> 
     </span>
     <span class='ocr_line' id='line_1_8' title="bbox 362 1151 1580 1228; baseline -0.011 -12"><span class='ocrx_word' id='word_1_71' title='bbox 362 1164 433 1217; x_wconf 88' lang='lat' dir='ltr'>civili</span> <span class='ocrx_word' id='word_1_72' title='bbox 444 1161 571 1228; x_wconf 80' lang='lat' dir='ltr'>potestati</span> <span class='ocrx_word' id='word_1_73' title='bbox 584 1160 736 1215; x_wconf 88' lang='lat' dir='ltr'>tribuerunt</span> <span class='ocrx_word' id='word_1_74' title='bbox 747 1158 946 1212; x_wconf 89' lang='lat' dir='ltr'>auctoritatem.</span> <span class='ocrx_word' id='word_1_75' title='bbox 982 1158 1113 1219; x_wconf 83' lang='lat' dir='ltr'>agnoscat</span> <span class='ocrx_word' id='word_1_76' title='bbox 1124 1151 1212 1205; x_wconf 82' lang='lat' dir='ltr'>civilis</span> <span class='ocrx_word' id='word_1_77' title='bbox 1230 1156 1352 1216; x_wconf 88' lang='lat' dir='ltr'>potestas</span> <span class='ocrx_word' id='word_1_78' title='bbox 1370 1152 1517 1217; x_wconf 77' lang='lat' dir='ltr'>coniugia,</span> <span class='ocrx_word' id='word_1_79' title='bbox 1542 1153 1580 1204; x_wconf 91' lang='lat' dir='ltr'>le-</span> 
     </span>
     <span class='ocr_line' id='line_1_9' title="bbox 360 1235 1581 1313; baseline -0.011 -11"><span class='ocrx_word' id='word_1_80' title='bbox 360 1252 445 1301; x_wconf 77' lang='lat' dir='ltr'>Seciae</span> <span class='ocrx_word' id='word_1_81' title='bbox 458 1248 595 1313; x_wconf 77' lang='lat' dir='ltr'>pleraeque</span> <span class='ocrx_word' id='word_1_82' title='bbox 608 1246 775 1299; x_wconf 83' lang='lat' dir='ltr'>recentiores</span> <span class='ocrx_word' id='word_1_83' title='bbox 795 1257 843 1297; x_wconf 90' lang='lat' dir='ltr'>eos</span> <span class='ocrx_word' id='word_1_84' title='bbox 864 1256 948 1310; x_wconf 86' lang='lat' dir='ltr'>agno·</span> <span class='ocrx_word' id='word_1_85' title='bbox 983 1239 1025 1305; x_wconf 88' lang='lat' dir='ltr'>gis</span> <span class='ocrx_word' id='word_1_86' title='bbox 1049 1237 1255 1290; x_wconf 90' lang='lat' dir='ltr'>conditionibus</span> <span class='ocrx_word' id='word_1_87' title='bbox 1273 1236 1347 1289; x_wconf 89' lang='lat' dir='ltr'>baud</span> <span class='ocrx_word' id='word_1_88' title='bbox 1359 1235 1497 1301; x_wconf 89' lang='lat' dir='ltr'>impletis,</span> <span class='ocrx_word' id='word_1_89' title='bbox 1512 1249 1581 1302; x_wconf 91' lang='lat' dir='ltr'>pos·</span> 
     </span>
     <span class='ocr_line' id='line_1_10' title="bbox 363 1321 1579 1395; baseline -0.003 -16"><span class='ocrx_word' id='word_1_90' title='bbox 363 1339 444 1387; x_wconf 81' lang='lat' dir='ltr'>scunt</span> <span class='ocrx_word' id='word_1_91' title='bbox 462 1332 637 1385; x_wconf 83' lang='lat' dir='ltr'>matrimonio</span> <span class='ocrx_word' id='word_1_92' title='bbox 650 1331 743 1383; x_wconf 81' lang='lat' dir='ltr'>obices</span> <span class='ocrx_word' id='word_1_93' title='bbox 761 1340 831 1395; x_wconf 82' lang='lat' dir='ltr'>quos</span> <span class='ocrx_word' id='word_1_94' title='bbox 849 1329 892 1379; x_wconf 83' lang='lat' dir='ltr'>lex</span> <span class='ocrx_word' id='word_1_95' title='bbox 906 1327 949 1379; x_wconf 85' lang='lat' dir='ltr'>di·</span> <span class='ocrx_word' id='word_1_96' title='bbox 985 1322 1039 1374; x_wconf 81' lang='lat' dir='ltr'>silli</span> <span class='ocrx_word' id='word_1_97' title='bbox 1061 1321 1116 1373; x_wconf 83' lang='lat' dir='ltr'>vim</span> <span class='ocrx_word' id='word_1_98' title='bbox 1130 1322 1230 1373; x_wconf 81' lang='lat' dir='ltr'>habere</span> <span class='ocrx_word' id='word_1_99' title='bbox 1250 1321 1277 1371; x_wconf 85' lang='lat' dir='ltr'>in</span> <span class='ocrx_word' id='word_1_100' title='bbox 1298 1322 1357 1374; x_wconf 84' lang='lat' dir='ltr'>soro</span> <span class='ocrx_word' id='word_1_101' title='bbox 1376 1322 1579 1383; x_wconf 76' lang='lat' dir='ltr'>ecclesiastico,</span> 
     </span>
     <span class='ocr_line' id='line_1_11' title="bbox 279 1402 1579 1481; baseline -0.005 -8"><span class='ocrx_word' id='word_1_102' title='bbox 279 1402 288 1419; x_wconf 81' lang='lat'>‘</span> <span class='ocrx_word' id='word_1_103' title='bbox 360 1405 1579 1481; x_wconf 42' lang='lat' dir='ltr'>nmmmffmnfflmmmaefflmmwmmfflmdmma</span> 
     </span>
    </p>
   </div>
   <div class='ocr_carea' id='block_1_3' title="bbox 289 1490 1581 2086">
    <p class='ocr_par' dir='ltr' id='par_1_3' title="bbox 362 1490 1257 1569">
     <span class='ocr_line' id='line_1_12' title="bbox 362 1490 1257 1569; baseline -0.02 -4"><span class='ocrx_word' id='word_1_104' title='bbox 362 1510 491 1565; x_wconf 79' lang='lat' dir='ltr'>israelitis</span> <span class='ocrx_word' id='word_1_105' title='bbox 509 1508 571 1561; x_wconf 93' lang='lat' dir='ltr'>data</span> <span class='ocrx_word' id='word_1_106' title='bbox 585 1512 641 1567; x_wconf 91' lang='lat' dir='ltr'>cst,</span> <span class='ocrx_word' id='word_1_107' title='bbox 666 1506 708 1556; x_wconf 89' lang='lat' dir='ltr'>cui</span> <span class='ocrx_word' id='word_1_108' title='bbox 732 1504 805 1555; x_wconf 87' lang='lat' dir='ltr'>nulla</span> <span class='ocrx_word' id='word_1_109' title='bbox 817 1504 877 1569; x_wconf 85' lang='lat' dir='ltr'>lege</span> <span class='ocrx_word' id='word_1_110' title='bbox 900 1504 949 1555; x_wconf 92' lang='lat' dir='ltr'>bu·</span> <span class='ocrx_word' id='word_1_111' title='bbox 982 1490 1146 1543; x_wconf 68' lang='lat' dir='ltr'>stitumlwn</span> <span class='ocrx_word' id='word_1_112' title='bbox 1158 1490 1257 1543; x_wconf 88' lang='lat' dir='ltr'>obstet.</span> 
     </span>
    </p>

    <p class='ocr_par' dir='ltr' id='par_1_4' title="bbox 367 1576 1361 1659">
     <span class='ocr_line' id='line_1_13' title="bbox 367 1576 1361 1659; baseline -0.022 -11"><span class='ocrx_word' id='word_1_113' title='bbox 367 1610 447 1649; x_wconf 90' lang='lat' dir='ltr'>mana</span> <span class='ocrx_word' id='word_1_114' title='bbox 462 1592 587 1659; x_wconf 84' lang='lat' dir='ltr'>derogari</span> <span class='ocrx_word' id='word_1_115' title='bbox 600 1604 681 1656; x_wconf 90' lang='lat' dir='ltr'>posse</span> <span class='ocrx_word' id='word_1_116' title='bbox 691 1589 835 1641; x_wconf 84' lang='lat' dir='ltr'>affirmant.</span> <span class='ocrx_word' id='word_1_117' title='bbox 850 1588 858 1621; x_wconf 85' lang='lat'>¹</span> <span class='ocrx_word' id='word_1_118' title='bbox 872 1589 952 1641; x_wconf 79' lang='lat' dir='ltr'>Pleri-</span> <span class='ocrx_word' id='word_1_119' title='bbox 1198 1576 1361 1641; x_wconf 82' lang='lat' dir='ltr'>Propositio.</span> 
     </span>
    </p>

    <p class='ocr_par' dir='ltr' id='par_1_5' title="bbox 289 1663 1581 2086">
     <span class='ocr_line' id='line_1_14' title="bbox 289 1663 1581 1748; baseline -0.008 -23"><span class='ocrx_word' id='word_1_120' title='bbox 289 1720 307 1737; x_wconf 78' lang='lat'><strong>„</strong></span> <span class='ocrx_word' id='word_1_121' title='bbox 364 1696 418 1748; x_wconf 78' lang='lat' dir='ltr'>que</span> <span class='ocrx_word' id='word_1_122' title='bbox 448 1684 534 1731; x_wconf 78' lang='lat' dir='ltr'>status</span> <span class='ocrx_word' id='word_1_123' title='bbox 552 1676 684 1729; x_wconf 77' lang='lat' dir='ltr'>Foederati</span> <span class='ocrx_word' id='word_1_124' title='bbox 706 1688 754 1728; x_wconf 78' lang='lat' dir='ltr'>eos</span> <span class='ocrx_word' id='word_1_125' title='bbox 772 1674 872 1741; x_wconf 83' lang='lat' dir='ltr'>gradus</span> <span class='ocrx_word' id='word_1_126' title='bbox 884 1687 952 1726; x_wconf 82' lang='lat' dir='ltr'>eoll-</span> <span class='ocrx_word' id='word_1_127' title='bbox 1017 1663 1107 1715; x_wconf 73' lang='lat' dir='ltr'>Potuit</span> <span class='ocrx_word' id='word_1_128' title='bbox 1130 1664 1250 1717; x_wconf 77' lang='lat' dir='ltr'>Ecclesia</span> <span class='ocrx_word' id='word_1_129' title='bbox 1274 1664 1443 1717; x_wconf 74' lang='lat' dir='ltr'>constituere</span> <span class='ocrx_word' id='word_1_130' title='bbox 1466 1664 1581 1729; x_wconf 79' lang='lat' dir='ltr'>impedi·</span> 
     </span>
     <span class='ocr_line' id='line_1_15' title="bbox 365 1750 1579 1833; baseline -0.007 -14"><span class='ocrx_word' id='word_1_131' title='bbox 365 1763 555 1833; x_wconf 81' lang='lat' dir='ltr'>sanguinitatis</span> <span class='ocrx_word' id='word_1_132' title='bbox 573 1762 618 1828; x_wconf 90' lang='lat' dir='ltr'>qui</span> <span class='ocrx_word' id='word_1_133' title='bbox 645 1762 672 1813; x_wconf 92' lang='lat' dir='ltr'>in</span> <span class='ocrx_word' id='word_1_134' title='bbox 688 1761 758 1813; x_wconf 92' lang='lat' dir='ltr'>libro</span> <span class='ocrx_word' id='word_1_135' title='bbox 782 1761 948 1814; x_wconf 86' lang='lat' dir='ltr'>Leviticlno·</span> <span class='ocrx_word' id='word_1_136' title='bbox 985 1756 1076 1803; x_wconf 64' lang='lat' dir='ltr'>menti</span> <span class='ocrx_word' id='word_1_137' title='bbox 1093 1750 1297 1801; x_wconf 89' lang='lat' dir='ltr'>matrimonium</span> <span class='ocrx_word' id='word_1_138' title='bbox 1314 1750 1489 1812; x_wconf 56' lang='lat' dir='ltr'>dirimenda,</span> <span class='ocrx_word' id='word_1_139' title='bbox 1512 1755 1541 1803; x_wconf 74' lang='grc' dir='ltr'>θί</span> <span class='ocrx_word' id='word_1_140' title='bbox 1552 1750 1579 1801; x_wconf 73' lang='grc' dir='ltr'>ἰῐῑ</span> 
     </span>
     <span class='ocr_line' id='line_1_16' title="bbox 365 1834 1424 1915; baseline -0.011 -11"><span class='ocrx_word' id='word_1_141' title='bbox 365 1856 512 1912; x_wconf 82' lang='lat' dir='ltr'>minantur,</span> <span class='ocrx_word' id='word_1_142' title='bbox 523 1850 583 1915; x_wconf 89' lang='lat' dir='ltr'>lege</span> <span class='ocrx_word' id='word_1_143' title='bbox 596 1848 759 1901; x_wconf 83' lang='lat' dir='ltr'>definierunt</span> <span class='ocrx_word' id='word_1_144' title='bbox 773 1848 882 1901; x_wconf 90' lang='lat' dir='ltr'>obstare</span> <span class='ocrx_word' id='word_1_145' title='bbox 893 1861 953 1901; x_wconf 88' lang='lat' dir='ltr'>ma·</span> <span class='ocrx_word' id='word_1_146' title='bbox 986 1835 1232 1889; x_wconf 67' lang='lat' dir='ltr'>ii⁵⁶⁰1¹⁵litt¹e1¹dis</span> <span class='ocrx_word' id='word_1_147' title='bbox 1245 1846 1300 1887; x_wconf 73' lang='lat' dir='ltr'>110ss</span> <span class='ocrx_word' id='word_1_148' title='bbox 1313 1834 1424 1885; x_wconf 72' lang='lat' dir='ltr'>erravit·</span> 
     </span>
     <span class='ocr_line' id='line_1_17' title="bbox 366 1921 1580 2001; baseline -0.007 -11"><span class='ocrx_word' id='word_1_149' title='bbox 366 1937 510 1996; x_wconf 80' lang='lat' dir='ltr'>trimoni03</span> <span class='ocrx_word' id='word_1_150' title='bbox 534 1948 589 2001; x_wconf 82' lang='lat' dir='ltr'>qua</span> <span class='ocrx_word' id='word_1_151' title='bbox 617 1934 760 1986; x_wconf 81' lang='lat' dir='ltr'>deficiente</span> <span class='ocrx_word' id='word_1_152' title='bbox 794 1934 953 1987; x_wconf 89' lang='lat' dir='ltr'>delinitione</span> <span class='ocrx_word' id='word_1_153' title='bbox 1018 1921 1580 1985; x_wconf 49' lang='lat' dir='ltr'>&amp;mmm¹·exvssiil22u0p0letmii</span> 
     </span>
     <span class='ocr_line' id='line_1_18' title="bbox 364 2005 1581 2086; baseline -0.015 -10"><span class='ocrx_word' id='word_1_154' title='bbox 364 2024 456 2077; x_wconf 90' lang='lat' dir='ltr'>omnia</span> <span class='ocrx_word' id='word_1_155' title='bbox 469 2022 558 2075; x_wconf 86' lang='lat' dir='ltr'>valere</span> <span class='ocrx_word' id='word_1_156' title='bbox 577 2025 724 2073; x_wconf 87' lang='lat' dir='ltr'>censentur</span> <span class='ocrx_word' id='word_1_157' title='bbox 736 2019 861 2086; x_wconf 84' lang='lat' dir='ltr'>conjugia</span> <span class='ocrx_word' id='word_1_158' title='bbox 879 2020 906 2071; x_wconf 95' lang='lat' dir='ltr'>in</span> <span class='ocrx_word' id='word_1_159' title='bbox 920 2019 953 2071; x_wconf 91' lang='lat' dir='ltr'>li·</span> <span class='ocrx_word' id='word_1_160' title='bbox 986 2008 1123 2061; x_wconf 79' lang='lat' dir='ltr'>exercitio.</span> <span class='ocrx_word' id='word_1_161' title='bbox 1144 2006 1295 2060; x_wconf 80' lang='lat' dir='ltr'>concilium</span> <span class='ocrx_word' id='word_1_162' title='bbox 1311 2005 1509 2057; x_wconf 69' lang='lat' dir='ltr'>illiberitanum</span> <span class='ocrx_word' id='word_1_163' title='bbox 1519 2019 1581 2058; x_wconf 88' lang='lat' dir='ltr'>cen·</span> 
     </span>
    </p>
   </div>
   <div class='ocr_carea' id='block_1_4' title="bbox 365 2092 1580 2247">
    <p class='ocr_par' dir='ltr' id='par_1_6' title="bbox 365 2092 1580 2247">
     <span class='ocr_line' id='line_1_19' title="bbox 365 2092 1580 2169; baseline -0.014 -7"><span class='ocrx_word' id='word_1_164' title='bbox 365 2122 416 2161; x_wconf 89' lang='lat' dir='ltr'>nea</span> <span class='ocrx_word' id='word_1_165' title='bbox 426 2106 573 2161; x_wconf 85' lang='lat' dir='ltr'>collaterali</span> <span class='ocrx_word' id='word_1_166' title='bbox 583 2143 591 2168; x_wconf 94' lang='lat'>,</span> <span class='ocrx_word' id='word_1_167' title='bbox 602 2104 722 2169; x_wconf 87' lang='lat' dir='ltr'>exceptis</span> <span class='ocrx_word' id='word_1_168' title='bbox 737 2104 848 2157; x_wconf 75' lang='lat' dir='ltr'>fratrum</span> <span class='ocrx_word' id='word_1_169' title='bbox 863 2110 890 2158; x_wconf 90' lang='lat' dir='ltr'>et</span> <span class='ocrx_word' id='word_1_170' title='bbox 908 2118 953 2157; x_wconf 91' lang='lat' dir='ltr'>so·</span> <span class='ocrx_word' id='word_1_171' title='bbox 986 2097 1060 2147; x_wconf 71' lang='lat' dir='ltr'>suit:</span> <span class='ocrx_word' id='word_1_172' title='bbox 1075 2114 1087 2139; x_wconf 66' lang='lat' dir='ltr'>a</span> <span class='ocrx_word' id='word_1_173' title='bbox 1100 2094 1125 2144; x_wconf 79' lang='lat' dir='ltr'>Si</span> <span class='ocrx_word' id='word_1_174' title='bbox 1149 2093 1210 2158; x_wconf 76' lang='lat' dir='ltr'>duis</span> <span class='ocrx_word' id='word_1_175' title='bbox 1223 2092 1376 2158; x_wconf 76' lang='lat' dir='ltr'>privignam</span> <span class='ocrx_word' id='word_1_176' title='bbox 1400 2105 1479 2143; x_wconf 79' lang='lat' dir='ltr'>suam</span> <span class='ocrx_word' id='word_1_177' title='bbox 1493 2093 1580 2144; x_wconf 85' lang='lat' dir='ltr'>duxe-</span> 
     </span>
     <span class='ocr_line' id='line_1_20' title="bbox 366 2178 1580 2247; baseline -0.015 -1"><span class='ocrx_word' id='word_1_178' title='bbox 366 2208 458 2247; x_wconf 93' lang='lat' dir='ltr'>rorum</span> <span class='ocrx_word' id='word_1_179' title='bbox 471 2190 668 2245; x_wconf 88' lang='lat' dir='ltr'>contuberniis.</span> <span class='ocrx_word' id='word_1_180' title='bbox 679 2189 690 2221; x_wconf 79' lang='lat'>²</span> <span class='ocrx_word' id='word_1_181' title='bbox 986 2180 1021 2231; x_wconf 90' lang='lat' dir='ltr'>rit</span> <span class='ocrx_word' id='word_1_182' title='bbox 1033 2191 1145 2232; x_wconf 82' lang='lat' dir='ltr'>uxorem</span> <span class='ocrx_word' id='word_1_183' title='bbox 1156 2192 1164 2239; x_wconf 90' lang='lat'><strong>;</strong></span> <span class='ocrx_word' id='word_1_184' title='bbox 1183 2191 1217 2231; x_wconf 93' lang='lat' dir='ltr'>eo</span> <span class='ocrx_word' id='word_1_185' title='bbox 1229 2178 1304 2244; x_wconf 86' lang='lat' dir='ltr'>quod</span> <span class='ocrx_word' id='word_1_186' title='bbox 1324 2182 1360 2230; x_wconf 91' lang='lat' dir='ltr'>sit</span> <span class='ocrx_word' id='word_1_187' title='bbox 1371 2178 1511 2241; x_wconf 89' lang='lat' dir='ltr'>incestus,</span> <span class='ocrx_word' id='word_1_188' title='bbox 1521 2179 1580 2243; x_wconf 88' lang='lat' dir='ltr'>pla·.</span> 
     </span>
    </p>
   </div>
   <div class='ocr_carea' id='block_1_5' title="bbox 366 2264 1586 4050">
    <p class='ocr_par' dir='ltr' id='par_1_7' title="bbox 366 2264 1586 4050">
     <span class='ocr_line' id='line_1_21' title="bbox 399 2264 1581 2340; baseline -0.005 -9"><span class='ocrx_word' id='word_1_189' title='bbox 399 2264 1581 2340; x_wconf 55' lang='lat' dir='ltr'>mmmmmmmmmmmffimmmwmu</span> 
     </span>
     <span class='ocr_line' id='line_1_22' title="bbox 368 2348 1577 2427; baseline -0.006 -10"><span class='ocrx_word' id='word_1_190' title='bbox 368 2348 1577 2427; x_wconf 49' lang='lat' dir='ltr'>mmmmmmmmmmmwmmmwm</span> 
     </span>
     <span class='ocr_line' id='line_1_23' title="bbox 367 2436 1580 2515; baseline 0.001 -29"><span class='ocrx_word' id='word_1_191' title='bbox 367 2450 458 2515; x_wconf 63' lang='lat' dir='ltr'><em>sorum</em></span> <span class='ocrx_word' id='word_1_192' title='bbox 477 2461 577 2511; x_wconf 53' lang='lat' dir='ltr'>suum,</span> <span class='ocrx_word' id='word_1_193' title='bbox 599 2460 651 2499; x_wconf 70' lang='lat'>1100</span> <span class='ocrx_word' id='word_1_194' title='bbox 669 2446 741 2499; x_wconf 74' lang='lat' dir='ltr'>enim</span> <span class='ocrx_word' id='word_1_195' title='bbox 761 2444 905 2499; x_wconf 66' lang='lat' dir='ltr'>tribunalia</span> <span class='ocrx_word' id='word_1_196' title='bbox 919 2446 956 2498; x_wconf 69' lang='lat' dir='ltr'>ci.</span> <span class='ocrx_word' id='word_1_197' title='bbox 988 2450 1019 2489; x_wconf 65' lang='lat' dir='ltr'>St}</span> <span class='ocrx_word' id='word_1_198' title='bbox 1029 2450 1102 2489; x_wconf 77' lang='lat' dir='ltr'>auno</span> <span class='ocrx_word' id='word_1_199' title='bbox 1118 2438 1200 2487; x_wconf 56' lang='lat'><strong>5142«</strong></span> <span class='ocrx_word' id='word_1_200' title='bbox 1214 2436 1345 2487; x_wconf 74' lang='lat' dir='ltr'>Mulier‘si</span> <span class='ocrx_word' id='word_1_201' title='bbox 1358 2436 1471 2487; x_wconf 75' lang='lat' dir='ltr'>(luobus</span> <span class='ocrx_word' id='word_1_202' title='bbox 1481 2449 1580 2500; x_wconf 68' lang='lat' dir='ltr'>nupse-</span> 
     </span>
     <span class='ocr_line' id='line_1_24' title="bbox 367 2520 1581 2599; baseline -0.012 -12"><span class='ocrx_word' id='word_1_203' title='bbox 367 2535 430 2590; x_wconf 85' lang='lat' dir='ltr'>vilia</span> <span class='ocrx_word' id='word_1_204' title='bbox 449 2532 580 2587; x_wconf 90' lang='lat' dir='ltr'>nostratia</span> <span class='ocrx_word' id='word_1_205' title='bbox 593 2536 746 2599; x_wconf 83' lang='lat' dir='ltr'>agnoscunt</span> <span class='ocrx_word' id='word_1_206' title='bbox 771 2531 845 2597; x_wconf 85' lang='lat' dir='ltr'>leges</span> <span class='ocrx_word' id='word_1_207' title='bbox 870 2530 957 2583; x_wconf 76' lang='lat' dir='ltr'>eccle·</span> <span class='ocrx_word' id='word_1_208' title='bbox 988 2524 1023 2575; x_wconf 93' lang='lat' dir='ltr'>rit</span> <span class='ocrx_word' id='word_1_209' title='bbox 1038 2522 1180 2582; x_wconf 80' lang='lat' dir='ltr'>iratribus,</span> <span class='ocrx_word' id='word_1_210' title='bbox 1200 2520 1344 2587; x_wconf 82' lang='lat' dir='ltr'>abjiciatur</span> <span class='ocrx_word' id='word_1_211' title='bbox 1361 2522 1496 2585; x_wconf 82' lang='lat' dir='ltr'>usquead</span> <span class='ocrx_word' id='word_1_212' title='bbox 1506 2522 1581 2573; x_wconf 89' lang='lat' dir='ltr'>diem</span> 
     </span>
     <span class='ocr_line' id='line_1_25' title="bbox 366 2600 1581 2683; baseline -0.003 -9"><span class='ocrx_word' id='word_1_213' title='bbox 366 2620 506 2680; x_wconf 88' lang='lat' dir='ltr'>siasticas,</span> <span class='ocrx_word' id='word_1_214' title='bbox 519 2630 581 2683; x_wconf 77' lang='lat' dir='ltr'>quac</span> <span class='ocrx_word' id='word_1_215' title='bbox 601 2623 691 2669; x_wconf 89' lang='lat' dir='ltr'>tamen</span> <span class='ocrx_word' id='word_1_216' title='bbox 711 2623 794 2669; x_wconf 92' lang='lat' dir='ltr'>totam</span> <span class='ocrx_word' id='word_1_217' title='bbox 810 2629 888 2669; x_wconf 88' lang='lat' dir='ltr'>suam</span> <span class='ocrx_word' id='word_1_218' title='bbox 900 2616 955 2669; x_wconf 87' lang='lat' dir='ltr'>vim</span> <span class='ocrx_word' id='word_1_219' title='bbox 989 2606 1095 2659; x_wconf 88' lang='lat' dir='ltr'>mortis.</span> <span class='ocrx_word' id='word_1_220' title='bbox 1119 2600 1174 2657; x_wconf 69' lang='lat' dir='ltr'>Sed</span> <span class='ocrx_word' id='word_1_221' title='bbox 1194 2612 1306 2671; x_wconf 58' lang='lat' dir='ltr'>limites</span> <span class='ocrx_word' id='word_1_222' title='bbox 1334 2606 1535 2659; x_wconf 87' lang='lat' dir='ltr'>humanitatem</span> <span class='ocrx_word' id='word_1_223' title='bbox 1553 2606 1581 2659; x_wconf 72' lang='lat'>5¹1</span> 
     </span>
     <span class='ocr_line' id='line_1_26' title="bbox 370 2690 1581 2765; baseline -0.001 -22"><span class='ocrx_word' id='word_1_224' title='bbox 370 2706 495 2759; x_wconf 55' lang='lat' dir='ltr'>obtinent</span> <span class='ocrx_word' id='word_1_225' title='bbox 505 2705 531 2756; x_wconf 69' lang='lat' dir='ltr'>pn</span> <span class='ocrx_word' id='word_1_226' title='bbox 545 2704 720 2757; x_wconf 55' lang='lat' dir='ltr'>conscientias</span> <span class='ocrx_word' id='word_1_227' title='bbox 734 2702 802 2757; x_wconf 69' lang='lat' dir='ltr'>s0s0,</span> <span class='ocrx_word' id='word_1_228' title='bbox 816 2704 887 2765; x_wconf 55' lang='lat' dir='ltr'><strong>Quas</strong></span> <span class='ocrx_word' id='word_1_229' title='bbox 908 2715 956 2754; x_wconf 67' lang='lat' dir='ltr'>au.</span> <span class='ocrx_word' id='word_1_230' title='bbox 989 2691 1182 2745; x_wconf 84' lang='lat' dir='ltr'>extremissuis</span> <span class='ocrx_word' id='word_1_231' title='bbox 1192 2730 1200 2753; x_wconf 94' lang='lat'>,</span> <span class='ocrx_word' id='word_1_232' title='bbox 1211 2690 1394 2743; x_wconf 83' lang='lat' dir='ltr'>sacramentis</span> <span class='ocrx_word' id='word_1_233' title='bbox 1408 2692 1581 2743; x_wconf 88' lang='lat' dir='ltr'>reconciliari</span> 
     </span>
     <span class='ocr_line' id='line_1_27' title="bbox 367 2777 1582 2856; baseline -0.005 -11"><span class='ocrx_word' id='word_1_234' title='bbox 367 2799 422 2845; x_wconf 91' lang='lat' dir='ltr'>tem</span> <span class='ocrx_word' id='word_1_235' title='bbox 434 2804 448 2842; x_wconf 88' lang='lat' dir='ltr'>a</span> <span class='ocrx_word' id='word_1_236' title='bbox 458 2791 517 2856; x_wconf 86' lang='lat' dir='ltr'>lege</span> <span class='ocrx_word' id='word_1_237' title='bbox 527 2789 596 2842; x_wconf 89' lang='lat' dir='ltr'>civili</span> <span class='ocrx_word' id='word_1_238' title='bbox 610 2789 741 2841; x_wconf 87' lang='lat' dir='ltr'>declarari</span> <span class='ocrx_word' id='word_1_239' title='bbox 754 2788 897 2853; x_wconf 85' lang='lat' dir='ltr'>contigerit</span> <span class='ocrx_word' id='word_1_240' title='bbox 907 2801 957 2840; x_wconf 92' lang='lat' dir='ltr'>nu·</span> <span class='ocrx_word' id='word_1_241' title='bbox 990 2784 1110 2844; x_wconf 69' lang='lat' dir='ltr'>⁰li⁰s1013</span> <span class='ocrx_word' id='word_1_242' title='bbox 1124 2778 1161 2830; x_wconf 70' lang='lat' dir='ltr'>ila</span> <span class='ocrx_word' id='word_1_243' title='bbox 1175 2783 1285 2840; x_wconf 65' lang='lat' dir='ltr'>tamen,</span> <span class='ocrx_word' id='word_1_244' title='bbox 1309 2782 1339 2829; x_wconf 70' lang='lat'>¹1²</span> <span class='ocrx_word' id='word_1_245' title='bbox 1359 2777 1383 2829; x_wconf 79' lang='lat' dir='ltr'>Si</span> <span class='ocrx_word' id='word_1_246' title='bbox 1396 2777 1467 2830; x_wconf 70' lang='lat' dir='ltr'>f0rle</span> <span class='ocrx_word' id='word_1_247' title='bbox 1480 2779 1582 2831; x_wconf 66' lang='lat' dir='ltr'>sanita·</span> 
     </span>
     <span class='ocr_line' id='line_1_28' title="bbox 367 2864 1579 2941; baseline -0.009 -14"><span class='ocrx_word' id='word_1_248' title='bbox 367 2876 438 2941; x_wconf 91' lang='lat' dir='ltr'>ptias</span> <span class='ocrx_word' id='word_1_249' title='bbox 449 2875 552 2936; x_wconf 78' lang='lat' dir='ltr'>irritae,</span> <span class='ocrx_word' id='word_1_250' title='bbox 565 2874 599 2926; x_wconf 90' lang='lat' dir='ltr'>de</span> <span class='ocrx_word' id='word_1_251' title='bbox 611 2872 753 2926; x_wconf 80' lang='lat' dir='ltr'>effectibus</span> <span class='ocrx_word' id='word_1_252' title='bbox 773 2872 897 2926; x_wconf 90' lang='lat' dir='ltr'>civilibus</span> <span class='ocrx_word' id='word_1_253' title='bbox 918 2872 957 2924; x_wconf 93' lang='lat' dir='ltr'>in·</span> <span class='ocrx_word' id='word_1_254' title='bbox 989 2871 1045 2918; x_wconf 90' lang='lat' dir='ltr'>tem</span> <span class='ocrx_word' id='word_1_255' title='bbox 1058 2865 1275 2931; x_wconf 81' lang='lat' dir='ltr'>recuperaverit,</span> <span class='ocrx_word' id='word_1_256' title='bbox 1289 2864 1465 2918; x_wconf 89' lang='lat' dir='ltr'>matrimonio</span> <span class='ocrx_word' id='word_1_257' title='bbox 1480 2867 1579 2927; x_wconf 88' lang='lat' dir='ltr'>soluto,</span> 
     </span>
     <span class='ocr_line' id='line_1_29' title="bbox 369 2952 1582 3024; baseline -0.007 -11"><span class='ocrx_word' id='word_1_258' title='bbox 369 2961 493 3024; x_wconf 85' lang='lat' dir='ltr'>telligere</span> <span class='ocrx_word' id='word_1_259' title='bbox 503 2963 628 3022; x_wconf 88' lang='lat' dir='ltr'>oportet;</span> <span class='ocrx_word' id='word_1_260' title='bbox 642 2970 705 3009; x_wconf 93' lang='lat' dir='ltr'>uam</span> <span class='ocrx_word' id='word_1_261' title='bbox 731 2957 956 3022; x_wconf 84' lang='lat' dir='ltr'>legumlatoribus</span> <span class='ocrx_word' id='word_1_262' title='bbox 989 2953 1024 3004; x_wconf 89' lang='lat' dir='ltr'>ad</span> <span class='ocrx_word' id='word_1_263' title='bbox 1046 2953 1236 3018; x_wconf 87' lang='lat' dir='ltr'>poerritentiam</span> <span class='ocrx_word' id='word_1_264' title='bbox 1253 2952 1445 3004; x_wconf 71' lang='lat' dir='ltr'>admittatur.»</span> <span class='ocrx_word' id='word_1_265' title='bbox 1458 2952 1470 2984; x_wconf 79' lang='lat'><strong>⁸</strong></span> <span class='ocrx_word' id='word_1_266' title='bbox 1485 2952 1582 3004; x_wconf 84' lang='lat' dir='ltr'>Conci-</span> 
     </span>
     <span class='ocr_line' id='line_1_30' title="bbox 373 3038 1582 3105; baseline -0.008 -7"><span class='ocrx_word' id='word_1_267' title='bbox 373 3047 402 3098; x_wconf 86' lang='lat' dir='ltr'>in</span> <span class='ocrx_word' id='word_1_268' title='bbox 415 3044 506 3096; x_wconf 92' lang='lat' dir='ltr'>animo</span> <span class='ocrx_word' id='word_1_269' title='bbox 525 3056 579 3096; x_wconf 90' lang='lat' dir='ltr'>non</span> <span class='ocrx_word' id='word_1_270' title='bbox 596 3048 638 3094; x_wconf 88' lang='lat' dir='ltr'>est</span> <span class='ocrx_word' id='word_1_271' title='bbox 659 3042 693 3093; x_wconf 87' lang='lat' dir='ltr'>dc</span> <span class='ocrx_word' id='word_1_272' title='bbox 714 3041 796 3092; x_wconf 87' lang='lat' dir='ltr'>rebus</span> <span class='ocrx_word' id='word_1_273' title='bbox 809 3040 957 3105; x_wconf 88' lang='lat' dir='ltr'>spirituali·</span> <span class='ocrx_word' id='word_1_274' title='bbox 990 3040 1056 3091; x_wconf 90' lang='lat' dir='ltr'>lium</span> <span class='ocrx_word' id='word_1_275' title='bbox 1071 3039 1265 3090; x_wconf 79' lang='lat' dir='ltr'>Aurelianense</span> <span class='ocrx_word' id='word_1_276' title='bbox 1276 3038 1308 3089; x_wconf 93' lang='lat' dir='ltr'>ll.</span> <span class='ocrx_word' id='word_1_277' title='bbox 1328 3049 1401 3089; x_wconf 91' lang='lat' dir='ltr'>anno</span> <span class='ocrx_word' id='word_1_278' title='bbox 1414 3040 1465 3089; x_wconf 75' lang='lat'>535</span> <span class='ocrx_word' id='word_1_279' title='bbox 1479 3053 1486 3087; x_wconf 74' lang='grc' dir='ltr'><strong><em>ε</em></strong></span> <span class='ocrx_word' id='word_1_280' title='bbox 1500 3055 1511 3085; x_wconf 76' lang='lat' dir='ltr'>i</span> <span class='ocrx_word' id='word_1_281' title='bbox 1523 3039 1582 3088; x_wconf 84' lang='lat' dir='ltr'>Pla·</span> 
     </span>
     <span class='ocr_line' id='line_1_31' title="bbox 368 3123 1582 3196; baseline -0.009 -11"><span class='ocrx_word' id='word_1_282' title='bbox 368 3133 435 3194; x_wconf 73' lang='lat' dir='ltr'>bue,</span> <span class='ocrx_word' id='word_1_283' title='bbox 455 3131 498 3183; x_wconf 88' lang='lat' dir='ltr'>vel</span> <span class='ocrx_word' id='word_1_284' title='bbox 520 3129 631 3196; x_wconf 55' lang='lat' dir='ltr'>quae&#39;ad</span> <span class='ocrx_word' id='word_1_285' title='bbox 652 3128 804 3180; x_wconf 90' lang='lat' dir='ltr'>animarum</span> <span class='ocrx_word' id='word_1_286' title='bbox 834 3126 957 3191; x_wconf 84' lang='lat' dir='ltr'>regimen</span> <span class='ocrx_word' id='word_1_287' title='bbox 992 3123 1065 3185; x_wconf 87' lang='lat' dir='ltr'>cuit,</span> <span class='ocrx_word' id='word_1_288' title='bbox 1090 3129 1120 3175; x_wconf 90' lang='lat' dir='ltr'>ut</span> <span class='ocrx_word' id='word_1_289' title='bbox 1141 3124 1233 3183; x_wconf 78' lang='lat' dir='ltr'>nullus</span> <span class='ocrx_word' id='word_1_290' title='bbox 1258 3123 1582 3184; x_wconf 84' lang='lat' dir='ltr'>Christianusiudaeam,</span> 
     </span>
     <span class='ocr_line' id='line_1_32' title="bbox 369 3213 1584 3286; baseline -0.006 -15"><span class='ocrx_word' id='word_1_291' title='bbox 369 3221 525 3286; x_wconf 90' lang='lat' dir='ltr'>pertinent,</span> <span class='ocrx_word' id='word_1_292' title='bbox 548 3215 648 3281; x_wconf 88' lang='lat' dir='ltr'>aliquid</span> <span class='ocrx_word' id='word_1_293' title='bbox 667 3215 840 3266; x_wconf 88' lang='lat' dir='ltr'>decernere:</span> <span class='ocrx_word' id='word_1_294' title='bbox 871 3226 957 3278; x_wconf 82' lang='lat' dir='ltr'>quum</span> <span class='ocrx_word' id='word_1_295' title='bbox 991 3227 1081 3279; x_wconf 86' lang='lat' dir='ltr'>neque</span> <span class='ocrx_word' id='word_1_296' title='bbox 1103 3215 1214 3266; x_wconf 87' lang='lat' dir='ltr'>tudaeus</span> <span class='ocrx_word' id='word_1_297' title='bbox 1234 3213 1416 3266; x_wconf 83' lang='lat' dir='ltr'>Christianam</span> <span class='ocrx_word' id='word_1_298' title='bbox 1441 3214 1468 3265; x_wconf 92' lang='lat' dir='ltr'>in</span> <span class='ocrx_word' id='word_1_299' title='bbox 1490 3214 1584 3266; x_wconf 89' lang='lat' dir='ltr'>matri-</span> 
     </span>
     <span class='ocr_line' id='line_1_33' title="bbox 370 3299 1585 3366; baseline -0.005 -8"><span class='ocrx_word' id='word_1_300' title='bbox 370 3319 402 3358; x_wconf 85' lang='lat' dir='ltr'>cx</span> <span class='ocrx_word' id='word_1_301' title='bbox 418 3303 617 3358; x_wconf 83' lang='lat' dir='ltr'>Constitutione</span> <span class='ocrx_word' id='word_1_302' title='bbox 635 3303 719 3354; x_wconf 89' lang='lat' dir='ltr'>totins</span> <span class='ocrx_word' id='word_1_303' title='bbox 733 3300 890 3366; x_wconf 87' lang='lat' dir='ltr'>reipublicae</span> <span class='ocrx_word' id='word_1_304' title='bbox 902 3300 955 3352; x_wconf 78' lang='lat' dir='ltr'>Sta</span> <span class='ocrx_word' id='word_1_305' title='bbox 991 3299 1086 3351; x_wconf 89' lang='lat' dir='ltr'>monio</span> <span class='ocrx_word' id='word_1_306' title='bbox 1099 3299 1181 3351; x_wconf 87' lang='lat' dir='ltr'>ducat</span> <span class='ocrx_word' id='word_1_307' title='bbox 1203 3311 1315 3351; x_wconf 87' lang='lat' dir='ltr'>uxorem</span> <span class='ocrx_word' id='word_1_308' title='bbox 1336 3315 1342 3350; x_wconf 81' lang='lat' dir='ltr'>z</span> <span class='ocrx_word' id='word_1_309' title='bbox 1364 3299 1428 3364; x_wconf 85' lang='lat' dir='ltr'>qnia</span> <span class='ocrx_word' id='word_1_310' title='bbox 1448 3300 1521 3353; x_wconf 88' lang='lat' dir='ltr'>inter</span> <span class='ocrx_word' id='word_1_311' title='bbox 1536 3302 1585 3352; x_wconf 90' lang='lat' dir='ltr'>bu-</span> 
     </span>
     <span class='ocr_line' id='line_1_34' title="bbox 369 3371 1585 3451; baseline -0.004 -7"><span class='ocrx_word' id='word_1_312' title='bbox 369 3398 414 3444; x_wconf 84' lang='lat' dir='ltr'>tus</span> <span class='ocrx_word' id='word_1_313' title='bbox 427 3391 460 3442; x_wconf 89' lang='lat' dir='ltr'>ab</span> <span class='ocrx_word' id='word_1_314' title='bbox 479 3389 600 3442; x_wconf 76' lang='lat' dir='ltr'>Ecclesia</span> <span class='ocrx_word' id='word_1_315' title='bbox 612 3388 756 3440; x_wconf 89' lang='lat' dir='ltr'>discrimen</span> <span class='ocrx_word' id='word_1_316' title='bbox 771 3371 883 3438; x_wconf 67' lang='lat' dir='ltr'>omuino</span> <span class='ocrx_word' id='word_1_317' title='bbox 903 3397 959 3437; x_wconf 90' lang='lat' dir='ltr'>ser·</span> <span class='ocrx_word' id='word_1_318' title='bbox 990 3385 1111 3450; x_wconf 82' lang='lat' dir='ltr'>jnsmodi</span> <span class='ocrx_word' id='word_1_319' title='bbox 1124 3398 1257 3450; x_wconf 89' lang='lat' dir='ltr'>personas</span> <span class='ocrx_word' id='word_1_320' title='bbox 1270 3385 1377 3437; x_wconf 85' lang='lat' dir='ltr'>illicitas</span> <span class='ocrx_word' id='word_1_321' title='bbox 1397 3387 1508 3451; x_wconf 89' lang='lat' dir='ltr'>nuptias</span> <span class='ocrx_word' id='word_1_322' title='bbox 1521 3401 1585 3439; x_wconf 89' lang='lat' dir='ltr'>esse</span> 
     </span>
     <span class='ocr_line' id='line_1_35' title="bbox 369 3470 1586 3537; baseline -0.004 -9"><span class='ocrx_word' id='word_1_323' title='bbox 369 3473 549 3528; x_wconf 85' lang='lat' dir='ltr'>vandumsit:</span> <span class='ocrx_word' id='word_1_324' title='bbox 563 3487 613 3525; x_wconf 90' lang='lat' dir='ltr'>nec</span> <span class='ocrx_word' id='word_1_325' title='bbox 627 3471 761 3537; x_wconf 79' lang='lat' dir='ltr'>quidquid</span> <span class='ocrx_word' id='word_1_326' title='bbox 781 3471 869 3524; x_wconf 84' lang='lat' dir='ltr'>valeat</span> <span class='ocrx_word' id='word_1_327' title='bbox 885 3475 959 3536; x_wconf 91' lang='lat' dir='ltr'>potc-</span> <span class='ocrx_word' id='word_1_328' title='bbox 992 3485 1150 3524; x_wconf 88' lang='lat' dir='ltr'>censemus.</span> <span class='ocrx_word' id='word_1_329' title='bbox 1169 3470 1218 3533; x_wconf 82' lang='lat' dir='ltr'>Qui</span> <span class='ocrx_word' id='word_1_330' title='bbox 1229 3471 1253 3522; x_wconf 92' lang='lat' dir='ltr'>si</span> <span class='ocrx_word' id='word_1_331' title='bbox 1266 3470 1426 3523; x_wconf 91' lang='lat' dir='ltr'>commoniti</span> <span class='ocrx_word' id='word_1_332' title='bbox 1443 3484 1586 3525; x_wconf 88' lang='lat' dir='ltr'>aconsor·</span> 
     </span>
     <span class='ocr_line' id='line_1_36' title="bbox 370 3554 1586 3621; baseline -0.003 -7"><span class='ocrx_word' id='word_1_333' title='bbox 370 3569 427 3614; x_wconf 88' lang='lat' dir='ltr'>stas</span> <span class='ocrx_word' id='word_1_334' title='bbox 439 3559 525 3612; x_wconf 83' lang='lat' dir='ltr'>civilis</span> <span class='ocrx_word' id='word_1_335' title='bbox 545 3559 572 3610; x_wconf 93' lang='lat' dir='ltr'>in</span> <span class='ocrx_word' id='word_1_336' title='bbox 596 3557 676 3609; x_wconf 86' lang='lat' dir='ltr'>rebus</span> <span class='ocrx_word' id='word_1_337' title='bbox 699 3554 899 3609; x_wconf 88' lang='lat' dir='ltr'>ecelesiasticis.</span> <span class='ocrx_word' id='word_1_338' title='bbox 919 3555 958 3606; x_wconf 87' lang='lat' dir='ltr'>lta</span> <span class='ocrx_word' id='word_1_339' title='bbox 992 3558 1030 3608; x_wconf 92' lang='lat' dir='ltr'>tio</span> <span class='ocrx_word' id='word_1_340' title='bbox 1044 3558 1095 3609; x_wconf 94' lang='lat' dir='ltr'>boc</span> <span class='ocrx_word' id='word_1_341' title='bbox 1108 3570 1137 3609; x_wconf 87' lang='lat' dir='ltr'>se</span> <span class='ocrx_word' id='word_1_342' title='bbox 1156 3569 1283 3621; x_wconf 86' lang='lat' dir='ltr'>separare</span> <span class='ocrx_word' id='word_1_343' title='bbox 1297 3556 1468 3618; x_wconf 87' lang='lat' dir='ltr'>distulerint,</span> <span class='ocrx_word' id='word_1_344' title='bbox 1480 3571 1496 3609; x_wconf 91' lang='lat' dir='ltr'>a</span> <span class='ocrx_word' id='word_1_345' title='bbox 1510 3570 1586 3610; x_wconf 92' lang='lat' dir='ltr'>com-</span> 
     </span>
     <span class='ocr_line' id='line_1_37' title="bbox 371 3639 1586 3708; baseline -0.002 -12"><span class='ocrx_word' id='word_1_346' title='bbox 371 3644 454 3708; x_wconf 87' lang='lat' dir='ltr'>igitur</span> <span class='ocrx_word' id='word_1_347' title='bbox 466 3642 537 3705; x_wconf 89' lang='lat' dir='ltr'>apud</span> <span class='ocrx_word' id='word_1_348' title='bbox 548 3653 599 3692; x_wconf 91' lang='lat' dir='ltr'>nos</span> <span class='ocrx_word' id='word_1_349' title='bbox 613 3641 793 3694; x_wconf 89' lang='lat' dir='ltr'>conciliantur</span> <span class='ocrx_word' id='word_1_350' title='bbox 802 3641 873 3705; x_wconf 83' lang='lat' dir='ltr'>jura,</span> <span class='ocrx_word' id='word_1_351' title='bbox 883 3639 958 3704; x_wconf 84' lang='lat' dir='ltr'>quod</span> <span class='ocrx_word' id='word_1_352' title='bbox 993 3641 1133 3694; x_wconf 89' lang='lat' dir='ltr'>munionis</span> <span class='ocrx_word' id='word_1_353' title='bbox 1156 3643 1244 3707; x_wconf 85' lang='lat' dir='ltr'>gratia</span> <span class='ocrx_word' id='word_1_354' title='bbox 1261 3646 1326 3693; x_wconf 92' lang='lat' dir='ltr'>sunt</span> <span class='ocrx_word' id='word_1_355' title='bbox 1348 3642 1409 3694; x_wconf 89' lang='lat' dir='ltr'>siue</span> <span class='ocrx_word' id='word_1_356' title='bbox 1419 3642 1505 3694; x_wconf 89' lang='lat' dir='ltr'>dubio</span> <span class='ocrx_word' id='word_1_357' title='bbox 1515 3644 1586 3695; x_wconf 89' lang='lat' dir='ltr'>sub-</span> 
     </span>
     <span class='ocr_line' id='line_1_38' title="bbox 372 3725 1584 3793; baseline -0.002 -13"><span class='ocrx_word' id='word_1_358' title='bbox 372 3726 498 3792; x_wconf 87' lang='lat' dir='ltr'>ccujugia</span> <span class='ocrx_word' id='word_1_359' title='bbox 519 3731 613 3778; x_wconf 89' lang='lat' dir='ltr'>contra</span> <span class='ocrx_word' id='word_1_360' title='bbox 639 3725 768 3776; x_wconf 85' lang='lat' dir='ltr'>Ecclesiae</span> <span class='ocrx_word' id='word_1_361' title='bbox 792 3726 867 3790; x_wconf 86' lang='lat' dir='ltr'>leges</span> <span class='ocrx_word' id='word_1_362' title='bbox 891 3725 960 3776; x_wconf 86' lang='lat' dir='ltr'>cele·</span> <span class='ocrx_word' id='word_1_363' title='bbox 992 3726 1129 3780; x_wconf 89' lang='lat' dir='ltr'>movendi.</span> <span class='ocrx_word' id='word_1_364' title='bbox 1151 3726 1189 3771; x_wconf 79' lang='lat'>»⁶</span> <span class='ocrx_word' id='word_1_365' title='bbox 1210 3726 1361 3778; x_wconf 83' lang='lat' dir='ltr'>Concilium</span> <span class='ocrx_word' id='word_1_366' title='bbox 1391 3728 1584 3793; x_wconf 86' lang='lat' dir='ltr'>Moguutiuum</span> 
     </span>
     <span class='ocr_line' id='line_1_39' title="bbox 372 3809 1585 3877; baseline -0.002 -12"><span class='ocrx_word' id='word_1_367' title='bbox 372 3813 466 3874; x_wconf 83' lang='lat' dir='ltr'>brata,</span> <span class='ocrx_word' id='word_1_368' title='bbox 494 3811 527 3862; x_wconf 89' lang='lat' dir='ltr'>ab</span> <span class='ocrx_word' id='word_1_369' title='bbox 544 3810 575 3861; x_wconf 85' lang='lat' dir='ltr'>iis</span> <span class='ocrx_word' id='word_1_370' title='bbox 590 3809 635 3874; x_wconf 87' lang='lat' dir='ltr'>qui</span> <span class='ocrx_word' id='word_1_371' title='bbox 648 3810 707 3874; x_wconf 75' lang='lat' dir='ltr'>eius</span> <span class='ocrx_word' id='word_1_372' title='bbox 721 3809 881 3860; x_wconf 86' lang='lat' dir='ltr'>auctoritate</span> <span class='ocrx_word' id='word_1_373' title='bbox 894 3820 958 3860; x_wconf 92' lang='lat' dir='ltr'>con·</span> <span class='ocrx_word' id='word_1_374' title='bbox 993 3823 1065 3863; x_wconf 89' lang='lat' dir='ltr'>auno</span> <span class='ocrx_word' id='word_1_375' title='bbox 1076 3813 1141 3862; x_wconf 76' lang='lat'>815:</span> <span class='ocrx_word' id='word_1_376' title='bbox 1158 3811 1396 3863; x_wconf 77' lang='lat' dir='ltr'>«contradicimus</span> <span class='ocrx_word' id='word_1_377' title='bbox 1409 3825 1541 3877; x_wconf 80' lang='lat' dir='ltr'>quoque,</span> <span class='ocrx_word' id='word_1_378' title='bbox 1554 3817 1585 3864; x_wconf 84' lang='lat' dir='ltr'>ut</span> 
     </span>
     <span class='ocr_line' id='line_1_40' title="bbox 371 3895 1584 3964; baseline -0.004 -11"><span class='ocrx_word' id='word_1_379' title='bbox 371 3900 502 3960; x_wconf 89' lang='lat' dir='ltr'>tinentur,</span> <span class='ocrx_word' id='word_1_380' title='bbox 528 3897 602 3950; x_wconf 91' lang='lat' dir='ltr'>nulla</span> <span class='ocrx_word' id='word_1_381' title='bbox 623 3897 679 3948; x_wconf 91' lang='lat' dir='ltr'>sint</span> <span class='ocrx_word' id='word_1_382' title='bbox 699 3908 810 3960; x_wconf 90' lang='lat' dir='ltr'>prorsus</span> <span class='ocrx_word' id='word_1_383' title='bbox 823 3900 849 3948; x_wconf 91' lang='lat' dir='ltr'>ct</span> <span class='ocrx_word' id='word_1_384' title='bbox 867 3895 958 3958; x_wconf 88' lang='lat' dir='ltr'>irrita,</span> <span class='ocrx_word' id='word_1_385' title='bbox 992 3897 1019 3949; x_wconf 93' lang='lat' dir='ltr'>in</span> <span class='ocrx_word' id='word_1_386' title='bbox 1041 3902 1138 3964; x_wconf 84' lang='lat' dir='ltr'>quarta</span> <span class='ocrx_word' id='word_1_387' title='bbox 1155 3899 1331 3964; x_wconf 87' lang='lat' dir='ltr'>generatione</span> <span class='ocrx_word' id='word_1_388' title='bbox 1352 3898 1445 3950; x_wconf 87' lang='lat' dir='ltr'>nullus</span> <span class='ocrx_word' id='word_1_389' title='bbox 1465 3899 1584 3963; x_wconf 87' lang='lat' dir='ltr'>amplius</span> 
     </span>
     <span class='ocr_line' id='line_1_41' title="bbox 371 3980 1585 4050; baseline -0.003 -13"><span class='ocrx_word' id='word_1_390' title='bbox 371 3983 677 4050; x_wconf 81' lang='lat' dir='ltr'>quandocumque-lege</span> <span class='ocrx_word' id='word_1_391' title='bbox 690 3981 880 4036; x_wconf 83' lang='lat' dir='ltr'>Ecclesiastica</span> <span class='ocrx_word' id='word_1_392' title='bbox 898 3982 962 4034; x_wconf 87' lang='lat' dir='ltr'>talia</span> <span class='ocrx_word' id='word_1_393' title='bbox 997 3983 1125 4049; x_wconf 83' lang='lat' dir='ltr'>conjugio</span> <span class='ocrx_word' id='word_1_394' title='bbox 1147 3983 1293 4048; x_wconf 91' lang='lat' dir='ltr'>copuletur</span> <span class='ocrx_word' id='word_1_395' title='bbox 1316 3999 1322 4033; x_wconf 78' lang='grc' dir='ltr'><strong>ι</strong></span> <span class='ocrx_word' id='word_1_396' title='bbox 1344 3980 1392 4034; x_wconf 90' lang='lat' dir='ltr'>ubi</span> <span class='ocrx_word' id='word_1_397' title='bbox 1418 3987 1585 4049; x_wconf 86' lang='lat' dir='ltr'>autempost</span> 
     </span>
    </p>
   </div>
   <div class='ocr_carea' id='block_1_6' title="bbox 371 4244 1589 4786">
    <p class='ocr_par' dir='ltr' id='par_1_8' title="bbox 371 4244 1589 4716">
     <span class='ocr_line' id='line_1_42' title="bbox 397 4244 1589 4304; baseline -0.005 -14"><span class='ocrx_word' id='word_1_398' title='bbox 397 4252 423 4301; x_wconf 80' lang='lat' dir='ltr'>(ll</span> <span class='ocrx_word' id='word_1_399' title='bbox 434 4249 556 4304; x_wconf 78' lang='lat' dir='ltr'>«diarriage</span> <span class='ocrx_word' id='word_1_400' title='bbox 573 4248 643 4299; x_wconf 85' lang='lat' dir='ltr'>ought</span> <span class='ocrx_word' id='word_1_401' title='bbox 652 4253 689 4287; x_wconf 88' lang='lat' dir='ltr'>not</span> <span class='ocrx_word' id='word_1_402' title='bbox 706 4253 727 4287; x_wconf 90' lang='lat' dir='ltr'>tc</span> <span class='ocrx_word' id='word_1_403' title='bbox 743 4247 769 4287; x_wconf 90' lang='lat' dir='ltr'>be</span> <span class='ocrx_word' id='word_1_404' title='bbox 778 4246 852 4287; x_wconf 83' lang='lat' dir='ltr'>within</span> <span class='ocrx_word' id='word_1_405' title='bbox 870 4246 906 4286; x_wconf 86' lang='lat' dir='ltr'>the</span> <span class='ocrx_word' id='word_1_406' title='bbox 917 4245 961 4286; x_wconf 84' lang='lat' dir='ltr'>de·</span> <span class='ocrx_word' id='word_1_407' title='bbox 1020 4246 1048 4296; x_wconf 76' lang='lat' dir='ltr'>(dl</span> <span class='ocrx_word' id='word_1_408' title='bbox 1057 4245 1215 4297; x_wconf 72' lang='lat' dir='ltr'>Presbyteriaui</span> <span class='ocrx_word' id='word_1_409' title='bbox 1224 4244 1246 4284; x_wconf 91' lang='lat' dir='ltr'>in</span> <span class='ocrx_word' id='word_1_410' title='bbox 1255 4257 1295 4284; x_wconf 84' lang='lat' dir='ltr'>sua</span> <span class='ocrx_word' id='word_1_411' title='bbox 1304 4245 1440 4285; x_wconf 76' lang='lat' dir='ltr'>consessione</span> <span class='ocrx_word' id='word_1_412' title='bbox 1453 4246 1531 4286; x_wconf 84' lang='lat' dir='ltr'>dicunt</span> <span class='ocrx_word' id='word_1_413' title='bbox 1542 4247 1589 4285; x_wconf 92' lang='lat' dir='ltr'>nul·</span> 
     </span>
     <span class='ocr_line' id='line_1_43' title="bbox 372 4314 1589 4371; baseline -0.004 -12"><span class='ocrx_word' id='word_1_414' title='bbox 372 4331 436 4371; x_wconf 82' lang='lat' dir='ltr'>grees</span> <span class='ocrx_word' id='word_1_415' title='bbox 445 4317 638 4369; x_wconf 81' lang='lat' dir='ltr'>olconsanguinity</span> <span class='ocrx_word' id='word_1_416' title='bbox 648 4316 760 4368; x_wconf 76' lang='lat' dir='ltr'>oraffinity</span> <span class='ocrx_word' id='word_1_417' title='bbox 771 4315 879 4355; x_wconf 79' lang='lat' dir='ltr'>forbidden</span> <span class='ocrx_word' id='word_1_418' title='bbox 891 4315 913 4355; x_wconf 90' lang='lat' dir='ltr'>in</span> <span class='ocrx_word' id='word_1_419' title='bbox 923 4317 960 4358; x_wconf 79' lang='lat' dir='ltr'>the</span> <span class='ocrx_word' id='word_1_420' title='bbox 993 4314 1242 4366; x_wconf 80' lang='lat' dir='ltr'>iambomuanmlegem</span> <span class='ocrx_word' id='word_1_421' title='bbox 1257 4326 1320 4367; x_wconf 83' lang='lat' dir='ltr'>posse</span> <span class='ocrx_word' id='word_1_422' title='bbox 1333 4316 1441 4368; x_wconf 77' lang='lat' dir='ltr'>conjugiis</span> <span class='ocrx_word' id='word_1_423' title='bbox 1465 4323 1540 4356; x_wconf 84' lang='lat' dir='ltr'>contra</span> <span class='ocrx_word' id='word_1_424' title='bbox 1558 4316 1589 4355; x_wconf 85' lang='lat' dir='ltr'>le-</span> 
     </span>
     <span class='ocr_line' id='line_1_44' title="bbox 372 4385 1589 4436; baseline -0.003 -8"><span class='ocrx_word' id='word_1_425' title='bbox 372 4389 440 4433; x_wconf 74' lang='lat' dir='ltr'>ward:</span> <span class='ocrx_word' id='word_1_426' title='bbox 452 4399 491 4426; x_wconf 93' lang='lat' dir='ltr'>nor</span> <span class='ocrx_word' id='word_1_427' title='bbox 503 4399 543 4426; x_wconf 90' lang='lat' dir='ltr'>can</span> <span class='ocrx_word' id='word_1_428' title='bbox 553 4387 607 4426; x_wconf 88' lang='lat' dir='ltr'>such</span> <span class='ocrx_word' id='word_1_429' title='bbox 618 4385 867 4436; x_wconf 81' lang='lat' dir='ltr'>incestuouamarriages</span> <span class='ocrx_word' id='word_1_430' title='bbox 877 4397 925 4426; x_wconf 84' lang='lat' dir='ltr'>ever</span> <span class='ocrx_word' id='word_1_431' title='bbox 933 4387 960 4426; x_wconf 79' lang='lat' dir='ltr'>bs</span> <span class='ocrx_word' id='word_1_432' title='bbox 993 4396 1042 4436; x_wconf 80' lang='lat' dir='ltr'>gem</span> <span class='ocrx_word' id='word_1_433' title='bbox 1052 4385 1146 4425; x_wconf 84' lang='lat' dir='ltr'>divinam</span> <span class='ocrx_word' id='word_1_434' title='bbox 1160 4385 1203 4424; x_wconf 83' lang='lat' dir='ltr'>vim</span> <span class='ocrx_word' id='word_1_435' title='bbox 1214 4385 1309 4425; x_wconf 85' lang='lat' dir='ltr'>tribuere</span> <span class='ocrx_word' id='word_1_436' title='bbox 1320 4391 1356 4424; x_wconf 89' lang='lat' dir='ltr'>:at</span> <span class='ocrx_word' id='word_1_437' title='bbox 1365 4392 1449 4426; x_wconf 85' lang='lat' dir='ltr'>constat</span> <span class='ocrx_word' id='word_1_438' title='bbox 1460 4398 1503 4425; x_wconf 95' lang='lat' dir='ltr'>non</span> <span class='ocrx_word' id='word_1_439' title='bbox 1513 4397 1589 4426; x_wconf 84' lang='lat' dir='ltr'>ornnes</span> 
     </span>
     <span class='ocr_line' id='line_1_45' title="bbox 371 4454 1588 4507; baseline -0.002 -11"><span class='ocrx_word' id='word_1_440' title='bbox 371 4457 434 4496; x_wconf 81' lang='lat' dir='ltr'>made</span> <span class='ocrx_word' id='word_1_441' title='bbox 452 4456 522 4497; x_wconf 85' lang='lat' dir='ltr'>lnwiui</span> <span class='ocrx_word' id='word_1_442' title='bbox 539 4456 565 4507; x_wconf 70' lang='lat' dir='ltr'>by</span> <span class='ocrx_word' id='word_1_443' title='bbox 581 4466 622 4506; x_wconf 74' lang='lat' dir='ltr'>any</span> <span class='ocrx_word' id='word_1_444' title='bbox 638 4455 678 4494; x_wconf 84' lang='lat' dir='ltr'>law</span> <span class='ocrx_word' id='word_1_445' title='bbox 688 4454 782 4504; x_wconf 84' lang='lat' dir='ltr'>niman,</span> <span class='ocrx_word' id='word_1_446' title='bbox 800 4466 825 4494; x_wconf 85' lang='lat' dir='ltr'>cr</span> <span class='ocrx_word' id='word_1_447' title='bbox 834 4461 922 4494; x_wconf 79' lang='lat' dir='ltr'>consent</span> <span class='ocrx_word' id='word_1_448' title='bbox 935 4456 963 4495; x_wconf 85' lang='lat' dir='ltr'>oi</span> <span class='ocrx_word' id='word_1_449' title='bbox 992 4454 1073 4505; x_wconf 82' lang='lat' dir='ltr'>gradus</span> <span class='ocrx_word' id='word_1_450' title='bbox 1087 4454 1192 4494; x_wconf 48' lang='lat' dir='ltr'>lncriticos</span> <span class='ocrx_word' id='word_1_451' title='bbox 1210 4454 1231 4494; x_wconf 92' lang='lat' dir='ltr'>in</span> <span class='ocrx_word' id='word_1_452' title='bbox 1243 4454 1360 4494; x_wconf 73' lang='lat' dir='ltr'>ruderarie</span> <span class='ocrx_word' id='word_1_453' title='bbox 1370 4455 1483 4506; x_wconf 80' lang='lat' dir='ltr'>aliquibus</span> <span class='ocrx_word' id='word_1_454' title='bbox 1495 4455 1588 4496; x_wconf 83' lang='lat' dir='ltr'>statibus</span> 
     </span>
     <span class='ocr_line' id='line_1_46' title="bbox 372 4523 1585 4578; baseline -0.001 -13"><span class='ocrx_word' id='word_1_455' title='bbox 372 4526 468 4578; x_wconf 83' lang='lat' dir='ltr'>parties,</span> <span class='ocrx_word' id='word_1_456' title='bbox 483 4537 507 4565; x_wconf 79' lang='lat' dir='ltr'>ao</span> <span class='ocrx_word' id='word_1_457' title='bbox 523 4537 553 4573; x_wconf 63' lang='lat' dir='ltr'>as⁴</span> <span class='ocrx_word' id='word_1_458' title='bbox 564 4526 626 4565; x_wconf 85' lang='lat' dir='ltr'>those</span> <span class='ocrx_word' id='word_1_459' title='bbox 638 4536 728 4576; x_wconf 78' lang='lat' dir='ltr'>persona</span> <span class='ocrx_word' id='word_1_460' title='bbox 738 4535 785 4577; x_wconf 74' lang='lat' dir='ltr'>may</span> <span class='ocrx_word' id='word_1_461' title='bbox 796 4524 837 4565; x_wconf 85' lang='lat' dir='ltr'>live</span> <span class='ocrx_word' id='word_1_462' title='bbox 846 4525 958 4575; x_wconf 83' lang='lat' dir='ltr'>together,</span> <span class='ocrx_word' id='word_1_463' title='bbox 993 4523 1145 4574; x_wconf 86' lang='lat' dir='ltr'>impedimenta</span> <span class='ocrx_word' id='word_1_464' title='bbox 1163 4523 1245 4562; x_wconf 84' lang='lat' dir='ltr'>baberi.</span> <span class='ocrx_word' id='word_1_465' title='bbox 1263 4540 1273 4560; x_wconf 76' lang='grc' dir='ltr'>ιι</span> <span class='ocrx_word' id='word_1_466' title='bbox 1289 4525 1312 4562; x_wconf 94' lang='lat' dir='ltr'>ln</span> <span class='ocrx_word' id='word_1_467' title='bbox 1326 4524 1409 4563; x_wconf 79' lang='lat' dir='ltr'>several</span> <span class='ocrx_word' id='word_1_468' title='bbox 1420 4525 1445 4563; x_wconf 82' lang='lat' dir='ltr'>ol</span> <span class='ocrx_word' id='word_1_469' title='bbox 1461 4525 1499 4564; x_wconf 80' lang='lat' dir='ltr'>tlro</span> <span class='ocrx_word' id='word_1_470' title='bbox 1509 4524 1585 4564; x_wconf 73' lang='lat' dir='ltr'>dotted</span> 
     </span>
     <span class='ocr_line' id='line_1_47' title="bbox 372 4593 1584 4650; baseline 0 -16"><span class='ocrx_word' id='word_1_471' title='bbox 372 4606 396 4634; x_wconf 83' lang='lat' dir='ltr'>as</span> <span class='ocrx_word' id='word_1_472' title='bbox 410 4606 458 4633; x_wconf 87' lang='lat' dir='ltr'>man</span> <span class='ocrx_word' id='word_1_473' title='bbox 476 4594 518 4646; x_wconf 84' lang='lat' dir='ltr'>and</span> <span class='ocrx_word' id='word_1_474' title='bbox 535 4593 611 4633; x_wconf 72' lang='lat' dir='ltr'>wire.»</span> <span class='ocrx_word' id='word_1_475' title='bbox 630 4593 778 4644; x_wconf 72' lang='lat' dir='ltr'>Presbyterian</span> <span class='ocrx_word' id='word_1_476' title='bbox 796 4593 918 4632; x_wconf 82' lang='lat' dir='ltr'>contession</span> <span class='ocrx_word' id='word_1_477' title='bbox 936 4593 960 4632; x_wconf 86' lang='lat' dir='ltr'>oi</span> <span class='ocrx_word' id='word_1_478' title='bbox 993 4593 1205 4644; x_wconf 81' lang='lat' dir='ltr'>States,marriages</span> <span class='ocrx_word' id='word_1_479' title='bbox 1222 4595 1297 4650; x_wconf 67' lang='lat' dir='ltr'>pitbin</span> <span class='ocrx_word' id='word_1_480' title='bbox 1315 4595 1351 4634; x_wconf 89' lang='lat' dir='ltr'>tbe</span> <span class='ocrx_word' id='word_1_481' title='bbox 1369 4595 1463 4634; x_wconf 78' lang='lat' dir='ltr'>levitica!</span> <span class='ocrx_word' id='word_1_482' title='bbox 1480 4595 1584 4646; x_wconf 79' lang='lat' dir='ltr'>degrccs,</span> 
     </span>
     <span class='ocr_line' id='line_1_48' title="bbox 371 4661 1585 4716; baseline 0 -13"><span class='ocrx_word' id='word_1_483' title='bbox 371 4663 424 4703; x_wconf 79' lang='lat' dir='ltr'>trith</span> <span class='ocrx_word' id='word_1_484' title='bbox 435 4663 483 4712; x_wconf 75' lang='lat' dir='ltr'>,cb</span> <span class='ocrx_word' id='word_1_485' title='bbox 493 4662 573 4710; x_wconf 71' lang='lat' dir='ltr'>xrir.§.</span> <span class='ocrx_word' id='word_1_486' title='bbox 584 4661 609 4700; x_wconf 82' lang='lat' dir='ltr'>iv.</span> <span class='ocrx_word' id='word_1_487' title='bbox 992 4663 1064 4702; x_wconf 77' lang='lat' dir='ltr'>under</span> <span class='ocrx_word' id='word_1_488' title='bbox 1077 4675 1136 4702; x_wconf 83' lang='lat' dir='ltr'>some</span> <span class='ocrx_word' id='word_1_489' title='bbox 1152 4669 1298 4714; x_wconf 70' lang='lat' dir='ltr'>exceptione,</span> <span class='ocrx_word' id='word_1_490' title='bbox 1318 4674 1356 4702; x_wconf 80' lang='lat' dir='ltr'>arc</span> <span class='ocrx_word' id='word_1_491' title='bbox 1373 4663 1437 4703; x_wconf 88' lang='lat' dir='ltr'>made</span> <span class='ocrx_word' id='word_1_492' title='bbox 1445 4664 1496 4704; x_wconf 83' lang='lat' dir='ltr'>void</span> <span class='ocrx_word' id='word_1_493' title='bbox 1505 4664 1533 4716; x_wconf 79' lang='lat' dir='ltr'>by</span> <span class='ocrx_word' id='word_1_494' title='bbox 1541 4670 1585 4703; x_wconf 80' lang='lat' dir='ltr'>sta-</span> 
     </span>
    </p>

    <p class='ocr_par' dir='ltr' id='par_1_9' title="bbox 396 4730 1587 4786">
     <span class='ocr_line' id='line_1_49' title="bbox 396 4730 1587 4786; baseline 0.003 -20"><span class='ocrx_word' id='word_1_495' title='bbox 396 4732 424 4782; x_wconf 69' lang='lat' dir='ltr'>lt)</span> <span class='ocrx_word' id='word_1_496' title='bbox 436 4730 486 4770; x_wconf 83' lang='lat' dir='ltr'>l&#39;ide</span> <span class='ocrx_word' id='word_1_497' title='bbox 496 4731 568 4770; x_wconf 83' lang='lat' dir='ltr'>licnt’o</span> <span class='ocrx_word' id='word_1_498' title='bbox 578 4730 696 4772; x_wconf 87' lang='lat' dir='ltr'>Comment.</span> <span class='ocrx_word' id='word_1_499' title='bbox 707 4731 748 4771; x_wconf 84' lang='lat' dir='ltr'>roi.</span> <span class='ocrx_word' id='word_1_500' title='bbox 758 4731 772 4772; x_wconf 88' lang='lat' dir='ltr'>ii</span> <span class='ocrx_word' id='word_1_501' title='bbox 782 4733 838 4771; x_wconf 80' lang='lat' dir='ltr'>Leni.</span> <span class='ocrx_word' id='word_1_502' title='bbox 848 4733 957 4772; x_wconf 76' lang='lat' dir='ltr'>urinas.</span> <span class='ocrx_word' id='word_1_503' title='bbox 992 4738 1045 4773; x_wconf 89' lang='lat' dir='ltr'>tute.</span> <span class='ocrx_word' id='word_1_504' title='bbox 1052 4735 1105 4773; x_wconf 79' lang='lat' dir='ltr'>licut</span> <span class='ocrx_word' id='word_1_505' title='bbox 1114 4733 1166 4774; x_wconf 88' lang='lat' dir='ltr'>ibid.</span> <span class='ocrx_word' id='word_1_506' title='bbox 1176 4731 1201 4785; x_wconf 68' lang='lat' dir='ltr'>(li</span> <span class='ocrx_word' id='word_1_507' title='bbox 1212 4733 1316 4774; x_wconf 72' lang='lat' dir='ltr'>(laniari.</span> <span class='ocrx_word' id='word_1_508' title='bbox 1324 4734 1351 4785; x_wconf 71' lang='lat' dir='ltr'>(a)</span> <span class='ocrx_word' id='word_1_509' title='bbox 1362 4732 1440 4774; x_wconf 79' lang='lat' dir='ltr'>Canii.</span> <span class='ocrx_word' id='word_1_510' title='bbox 1450 4733 1479 4786; x_wconf 76' lang='grc'>[6)</span> <span class='ocrx_word' id='word_1_511' title='bbox 1487 4733 1587 4774; x_wconf 68' lang='grc' dir='ltr'>(ζωὴ.</span> 
     </span>
    </p>
   </div>
   <div class='ocr_carea' id='block_1_7' title="bbox 0 0 1919 5550">
    <p class='ocr_par' dir='ltr' id='par_1_10' title="bbox 0 0 1919 5550">
     <span class='ocr_line' id='line_1_50' title="bbox 0 0 1919 5550; baseline 0 0"><span class='ocrx_word' id='word_1_512' title='bbox 0 0 1919 5550; x_wconf 95' lang='lat' dir='ltr'> </span> 
     </span>
    </p>
   </div>
  </div>
 </body>
</html>
