3792 5550
668 577 738 627 CAP.
756 578 798 627 vl.
818 575 948 629 inruunt
967 572 1173 625 TESTIMONIA.
1471 570 1521 621 ¹23

301 706 415 746 earrram
439 694 601 757 salvatoris,
614 697 641 745 et
655 690 725 745 bibit
741 691 892 758 pretiosum
929 689 1017 741 tiaret.
1028 686 1063 735 »ὓ
1078 690 1110 740 llt
1123 709 1130 737 ι
1141 687 1235 751 «Quid
1246 688 1320 739 enirn
1333 687 1447 753 prodest
1460 698 1520 739 eor-

307 779 365 845 ejus
383 778 553 845 sanguinem,
574 778 645 831 sicut
662 778 721 843 ipse
735 778 788 841 ait,
808 792 892 830 unum
927 789 980 841 pus
992 782 1020 827 et
1038 775 1201 841 sanguinem
1213 774 1287 826 illius
1298 785 1347 826 ore
1360 774 1519 838 percipere,

306 864 444 929 quoddam
457 879 518 917 cum
531 864 710 930 comperitur
729 864 892 918 commixtus
927 866 955 913 et
968 858 993 911 ei
1005 861 1143 925 perversis
1164 859 1288 913 moribus
1301 858 1461 911 contrairet
1475 876 1491 905 »
1508 858 1519 891 ⁸

303 951 425 1015 quodum
443 952 525 1004 modo
538 958 565 1003 et
576 951 716 1003 immixtus
733 950 757 1002 ei
771 963 819 1015 per
831 963 893 1015 par·
961 947 1019 997 l75.
1035 946 1085 995 l'll.
1102 945 1218 997 Saecolo.
1237 946 1265 995 S.
1289 944 1410 995 isidorus
1428 943 1520 1008 llispa·

305 1035 498 1101 ticipationem‚
523 1044 550 1090 et
572 1037 696 1091 uicissim
718 1036 845 1089 Christus
864 1036 892 1088 in
924 1022 1032 1083 'lensi82
1050 1032 1132 1083 ‘Non
1146 1030 1417 1083 communicaverunt
1431 1028 1520 1093 l'el'lffli

305 1120 373 1185 ipso,
393 1142 405 1167 »
432 1121 441 1154 ¹
926 1116 1070 1180 Apostoll,
1090 1114 1154 1180 quia
1167 1127 1280 1167 necesse
1290 1120 1363 1176 erat,
1376 1119 1406 1165 ut
1417 1114 1521 1165 Pascha

336 1207 394 1257 169.
413 1208 439 1258 S.
459 1210 553 1259 Petrus
575 1207 758 1274 Chrysologus
772 1200 809 1257 εἰ(
821 1208 893 1261 Teti-
927 1200 995 1252 illud
1015 1199 1135 1266 typicum
1148 1205 1228 1251 antea
1248 1198 1416 1264 impleretur,
1435 1202 1463 1250 et
1479 1197 1520 1249 sic

304 1290 341 1357 git
352 1291 544 1345 vestimentum
561 1292 659 1344 Christi
682 1292 789 1357 mulier,
804 1298 831 1345 et
848 1308 893 1346 sa·
927 1285 1019 1338 denuo
1033 1285 1173 1338 adrerum
1186 1284 1296 1336 Paschae
1314 1285 1519 1335 Sacramentum

303 1381 363 1429 nata
388 1383 448 1440 est,
468 1384 496 1429 et
512 1380 546 1430 ab
567 1380 681 1445 antiquo
705 1384 747 1431 est
766 1379 891 1431 absoluta
925 1371 1084 1424 transirent·
1101 1373 1158 1424 1106
1183 1370 1257 1422 enim
1279 1369 1439 1434 mysterium
1453 1374 1519 1422 tunc

303 1462 443 1527 languore.
466 1450 572 1516 urserit
587 1464 632 1529 qui
656 1464 891 1530 quotidianorpus
925 1460 1026 1511 sactum
1056 1462 1113 1520 est,
1144 1457 1220 1521 q¹¹0d
1248 1456 1366 1523 Primum
1391 1455 1519 1521 dissilllffi

298 1546 400 1599 christi
427 1554 574 1601 tractamus
598 1555 625 1602 et
652 1550 805 1615 sumimus,
826 1556 891 1605 eta
925 1556 1026 1610 corpus
1050 1550 1078 1597 et
1105 1542 1267 1610 sanguinem
1302 1541 1410 1594 Domini
1431 1541 1518 1593 nostri

302 1634 790 1688 nostrisuulneribusnoneuramur.
811 1636 849 1682 »²
925 1643 982 1683 nou
1008 1633 1171 1694 acceperunt
1192 1629 1288 1694 jejuni.
1320 1628 1360 1679 nb
1391 1626 1518 1679 universa

333 1719 392 1769 llo.
409 1719 450 1769 Vl.
467 1720 583 1772 saeeulo.
603 1722 630 1771 S.
645 1722 779 1772 caesarius
799 1723 890 1775 Arela-
925 1720 1018 1766 autem
1037 1713 1159 1765 Ecclesia
1175 1727 1248 1766 nunc
1268 1713 1395 1779 aiejunis
1410 1724 1519 1777 sempor

299 1803 387 1855 tensis
406 1818 412 1853 .·
429 1820 445 1851 c
464 1806 578 1856 Sacrum
596 1804 643 1859 Dei
657 1805 695 1856 tui
714 1817 831 1871 corpus,
847 1820 893 1858 sa·
926 1800 1067 1865 accipitur.
1087 1820 1100 1845 n
1123 1799 1133 1833 ⁷

300 1886 414 1939 cerdote
439 1887 636 1952 dispensante,
664 1893 769 1941 tantum
794 1897 836 1943 est
864 1892 892 1943 in
960 1886 1018 1935 ¹⁷⁴·
1039 1884 1105 1934 Vlll·
1131 1884 1249 1935 Saeculo·
1271 1885 1298 1933 S·
1323 1886 1445 1937 loannes
1468 1888 1520 1938 Da·

294 1972 401 2037 exiguo
413 2010 420 2035 ‚
434 1978 566 2037 quantum
580 1986 641 2027 esse
655 1975 802 2027 consentin
816 1979 890 2029 tolo:
927 1983 1073 2022 mascenus
1087 1984 1094 2021 :
1111 1989 1124 2015 a
1141 1972 1196 2021 dec
1208 1980 1275 2022 uero
1287 1969 1368 2035 panis
1385 1976 1414 2022 ct
1425 1970 1520 2024 uinum

299 2056 374 2121 quod
401 2071 463 2109 oum
491 2056 611 2111 Ecclesia
634 2059 755 2113 fidelium
784 2063 890 2126 sumit,
926 2056 1027 2125 Christi
1050 2056 1174 2122 corporis
1199 2060 1227 2107 et
1263 2054 1404 2121 sanguinis
1435 2057 1520 2121 ligura

292 2141 367 2194 sicut
379 2143 491 2207 plenum
504 2143 532 2195 in
546 2144 690 2209 universis,
703 2145 740 2199 ita
752 2146 890 2213 integrum
925 2148 1004 2203 suntt
1018 2142 1104 2205 absit,
1120 2141 1170 2195 sed
1182 2143 1281 2207 ipsum
1295 2142 1402 2195 bomini
1418 2154 1519 2207 corpus

291 2239 360 2279 esse
378 2228 509 2293 probatur
527 2230 554 2281 in
573 2229 697 2297 singulis.
747 2269 753 2282 .
792 2271 797 2282 .
835 2270 842 2283 .
880 2270 886 2285 .
924 2226 1025 2280 deitate
1046 2229 1199 2280 donatum:
1221 2240 1284 2281 cum
1306 2227 1366 2293 ipse
1385 2228 1517 2280 bomiuus

299 2314 351 2365 Nee
375 2314 484 2366 dubitet
506 2315 651 2381 quisquam
689 2350 693 2353 -
699 2354 888 2370 .....
923 2313 1041 2367 dixerit:
1059 2316 1115 2367 lloc
1135 2320 1194 2378 est,
1212 2327 1267 2367 nou
1287 2312 1375 2380 ligura
1393 2313 1522 2379 corporis-

290 2404 452 2463 creaturas,
465 2404 534 2452 nutu
552 2401 682 2465 potentiae
693 2442 698 2464 ,
710 2401 738 2453 in
755 2402 890 2457 bominici
923 2400 995 2463 mei,
1013 2400 1062 2453 sed
1076 2412 1178 2465 corpus
1190 2412 1303 2451 meum:
1322 2410 1413 2464 neque
1431 2398 1517 2465 ligura

291 2484 421 2550 corporis
433 2498 515 2550 posse
524 2486 640 2539 transire
651 2491 791 2550 naturam,
803 2502 889 2554 quan·
923 2485 1085 2554 sanguinis,
1100 2486 1149 2539 scd
1163 2485 1276 2550 sanguis
1290 2498 1378 2537 meus.
1391 2486 1424 2537 lit
1436 2490 1521 2537 antea

290 2568 332 2621 «do
366 2570 565 2623 benedicendae
599 2571 691 2625 verbis
728 2572 888 2626 coelestibus
922 2571 1028 2623 ludaeis
1046 2571 1151 2623 dixerat
1169 2584 1176 2620 :
1192 2587 1209 2617 u
1230 2571 1298 2621 caro
1317 2581 1379 2621 mea
1394 2582 1458 2622 uere
1474 2573 1518 2622 est

289 2660 429 2706 creaturae
448 2655 532 2707 sacris
545 2656 676 2709 altaribus
700 2658 889 2723 imponuntur,
923 2674 939 2705 u
956 2657 1034 2711 cibus
1045 2694 1053 2721 ,
1066 2663 1094 2709 et
1106 2655 1219 2722 sanguis
1232 2668 1311 2707 meus
1324 2667 1390 2708 vere
1409 2659 1451 2707 est
1468 2667 1518 2721 po·

291 2740 451 2792 substantia
466 2741 520 2794 illis
536 2748 578 2795 est
594 2741 673 2809 panis
691 2749 718 2797 et
738 2743 794 2798 vini
806 2757 814 2806 3
827 2749 891 2810 pout
923 2762 939 2793 u
957 2750 1022 2798 tus:
1037 2743 1125 2810 etqui
1142 2743 1291 2796 manducat
1302 2754 1356 2805 me,
1369 2740 1450 2795 uiuet.
1464 2740 1503 2788 »⁸
1572 2751 1577 2759 ’

291 2827 377 2880 uerba
390 2833 483 2880 autem
495 2829 606 2894 Christi,
621 2842 720 2895 corpus
736 2836 764 2883 et
776 2833 889 2898 sanguis
962 2833 1021 2884 lib.
1034 2831 1075 2882 lll.
1086 2830 1201 2883 Saeculo.
1218 2831 1245 2881 S.
1264 2828 1432 2894 llicepborus
1448 2829 1518 2880 con·

290 2920 337 2966 est
357 2915 459 2968 Christi
472 2931 478 2966 :
493 2916 557 2982 qnid
573 2922 664 2969 autem
681 2918 793 2982 mirum,
812 2918 888 2984 sica,
922 2917 1185 2984 stantinopolitanus
1213 2915 1370 2968 Potriarcba
1393 2931 1401 2967 .·
1427 2934 1440 2961 α
1461 2918 1516 2968 Νοε

296 3011 355 3062 quae
369 3000 457 3053 verbo
470 3013 562 3070 creare
575 3002 672 3066 potuit,
690 3002 778 3068 possit
798 3011 888 3058 creata
927 3004 1240 3070 enimcatbolieineque
1257 3003 1415 3070 imaginem,
1426 3015 1516 3068 neque

292 3088 480 3140 convertere?
495 3087 540 3134 εὃ
922 3089 1036 3156 liguram
1057 3089 1182 3155 corporis
1203 3088 1276 3141 illius
1298 3089 1356 3141 lraec
1376 3088 1513 3151 dicimus,

330 3173 387 3224 l'll.
407 3174 434 3222 S.
447 3172 593 3238 Gregorius
611 3175 798 3226 Turonensis:
812 3195 824 3220 α
840 3176 888 3227 lle·
922 3173 986 3226 lieet
998 3173 1148 3240 symbolice
1160 3174 1350 3234 conficiantur,
1361 3174 1410 3225 sed
1424 3173 1515 3238 ipsum

298 3254 479 3310 demusenim
493 3257 597 3308 scelera
615 3261 709 3309 nostra
746 3297 752 3308 .
792 3297 797 3309 .
836 3297 842 3310 .
881 3298 886 3310 .
921 3259 1021 3310 Christi
1040 3258 1329 3323 corpusdeilieatum;
1344 3259 1418 3310 illius
1441 3259 1515 3312 enim

297 3354 358 3395 cum
381 3354 435 3395 nos
458 3339 578 3392 mundos
601 3352 662 3392 esse
687 3341 842 3405 nescimus,
862 3349 889 3395 et
922 3341 1040 3394 dicentis
1061 3352 1113 3394 vox
1134 3346 1200 3394 est:
1225 3342 1310 3392 «Nisi
1335 3342 1517 3396 manducare·

290 3417 443 3492 adipsum
472 3427 556 3476 altare
583 3424 688 3477 bomini
708 3425 886 3488 accedentes,
923 3447 935 3472 a
958 3425 1019 3478 ritis
1043 3438 1153 3479 carnem
1169 3425 1228 3477 Filii
1246 3425 1385 3500 bominis,
1400 3427 1527 3480 etbibe··

288 3513 430 3565 audenter
443 3515 567 3562 sanctum
589 3523 688 3577 corpus
707 3513 765 3578 ejus
785 3519 811 3565 et
825 3527 887 3566 san·
922 3533 934 3558 a
956 3512 1015 3565 ritis
1040 3511 1100 3578 eius
1129 3510 1312 3578 sanguinem,
1334 3529 1346 3559 a
1371 3519 1437 3574 etc.;
1462 3513 1515 3566 boc

288 3598 427 3665 guinem,
446 3610 507 3650 cum
524 3597 610 3650 simus
632 3603 693 3652 actu
711 3599 825 3665 polluti,
840 3614 887 3666 po·
921 3597 996 3652 enim
1013 3598 1151 3664 apostolis
1165 3596 1312 3650 exhibebat
1324 3611 1330 3648 :
1342 3597 1513 3663 blandueate,

291 3684 348 3736 tius
360 3679 547 3749 adjudicium,
567 3697 649 3750 quam
665 3690 695 3737 ut
706 3684 813 3739 veniam
824 3698 886 3740 eon·
919 3687 973 3740 lroc
995 3692 1037 3738 est
1059 3698 1159 3752 corpus
1178 3699 1289 3746 meum,
1318 3685 1432 3751 dicens,
1456 3698 1513 3740 non

288 3782 457 3836 -Setluamllr,
475 3768 619 3822 sumimus.
632 3769 670 3816 ει
918 3772 1066 3839 imaginem
1082 3773 1206 3839 corporis
1224 3772 1288 3825 mei.
1310 3793 1322 3818 a
1341 3773 1352 3806 ⁰

328 3856 884 3922 lrascmgoriusu.eossonuspastor
938 3848 1009 3911 ¹176.
1038 3859 1199 3912 Paschasius
1233 3858 1387 3911 Radbertus
1420 3858 1511 3912 Abbas

291 3953 342 4006 pro
362 3942 459 3995 ovibus
477 3945 534 3994 suis
550 3944 670 3993 animam
683 3955 759 3994 suam
773 3942 883 4006 posuit,
918 3945 1093 3998 corbeiensis
1111 3947 1143 3997 de
1155 3946 1330 3997 sacramento
1347 3945 1467 4009 corpora
1485 3950 1512 3996 et

294 4033 322 4079 ut
334 4027 361 4079 in
380 4030 554 4080 sacramento
576 4032 671 4081 nostro
693 4039 793 4092 corpus
805 4039 900 4078 suum*
920 4033 1065 4098 corpalais
1086 4033 1190 4086 chricti
1200 4045 1284 4099 agens
1299 4047 1307 4083 z
1321 4051 1337 4079 κ
1348 4032 1442 4083 Nullus
1452 4044 1512 4085 mc·

287 4117 321 4164 -et
337 4114 497 4180 sanguinem
520 4117 657 4176 verteret,
684 4119 711 4165 et
734 4124 800 4166 oves
816 4124 885 4177 quas
919 4122 1016 4168 veatur
1039 4117 1074 4168 de
1098 4118 1151 4170 boc
1181 4128 1297 4181 corpore
1324 4121 1351 4168 et
1378 4115 1511 4180 sanguine

290 4198 465 4262 redemerat,
488 4199 578 4253 carnis
603 4211 660 4252 suae
684 4198 817 4250 alimento
841 4210 885 4250 sa·
920 4199 1118 4266 Christi‚quod
1131 4201 1158 4253 in
1169 4200 1299 4266 mysterio
1309 4211 1373 4254 uera
1383 4199 1418 4252 sit
1431 4211 1508 4265 caro,

314 4470 344 4522 lt)
357 4471 381 4512 L.
390 4470 418 4512 iv.
428 4470 451 4512 in
460 4473 521 4514 ioan.
531 4485 550 4514 e.
560 4473 615 4514 nri.
853 4471 855 4476 '
940 4471 967 4522 (c)
982 4472 1007 4512 L.
1016 4472 1040 4513 ii.
1051 4471 1073 4513 in
1083 4473 1121 4514 Ee.
1130 4473 1190 4513 bom.
1199 4471 1249 4512 xxii.

318 4539 345 4591 lt)
356 4539 425 4581 serm.
438 4541 509 4582 xxxiii.
521 4554 543 4583 n.
550 4547 583 4582 tlt.
938 4539 966 4592 (7)
976 4541 1000 4582 l..
1007 4541 1033 4582 de
1042 4543 1099 4582 Eccl.
1108 4541 1164 4582 offic.
1173 4554 1193 4582 c.
1202 4541 1261 4583 xviii.

319 4605 346 4658 (a)
360 4610 424 4650 Hom.
433 4599 476 4651 rii.
491 4611 518 4650 de
532 4611 610 4652 Pascb.
941 4611 968 4660 lt)
986 4609 1045 4651 L.iv.
1058 4611 1133 4652 deiide
1142 4611 1260 4652 orthodoxa
1269 4623 1288 4655 e,
1297 4612 1343 4652 xiii.

312 4674 345 4727 dt]
357 4677 381 4717 l..
394 4677 408 4717 i.
417 4678 443 4718 de
452 4678 639 4732 gloriellartym.
653 4679 727 4721 lxxxvi.
941 4678 970 4731 (9)
983 4679 1112 4722 Antirrbetic
1126 4680 1149 4720 ii.

315 4743 347 4796 lit]
358 4745 382 4787 L.
390 4745 406 4788 i.
419 4747 530 4800 inllrang.
539 4749 598 4789 bom.
609 4748 650 4790 rie.
660 4759 682 4790 n.
690 4753 709 4790 l.
