3792 5550
357 548 408 598 oto
664 546 780 598 Tuscu.
798 545 873 597 xiil.
893 547 935 598 DE
953 544 1064 598 stultis
1082 545 1263 598 obulstntls.

358 658 540 713 suffecerunt,
562 662 688 712 Errorem
714 665 876 714 novatorum
903 661 951 714 de·
984 661 1052 713 tium
1066 675 1082 713 a
1097 661 1204 714 christo
1226 661 1402 722 institutum,
1426 658 1536 713 visibile
1553 665 1580 712 et
1623 641 1636 661 ”

356 745 421 798 simi
445 745 514 798 serti
540 746 659 808 saeouli,
689 745 737 811 qui
760 746 833 811 apud
853 759 950 800 eorum
983 753 1140 812 externum,
1166 745 1209 800 oui
1230 753 1345 812 utraque
1359 747 1487 812 potestas
1506 757 1580 798 eom-

358 836 509 883 seetatoras
529 830 619 882 adhue
640 829 728 896 viget,
752 831 952 888 damnaverunt
982 832 1059 898 petit.

357 921 451 982 patres
475 915 626 968 Tridentini
648 929 655 967 z
676 936 688 961 α
709 917 738 968 Si
763 918 826 982 quis
852 919 951 972 dixerit
1016 915 1058 970 bl.
1072 915 1205 982 liquidem
1213 916 1300 981 liquet
1310 928 1359 968 eos
1369 915 1417 980 qui
1432 914 1580 968 Antioohiae

358 1014 415 1054 non
439 1014 501 1054 esse
521 1001 551 1053 in
571 1013 643 1055 novo
660 1004 835 1059 Testamenta
854 1019 951 1060 snoer-
981 1001 1160 1054 rersabantur
1177 1001 1320 1067 propbetae
1342 1006 1371 1053 et
1391 1000 1526 1062 doctores
1545 1002 1581 1054 ri-

359 1086 465 1139 dotium
480 1086 588 1139 visibile
607 1093 635 1140 et
649 1093 808 1152 arternum
832 1091 876 1143 vel
892 1103 949 1144 non
982 1087 1071 1140 sibilis
1085 1091 1112 1139 et
1121 1085 1227 1138 externi
1238 1085 1387 1139 sacerdotii
1397 1099 1516 1142 munere
1525 1086 1582 1138 inn-

356 1184 420 1224 esse
442 1175 607 1235 potestatem
630 1172 751 1239 aliquam
764 1175 947 1230 consecrandi
981 1179 1041 1226 atos
1067 1185 1146 1234 esse,
1174 1171 1250 1236 qnod
1267 1171 1302 1223 de
1325 1171 1464 1224 sacrificio
1490 1171 1581 1225 oblato

356 1262 385 1308 et
402 1254 534 1309 offerendi
553 1270 649 1310 verum
670 1271 770 1326 corpus
794 1264 822 1313 et
838 1262 949 1328 sangui·
981 1264 1044 1325 apte
1079 1257 1258 1324 intelligitur,
1290 1259 1368 1324 iuxta
1401 1271 1486 1310 usum
1514 1257 1581 1312 sacri

357 1354 421 1393 nem
433 1341 558 1407 bomini,
573 1349 600 1396 et
617 1349 728 1409 peecata
744 1345 902 1399 remittendi
921 1353 949 1400 et
981 1345 1142 1411 scriptoris:
1156 1347 1334 1414 servandam
1349 1343 1579 1414 sievraurarvptp,

356 1428 508 1491 retinendi,
523 1429 572 1482 sed
585 1429 704 1484 oilleium
714 1434 820 1484 uatum
850 1439 878 1485 et
897 1442 948 1484 nn·
981 1433 1021 1482 :al
1041 1431 1172 1482 »amatim
1194 1447 1200 1482 :
1223 1431 1475 1483 «ministrantibus
1492 1437 1580 1484 autem

356 1514 424 1568 dum
444 1515 627 1570 ministerium
646 1517 813 1582 praedienndi
828 1520 948 1586 Evange·
981 1517 1035 1570 illis
1060 1518 1176 1572 bomino
1199 1523 1226 1570 et
1242 1517 1444 1584 jejunantibus.
1466 1517 1582 1570 r¹Con·

356 1599 443 1664 lium,
473 1602 517 1655 vel
540 1615 592 1656 eos
617 1603 665 1669 qui
697 1616 754 1657 non
782 1604 947 1670 praedicant,
981 1608 1034 1656 stat
1048 1617 1159 1670 quoque
1180 1603 1235 1656 ritu
1254 1609 1388 1666 externo,
1404 1602 1580 1668 impositione

356 1698 473 1752 prorsus
498 1700 554 1740 nun
577 1690 824 1754 esseaaoardotes;
838 1693 950 1745 nnatbe-
981 1689 1087 1744 seilicet
1118 1700 1267 1754 manuum,
1287 1691 1403 1742 Paulum
1426 1695 1454 1742 et
1484 1691 1580 1740 Barna·

357 1784 404 1823 mu
421 1771 485 1824 sit.»
507 1773 516 1806 ¹
727 1794 729 1797 ·
981 1775 1045 1828 bam
1059 1775 1105 1840 ‚in
1127 1789 1230 1828 munus
1243 1775 1278 1828 ad
1290 1775 1366 1841 quod
1379 1773 1510 1840 aSpiritn
1521 1787 1579 1826 sau·

576 1862 739 1927 Propontis
981 1865 1026 1912 oto
1044 1859 1143 1913 delecti
1165 1866 1262 1924 erant,
1274 1859 1360 1912 luisse
1388 1863 1578 1919 consecratam

392 1949 438 1999 list
449 1946 559 2002 innovo
574 1950 751 2002 Testamenta
762 1950 947 2011 sacerdotium
981 1957 1085 2011 eosque
1099 1959 1148 2012 per
1166 1945 1293 2010 singulas
1309 1943 1450 1997 lloolesias
1470 1943 1579 2010 presby-

265 2038 270 2046 ·
356 2031 464 2086 visibile
479 2034 735 2096 etexternnm;eui
753 2035 884 2101 competit
901 2045 948 2100 po
981 2035 1055 2086 teros
1070 2045 1202 2084 mannum
1222 2032 1402 2098 impositione
1424 2032 1577 2084 constituis·

355 2120 442 2170 testas
454 2119 634 2171 consecrandi
652 2124 680 2171 et
700 2116 833 2172 offerendi
851 2133 948 2174 verum
980 2129 1029 2180 se,
1042 2116 1055 2149 ⁸*
1065 2121 1093 2170 et
1107 2117 1195 2170 Titum
1207 2121 1319 2170 Crelaea
1332 2117 1417 2170 Paulo
1430 2117 1574 2180 relietum,

358 2213 460 2267 eorpus
480 2208 509 2255 et
530 2203 695 2269 sanguinem
715 2204 877 2270 bomini,et
888 2217 949 2270 peo-
980 2200 1046 2253 utin
1059 2201 1299 2266 qualibetoivitate
1314 2203 1508 2270 presbyterum
1517 2215 1579 2256 eon·

335 2340 338 2344 A
358 2290 419 2337 eata
431 2286 587 2340 remittendi
597 2292 625 2339 et
634 2287 780 2339 retinendi.
981 2285 1106 2338 stitueret
1125 2301 1132 2337 :
1162 2289 1272 2354 ‹lluJus
1285 2289 1325 2340 rei
1343 2287 1433 2355 gratia
1447 2288 1544 2355 reliqui
1552 2292 1577 2340 tn

391 2372 434 2422 36.
453 2371 592 2424 Probatur
609 2374 634 2422 l.
645 2384 681 2424 ex
700 2372 860 2437 scripturis.
872 2373 948 2426 cbri-
981 2372 1084 2434 Cretae,
1097 2377 1129 2424 ut
1144 2385 1177 2426 ea
1195 2385 1257 2438 quae
1278 2374 1381 2426 desunt
1401 2374 1541 2440 corrigam
1553 2379 1578 2425 et

356 2461 418 2508 stus
429 2461 493 2521 post
503 2456 680 2509 Eucharistiae
696 2457 947 2523 consecrationem,
981 2455 1133 2510 constituas
1158 2471 1207 2523 per
1233 2459 1359 2513 civitates
1385 2459 1575 2526 presbyteros,

359 2555 416 2607 qua
431 2553 529 2596 verum
542 2543 597 2594 beo
615 2543 689 2594 Patri
707 2541 826 2606 obtulit,
837 2543 876 2595 uti
888 2555 949 2609 pre·
981 2540 1053 2594 sicut
1070 2547 1097 2594 et
1116 2555 1168 2609 ego
1191 2543 1317 2608 disposui
1335 2544 1420 2596 tibi.»
1437 2546 1576 2606 musices

359 2627 697 2692 buvimllmaorissoium,
719 2627 805 2681 dixit:
822 2629 949 2682 «110on
981 2628 1042 2676 surb
1059 2627 1122 2678 uitri
1136 2627 1304 2698 rptcaariprm,
1324 2639 1353 2682 ὃς
1367 2631 1412 2696 ἰγό
1423 2651 1460 2681 σω
1473 2630 1576 2696 durnin·

357 2712 412 2765 cite
433 2716 462 2765 in
483 2725 575 2765 meam
600 2713 950 2778 ceninenses-adorem·
980 2712 1261 2776 pr1.⁷lteexterno
1285 2723 1312 2770 et
1332 2716 1437 2770 visibili
1458 2717 1576 2769 ministe-

358 2800 518 2851 mandatum
530 2799 597 2851 illud
609 2798 743 2851 offerendi
755 2800 893 2865 spostolis
901 2800 950 2853 de·
980 2799 1021 2853 rio
1046 2800 1120 2865 qnod
1144 2806 1309 2867 perpetuum
1330 2802 1400 2856 soret
1423 2804 1518 2855 nullus
1539 2808 1577 2855 est

359 2883 413 2941 dit,
425 2887 452 2934 et
470 2882 587 2947 proinde
595 2895 643 2935 eos
660 2883 802 2935 eonmituit
819 2884 948 2937 saeerdu·
981 2883 1092 2937 relictus
1112 2885 1258 2939 dubitandi
1283 2888 1379 2949 loeus,
1400 2888 1471 2941 iilud
1489 2894 1576 2941 tutem

358 2974 415 3027 tss;
434 2973 516 3019 nemo
535 2967 609 3019 enirn
622 2967 670 3032 eui
679 2968 808 3020 sacerdos
818 2980 874 3021 non
892 2969 948 3033 sit,
981 2969 1165 3022 sacerdotium
1177 2984 1252 3032 esse,
1266 2979 1294 3025 et
1306 2978 1424 3039 utraque
1442 2984 1577 3041 quamar-

356 3058 449 3120 potest
466 3065 561 3107 verum
588 3059 615 3107 et
637 3056 795 3120 proprium,
809 3055 891 3119 quale
903 3060 949 3108 est
979 3054 1123 3120 posuimus
1142 3061 1279 3120 potestate
1296 3058 1464 3123 praeditum,
1489 3073 1522 3113 ex
1533 3059 1577 3111 ad-

357 3138 545 3205 nucerensis,
558 3138 947 3193 offerresaeriueiumbieen-
980 3139 1071 3192 ductis
1089 3140 1188 3193 Christi
1206 3142 1314 3195 Domini
1338 3144 1431 3197 verbis
1460 3150 1575 3198 constat.

356 3226 396 3280 do
412 3226 466 3279 illie
482 3242 489 3277 :
504 3246 517 3272 α
529 3226 650 3292 noeipite
660 3225 790 3293 Spiritum
799 3232 924 3280 sanatum
937 3242 946 3279 ε
979 3226 1075 3278 llerito
1097 3226 1180 3291 igitur
1192 3227 1292 3279 Paulus
1310 3241 1341 3281 se
1355 3242 1481 3295 suosque
1495 3230 1578 3283 eolle-

355 3322 476 3378 qnorum
484 3311 649 3365 remiseritis
658 3315 787 3376 peecata,
805 3310 948 3364 remittnn·
981 3324 1029 3379 gas
1046 3312 1144 3365 Christi
1158 3312 1301 3367 ministros
1322 3318 1350 3367 et
1368 3316 1576 3382 dispensatores

356 3402 402 3448 tur
413 3395 473 3448 eis:
489 3408 607 3462 quornm
629 3396 816 3461 retinueritis,
842 3402 947 3450 retenta
980 3396 1171 3463 mysteriorum
1185 3396 1344 3451 divinorum
1354 3400 1497 3462 exhibuit;
1508 3406 1578 3466 post·

358 3481 494 3542 sunt;»⁸
512 3482 588 3534 dedit
610 3488 773 3547 potestsvem
793 3483 949 3535 remittendi
980 3481 1157 3545 neamenim
1179 3482 1207 3533 in
1228 3484 1319 3537 studia
1343 3496 1441 3539 eorum
1472 3486 1521 3552 qui
1549 3500 1577 3539 se

355 3574 385 3621 et
403 3567 538 3619 retinendi
554 3573 675 3631 peecata.
701 3569 785 3621 Porro
802 3574 946 3633 utramque
979 3566 1147 3631 spoliemur
1167 3568 1259 3633 cepha
1271 3571 1412 3637 magist-ris
1425 3572 1578 3639 gloriaban-

276 3684 282 3695 .
356 3655 521 3718 potestatem
539 3657 699 3717 perpetuam
724 3664 787 3704 essa
807 3654 893 3717 liquet
913 3665 946 3705 ex
980 3655 1043 3713 tur,
1064 3651 1186 3705 invectus
1211 3652 1324 3718 luisset,
1344 3668 1459 3709 omnem
1485 3658 1577 3723 lruJus-

356 3736 441 3789 Panlo
454 3735 570 3787 dooente
587 3741 702 3799 mortem
721 3736 827 3788 bomini
840 3750 946 3791 annun·
980 3736 1054 3789 modi
1075 3737 1344 3804 considerationem,
1366 3755 1430 3805 quae
1453 3742 1577 3808 singulos

356 3819 945 3889 tiandanreucharistiaecelebrationeusque
980 3820 1160 3886 respiciebat,
1190 3822 1282 3876 altiori
1303 3824 1458 3895 ministerii
1476 3826 1576 3879 rationi

354 3906 467 3971 adeius
490 3905 643 3960 seeundum
663 3906 830 3969 adventum3
860 3915 888 3962 et
911 3924 946 3963 ex
979 3905 1078 3959 redere
1111 3905 1213 3959 debere
1240 3910 1349 3962 monuit
1379 3924 1386 3960 ε
1415 3930 1429 3957 e
1459 3911 1504 3965 sie
1526 3923 1576 3963 nos

356 3990 448 4046 verbis
467 3990 616 4057 promissis
627 3992 770 4057 potestatis
788 3993 944 4048 remittendi
980 3990 1118 4043 existimet
1151 3992 1235 4045 bomo
1267 3999 1297 4045 ut
1333 3994 1478 4048 ministros
1502 3994 1576 4047 cbri-

356 4082 468 4143 peecata
489 4075 628 4130 collationi
650 4092 691 4126 :e
707 4078 781 4129 sient
801 4079 875 4131 misit
901 4092 946 4132 me
981 4079 1040 4141 sti,
1078 4083 1105 4129 et
1135 4078 1342 4144 dispensatores
1383 4082 1578 4148 mysteriorum

356 4164 454 4226 Pater,
474 4167 502 4215 et
514 4174 565 4228 ego
577 4162 655 4215 mitto
666 4174 733 4214 vos:
749 4182 761 4208 r>
775 4162 786 4195 ⁸
802 4164 861 4216 baee
874 4164 947 4236 seili-
982 4161 1037 4213 llei.
1048 4158 1084 4208 »⁸

356 4248 562 4299 eetostendunt
575 4253 738 4312 potestatem
755 4248 947 4301 banoadmis·
1012 4249 1054 4299 38.
1082 4246 1220 4301 Probatur
1240 4249 1265 4300 i.
1286 4263 1322 4303 ex
1344 4253 1505 4306 traditione.
1533 4256 1583 4307 Tot

355 4332 484 4395 sionem,
508 4340 536 4385 et
567 4334 681 4398 proinde
704 4334 739 4385 ad
761 4334 945 4387 ministerium
980 4344 1044 4397 quaa
1063 4332 1240 4398 allegavimus
1263 4338 1376 4389 Petrum
1403 4340 1585 4401 testimonia,

358 4416 503 4481 pertinere.
530 4419 578 4469 list
595 4416 677 4483 igitur
699 4431 794 4471 verum
818 4420 942 4473 sacerdo·
975 4417 1041 4470 dum
1059 4416 1096 4469 de
1115 4418 1292 4472 Eucharistiae
1311 4423 1472 4488 Sacrificio,
1494 4429 1523 4479 et
1538 4437 1587 4491 po-

389 4678 419 4726 (l)
429 4676 488 4715 Sess-
500 4674 613 4717 uilium.
621 4676 636 4717 i.
645 4677 735 4729 (sibun.
745 4678 796 4719 nii.
809 4684 841 4720 la.
1011 4679 1038 4731 (dl
1052 4678 1133 4721 ibidem
1143 4681 1184 4721 niv.
1199 4684 1232 4723 ii.
1245 4682 1273 4736 (i)
1287 4684 1329 4725 iit.
1340 4685 1355 4726 i.
1374 4690 1395 4726 i·

388 4745 419 4788 tsi
430 4746 492 4785 loro.
500 4756 533 4783 ιι.
540 4747 574 4785 2³.
583 4746 611 4798 (t)
621 4747 746 4797 lhidemffl.
755 4749 792 4800 ξω)
800 4752 846 4789 dni·
854 4748 899 4789 xiii.
906 4752 925 4788 i.
1010 4749 1041 4799 (il
1051 4748 1068 4788 1.
1075 4749 1125 4790 Cor.
1135 4749 1163 4792 iv.
1174 4755 1192 4791 l.
