3792 5550
284 552 286 557 ’
347 585 395 637 rsa
660 580 776 631 rnaer.
794 578 862 628 xru.
882 580 910 629 r.
930 576 951 627 r.
969 575 1013 627 nu
1031 570 1257 625 nucunnrsrm.

347 706 402 751 tam
429 698 473 750 liei
500 704 526 749 el
545 697 693 749 salvatoris
718 694 804 747 nostri
826 692 934 743 munili-
969 698 1032 758 ptos
1053 689 1201 757 quiritum
1224 683 1381 739 celebrandi
1394 683 1563 736 Sacrificium

344 774 473 837 centiam.
974 789 1053 830 novae
1072 774 1140 841 legis
1158 772 1315 827 continent,
1331 769 1375 822 iric
1385 769 1565 835 intelligimus

976 862 1156 928 titurgiarum
1168 858 1290 911 nomine.

559 953 663 1003 CAPUT
682 952 722 1001 lx.
1007 949 1066 1000 2⁰0.
1079 945 1304 1011 lieLiturgiarum
1317 940 1489 1011 antiquitate,
1498 955 1566 1007 qua·

975 1046 1035 1085 rum
1049 1033 1141 1097 plures
1157 1030 1349 1095 Apostolorum
1363 1028 1446 1089 Petri,
1459 1026 1563 1086 iacobi,

553 1136 584 1173 ns
602 1136 735 1173 inunctis.
975 1125 1003 1171 et
1023 1116 1202 1183 Evangelislae
1226 1114 1306 1167 llarci
1320 1114 1500 1179 praeseferunt
1516 1126 1565 1166 no·

438 1241 440 1247 -
976 1204 1060 1265 mina,
1076 1198 1566 1264 intereruditoshominesdiscepta·

384 1298 441 1349 288.
462 1298 498 1347 lie
523 1293 651 1359 liturgiis
676 1292 778 1358 aliquid
805 1292 939 1351 diximus,
976 1297 1033 1341 tum
1055 1293 1123 1340 est:
1145 1288 1194 1339 sed
1217 1298 1312 1338 eorum
1335 1284 1421 1337 nobis
1435 1284 1567 1349 probatur

349 1382 400 1434 sed
419 1394 503 1445 quum
518 1378 709 1445 gravissimum
724 1376 943 1429 constituantur·
978 1373 1113 1427 sententia
1134 1373 1180 1437 nui
1201 1376 1356 1437 agnoscunt
1376 1382 1471 1421 earum
1502 1368 1566 1421 sub·

351 1471 529 1533 gementum,
552 1465 586 1516 de
600 1462 633 1515 iis
646 1462 792 1527 specialius
806 1461 941 1527 agendum
979 1461 1108 1513 stantiam
1144 1461 1179 1512 ad
1213 1444 1358 1524 apostolos
1394 1457 1568 1511 referendam

351 1553 488 1605 duximus.
507 1550 640 1615 Equidem
654 1548 712 1601 deri
729 1562 785 1601 non
805 1548 894 1613 potuit
913 1553 944 1598 ut
977 1560 1040 1599 esse
1049 1545 1348 1610 auctores‚‘qrratenus
1356 1556 1418 1609 quae
1429 1543 1566 1610 praecipua

350 1640 441 1692 cultus
463 1638 590 1703 publicus
602 1635 734 1689 doetrinae
752 1634 907 1699 praedicatae
917 1639 944 1686 et
978 1633 1276 1698 suntpraescripserunt
1286 1632 1346 1684 vira
1358 1644 1436 1691 voce,
1447 1630 1568 1683 etsacris

351 1724 425 1789 apud
437 1736 533 1777 earnes
547 1727 663 1787 receptae
678 1733 733 1773 non
754 1720 942 1785 responderet.
979 1718 1112 1770 ministris
1123 1718 1339 1779 demandarunt,
1353 1717 1385 1769 ad
1398 1730 1494 1769 eorum
1507 1729 1568 1767 suc—

352 1808 447 1862 llerito
461 1808 563 1861 idcirco
575 1808 685 1873 scripsit
697 1807 859 1859 celestinus
876 1808 895 1856 l.
910 1806 944 1857 ad
979 1815 1104 1857 cessores
1133 1803 1351 1856 transmittenda.
1377 1804 1443 1853 liam
1472 1801 1568 1867 primis

351 1894 499 1947 Galliarum
519 1894 682 1958 Episcopus,
694 1905 766 1943 anno
784 1893 829 1943 tal
846 1907 852 1940 :
870 1911 882 1937 «
896 1890 945 1943 ola
980 1890 1046 1954 ipsis
1066 1890 1175 1941 saeculis
1188 1890 1290 1953 scripto
1315 1888 1441 1940 traditam
1466 1884 1569 1939 verosi-

355 1976 540 2032 secra'tionum
553 1990 664 2043 quoque
677 1970 888 2029 sacerdotalium
901 1979 945 2028 Sa·
979 1976 1044 2027 mile
1055 1981 1112 2027 est:
1125 1988 1188 2027 nam
1201 1976 1236 2027 de
1249 1989 1329 2039 prece
1343 1975 1428 2027 altera
1438 1972 1570 2027 schisma·

352 2068 493 2119 cramenta
520 2064 719 2129 respiciamus,
739 2076 800 2127 qnae
821 2064 855 2114 ab
875 2065 945 2127 Apo·
979 2060 1097 2113 ticorum
1109 2067 1138 2112 et
1150 2061 1342 2113 haereticorum
1356 2060 1391 2111 ad
1403 2060 1508 2120 altare,
1521 2058 1569 2109 illi-

355 2150 434 2203 stolis
452 2148 551 2201 tradita
571 2148 599 2199 in
620 2153 678 2200 toto
700 2148 804 2199 mundo
823 2154 905 2211 alque
917 2148 944 2198 iu
979 2147 1041 2198 citis
1053 2146 1168 2199 vocibus
1179 2152 1335 2209 constante,
1355 2144 1506 2211 Cyprianus
1528 2144 1569 2195 lo·

353 2229 430 2287 omni
463 2232 597 2284 catholica
627 2233 746 2284 Ecclesia
774 2232 947 2285 uniformiter
980 2231 1267 2296 quitur3quapropter
1286 2231 1342 2295 jam
1365 2241 1473 2294 precem
1498 2228 1569 2280 sole-

355 2318 565 2378 celebrantur,·
580 2322 609 2367 ut
631 2316 718 2391 legem
749 2316 878 2369 credendi
903 2318 946 2373 lert
980 2312 1569 2370 mnemcertisconstantcmverbisadlrilreri

355 2408 457 2455 statuat
470 2402 650 2467 supplicandi.
665 2422 677 2447 a
981 2401 1160 2461 acatholicis,
1172 2400 1418 2465 daturiutelligere.
1427 2402 1492 2451 Eam
1505 2412 1569 2451 vero

391 2490 448 2541 ⁶289.
459 2495 579 2555 Arosapen
591 2500 642 2541 vox
657 2494 699 2541 est
712 2491 804 2541 Graeca
814 2502 876 2554 quae
885 2503 948 2541 artu·
981 2488 1040 2540 sola
1063 2477 1250 2539 ministrorum
1268 2485 1400 2537 momoria
1427 2484 1518 2536 nixam
1541 2489 1568 2535 ut

356 2588 410 2627 rins
426 2574 576 2640 patricam,
588 2572 738 2640 significat,
755 2586 863 2625 sacrum
877 2586 948 2639 prae·
981 2577 1137 2625 servaretur
1167 2571 1213 2624 vix
1246 2571 1340 2622 credet
1362 2570 1408 2635 qui
1436 2569 1567 2635 liturgias

357 2660 450 2713 sertim
472 2658 763 2723 ministerium'populi
786 2658 875 2711 fidelis
897 2672 947 2713 no·
981 2657 1182 2711 vetustissimas
1201 2656 1364 2721 perlegerit,
1384 2668 1447 2720 quae
1460 2655 1568 2720 prolixae

357 2747 431 2799 mine
448 2758 465 2798 a
482 2745 624 2798 sacerdote
643 2749 793 2809 peractum.
813 2746 850 2796 lie
868 2744 948 2796 mini·
981 2744 1136 2796 nimissunt
1149 2742 1264 2795 utiaoile
1277 2741 1454 2795 retineantur.
1470 2743 1567 2794 llarum

358 2831 442 2884 sterio
466 2829 612 2882 sacerdotii
633 2829 734 2882 veteris
757 2831 830 2894 apud
848 2833 947 2882 Lucam
982 2830 1050 2882 mira
1074 2829 1101 2880 in
1126 2831 1208 2881 rebus
1232 2828 1377 2894 praecipuis
1404 2827 1566 2887 concordia,

358 2920 505 2979 usurpatur
518 2915 545 2966 in
560 2913 785 2980 Evangelio‚¹de
796 2928 873 2968 sacro
884 2919 947 2969 nori
982 2928 1156 2969 communem
1186 2929 1279 2981 equo
1309 2915 1445 2966 linxerunt
1465 2913 1566 2968 fontem

356 2999 524 3054 Testamenti
549 3013 663 3052 munere
689 3000 717 3050 in
735 2999 808 3052 dctis
834 3002 948 3065 llposto-
982 3003 1110 3065 denotat,
1125 3008 1152 3055 et
1164 3015 1225 3068 quae
1239 3015 1271 3054 ex
1284 3002 1391 3066 publica
1413 3000 1536 3053 oratione
1553 3013 1567 3050 a

358 3085 863 3153 lOl'llliiintrrroprpurrnrcastrenriprrrrprrr.²
879 3085 948 3138 illud
983 3088 1118 3154 cypriano
1147 3087 1264 3152 allisque
1281 3086 1419 3147 citamur,
1441 3084 1476 3137 ils
1495 3084 1568 3137 inve·

359 3171 510 3237 avulgato
540 3171 689 3236 interprete
708 3170 846 3224 redditum
878 3177 946 3222 est:
983 3172 1097 3225 niuntur
1114 3184 1250 3233 consona,
1275 3171 1310 3222 ita
1336 3176 1365 3222 ut
1384 3176 1440 3222 tota
1453 3169 1567 3236 liturgia

358 3255 607 3308 ellinistrantibus
637 3255 690 3308 illis
719 3257 890 3317 Dominus»
914 3257 948 3308 ab
984 3260 1050 3312 inde
1067 3259 1158 3325 colligi
1180 3257 1384 3324 quodammodo
1401 3256 1498 3321 possit.
1518 3260 1565 3308 tlte

359 3345 472 3396 Erasmo
487 3359 493 3394 :
511 3364 522 3388 ιι
546 3345 612 3395 Cum
630 3343 669 3394 illi
692 3343 876 3396 sacrificarent
898 3345 950 3397 lto·
983 3352 1072 3398 terum
1085 3335 1240 3399 verosimile
1258 3350 1300 3396 est
1312 3342 1446 3408 liturgias
1459 3354 1508 3406 por
1522 3340 1567 3393 tria

359 3429 949 3495 mino;»quamvimvociinesseEpiscopus
984 3432 1075 3497 priora
1108 3431 1209 3482 saecula
1236 3430 1364 3480 manilius
1398 3428 1568 3480 sacerdotum

358 3517 523 3581 Anglieanus
546 3517 714 3582 Buekeridge
731 3516 802 3580 apud
816 3515 951 3568 oxonien-
984 3516 1027 3569 uel
1056 3516 1171 3566 aliorum
1211 3527 1351 3567 sacrorum
1382 3513 1568 3565 ministrorum

359 3613 405 3651 ses
418 3599 491 3657 haud
505 3598 665 3650 diffitetur.i
683 3601 768 3652 Graeci
791 3611 887 3652 vocem
907 3613 951 3650 re·
985 3604 1092 3652 tantum
1114 3599 1164 3650 teri
1188 3598 1383 3660 consuevisse,
1412 3609 1464 3650 nec
1490 3597 1569 3648 luisse

312 3709 313 3714 κ
359 3682 519 3744 tinuerunt,
539 3695 625 3746 eaque
644 3683 790 3750 designant
809 3683 889 3734 ritum
910 3697 953 3735 sa·
983 3685 1117 3750 vulgatas,

360 3765 492 3820 orificium
505 3766 677 3829 celebrandi,
698 3781 780 3832 quem
792 3768 877 3818 Latini
890 3767 952 3819 illis-
1019 3770 1077 3821 alil.
1098 3770 1247 3834 Praecipuae
1273 3768 1399 3835 Liturgiae
1418 3767 1568 3820 orientales

360 3865 419 3903 sam
435 3857 542 3904 vocant.
556 3851 652 3904 Libros
671 3856 728 3903 tum
750 3864 870 3916 graecos,
894 3859 951 3904 tum
986 3867 1076 3921 graeco
1089 3853 1219 3906 idiomate
1234 3860 1351 3906 exaratae
1368 3858 1440 3905 sunt.
1453 3851 1570 3917 liturgia

361 3937 475 4000 latinos,
486 3937 529 3990 vel
542 3935 593 3988 alia
607 3936 702 4001 queris
724 3936 816 4002 lingua
830 3939 952 3990 conseri·
986 3942 1013 3992 S.
1027 3938 1123 3992 Jacolri
1137 3951 1169 3991 ea
1182 3938 1281 3991 dicitur
1300 3950 1362 4004 quae
1378 3936 1570 4004 Hierosolymis

388 4221 414 4266 (ll
430 4221 481 4260 Luc.
492 4219 505 4259 i.
515 4221 547 4258 tt.
559 4219 586 4270 lt)
596 4217 639 4258 dot.
649 4217 693 4257 xiii.
703 4221 721 4256 a.
1016 4220 1045 4268 it)
1060 4220 1112 4260 «tlt
1131 4221 1167 4260 tire
1184 4219 1268 4260 ancient
1286 4218 1385 4270 liturgias
1405 4230 1470 4270 agree
1492 4219 1514 4258 in
1533 4218 1573 4257 tlr'rs

390 4290 416 4340 (a)
427 4303 437 4327 n
448 4289 502 4328 Tirat
512 4287 581 4327 which
593 4297 624 4326 nte
633 4287 684 4327 read
695 4289 849 4339 mtnrsserrrtng,
860 4289 877 4329 is
887 4295 955 4330 trans·
990 4289 1053 4328 Form
1063 4288 1088 4328 of
1096 4289 1175 4341 Prayer
1190 4289 1268 4328 almost
1278 4287 1298 4327 in
1308 4289 1344 4326 the
1362 4299 1423 4327 same
1440 4288 1525 4338 words,
1539 4287 1575 4326 but

364 4357 420 4398 laled
431 4358 458 4410 by
475 4359 578 4396 Erasmus
595 4361 617 4394 to
633 4356 659 4396 be
673 4357 796 4408 sacriliuing
804 4384 810 4403 ‚
823 4358 956 4408 sacrifican-
990 4361 1042 4412 fully
1058 4361 1100 4400 and
1115 4361 1196 4412 exacti]
1209 4361 1232 4400 iu
1247 4362 1284 4400 the
1294 4373 1354 4400 same
1366 4360 1576 4412 cense,order‚end

364 4426 420 4466 tibur
430 4427 483 4476 iliis,
491 4425 533 4465 and
543 4425 665 4476 sacrificing
676 4427 712 4466 did
723 4428 794 4479 surely
802 4427 869 4480 imply
878 4429 915 4468 tire
923 4441 955 4469 re
988 4431 1089 4479 method3
1109 4429 1180 4473 ehieh
1190 4431 1314 4476 wbosoeter
1322 4431 1446 4484 attentively
1453 4430 1577 4476 considers,

363 4495 954 4564 presentationol'Cnnrsr'sSaorilicerendtireuordin
988 4505 1046 4540 must
1063 4499 1089 4539 be
1106 4499 1222 4540 conrinoed
1240 4500 1287 4539 that
1303 4499 1347 4540 tlris
1368 4500 1433 4540 order
1454 4500 1479 4540 ol
1502 4511 1578 4552 prayer

364 4563 954 4618 arrrenpyrvrrmuolleringoidivineworslriprrand
987 4580 1031 4610 rrae
1047 4569 1153 4609 delivered
1172 4575 1193 4608 to
1216 4571 1252 4610 tire
1270 4568 1350 4609 several
1371 4570 1479 4610 channen
1499 4569 1521 4608 in
1543 4569 1579 4610 tlre

365 4643 390 4671 so
399 4633 458 4672 there
475 4643 519 4672 was
537 4633 613 4673 thena
632 4633 736 4685 Liturgy,
747 4633 789 4673 and
808 4634 835 4673 ali
847 4634 955 4686 Liturgies
988 4649 1038 4690 very
1056 4637 1104 4678 first
1120 4638 1238 4690 plantation
1257 4639 1299 4678 and
1317 4638 1439 4678 settlernerrt
1451 4639 1554 4679 orthem.
1569 4653 1578 4674 r

365 4700 407 4740 irad
416 4700 459 4741 this
473 4701 623 4742 Sacramentin
631 4703 697 4742 tlrem.
708 4715 719 4737 u
730 4700 809 4754 ltislrop
821 4703 955 4757 nucleridge
989 4707 1068 4760 Bishop
1078 4708 1127 4751 Bnll
1138 4706 1182 4748 xiii.
1191 4709 1280 4751 Sermon
1286 4708 1346 4762 ,apud
1356 4705 1496 4760 Oxonienses,
1505 4709 1548 4751 roi.
1556 4707 1580 4747 ii.

365 4769 423 4821 apud
431 4770 574 4824 oxonienses,
584 4771 624 4812 vol.
637 4771 664 4812 ir.
674 4773 699 4812 N.
713 4777 746 4811 trl.
988 4777 1059 4817 Tract.
1066 4777 1090 4818 ll.
1099 4783 1131 4818 tit.
1552 4767 1555 4774 Ι
