3792 5550
631 573 700 624 cll.
719 573 786 627 vill.
805 573 847 626 DE
867 571 1016 638 (includit
1034 571 1199 624 nlnrsrlttl.
1473 581 1522 634 337

304 691 366 743 talis
388 687 586 755 patriarchatus
606 688 708 742 limites
740 688 896 755 praesertim
929 692 961 740 ut
984 687 1147 741 diaconatus
1159 687 1242 742 etiam
1254 690 1410 746 conferatur
1421 697 1523 760 quaesi-

304 776 501 839 exercebat,et
516 776 543 828 iu
557 774 896 828 eatriarelrarumeloetio-
930 779 988 827 tum
1013 779 1070 838 est,
1097 775 1204 828 indulto
1231 778 1351 842 quodam
1372 781 1523 835 iunocentii

306 875 341 914 ue
351 861 539 915 confirmanda
559 860 654 915 debuit
667 861 825 927 prospicere
835 860 895 912 aliie
935 858 1003 912 vlll.
1019 861 1168 912 aanoldis
1181 860 1310 928 allegato,
1323 877 1422 931 puoea
1441 867 1523 920 datur
1538 899 1540 906 ν

303 961 351 1013 per
360 951 448 1000 totum
466 947 562 1000 orbem
584 945 726 1010 ecclesiis,
746 946 774 999 ri
794 944 895 998 summi
930 944 1047 997 facultas
1065 945 1161 997 Abbati
1179 946 1373 1016 cisterciensi,
1388 952 1462 1017 quod
1481 958 1524 1005 ta-

304 1033 346 1084 sui
360 1032 500 1095 muneris,
524 1037 551 1084 el
571 1029 754 1085 solicitudinis
771 1035 897 1096 pastora—
929 1043 994 1083 men
1008 1029 1160 1097 genuinum
1177 1043 1237 1084 esse
1260 1034 1302 1088 vel
1316 1034 1452 1102 integrum
1464 1038 1525 1104 plu-

304 1119 347 1172 lis.
366 1118 584 1172 llinc‘iaotumut
595 1124 719 1184 potestas
739 1116 896 1185 ejuslracin
929 1129 975 1170 res
989 1122 1099 1183 negant.
1117 1117 1195 1183 Apud
1210 1119 1364 1187 Theologos
1383 1123 1440 1188 jam
1454 1124 1523 1178 oliti·

306 1218 335 1256 re
354 1203 441 1270 magis
458 1217 489 1256 se
509 1203 685 1270 explicuerit,
703 1202 896 1270 progrediente
929 1201 990 1254 nirit
1013 1202 1149 1255 sententia
1169 1215 1231 1268 quae
1251 1211 1333 1270 negat
1351 1203 1523 1261 sacerdotem

307 1296 438 1355 tempore.
452 1291 573 1342 ioannes
589 1289 666 1341 xllll.
675 1290 721 1356 jus
733 1286 896 1355 designandi
916 1282 1014 1354 'posse
1027 1287 1222 1351 diaconatum,
1240 1291 1327 1343 multo
1351 1290 1443 1345 minus
1463 1307 1525 1360 pre·

307 1374 458 1441 Episcopus
478 1387 574 1428 omnes
598 1377 705 1428 Sanctae
725 1375 789 1427 sedi
807 1385 896 1427 reser-
930 1374 1116 1440 soporatum,
1130 1373 1211 1426 etiam
1221 1387 1254 1428 ex
1263 1374 1402 1430 corticeis
1412 1389 1524 1431 conces·

307 1461 385 1514 ravit.
404 1461 436 1513 ln
454 1461 688 1530 Metropolitarum
706 1460 897 1528 designatione
931 1459 1025 1523 sione,
1041 1458 1182 1525 impertiri.
1194 1461 1231 1512 lle
1249 1459 1304 1513 lida
1316 1465 1359 1514 est
1370 1474 1430 1514 eam
1441 1475 1523 1528 quam

305 1559 354 1599 seu
371 1546 583 1600 confirmatione
603 1546 633 1637 ip
652 1547 836 1612 patriarchatu
850 1557 897 1599 oc-
930 1544 1058 1611 Episcopi
1076 1545 1180 1598 habeut
1197 1546 1343 1600 ordinandi
1357 1553 1520 1614 potestatem

306 1629 432 1684 cidentali
456 1643 565 1697 semper
582 1632 726 1685 cousuevit
745 1633 791 1698 jus
815 1643 897 1683 suum
931 1641 988 1683 non
1001 1643 1062 1683 cssc
1074 1629 1127 1683 illis
1139 1644 1202 1684 cum
1219 1632 1387 1698 presbyteris
1399 1645 1521 1686 commu·

307 1730 451 1781 exercere,
464 1718 543 1783 cujus
566 1716 686 1783 insignia
711 1717 834 1781 exempla
851 1717 898 1769 ha·
931 1727 995 1769 nem
1014 1731 1020 1767 ε
1038 1715 1076 1768 ita
1097 1717 1171 1769 enim
1191 1716 1244 1770 ieri
1259 1717 1417 1771 Tridentina
1430 1717 1525 1772 dedui-

305 1798 404 1856 lentur
420 1805 452 1856 in
468 1803 673 1856 cantuariensis
693 1801 822 1856 Ecclesiae
833 1815 897 1869 sep·
932 1804 989 1853 tio:
1007 1801 1059 1852 «Sl
1070 1800 1132 1866 quis
1152 1800 1266 1866 dixerit,
1279 1802 1439 1869 Episcopos.
1461 1841 1467 1854 .

305 1885 895 1956 luagintaierelraesulibus‚a&Augustino
930 1895 988 1938 non
1006 1885 1287 1951 haberepotestatem
1307 1923 1314 1939 .
1338 1925 1345 1938 .
1366 1926 1373 1940 .
1393 1887 1524 1940 ordinan-

305 1975 455 2041 snglorum
472 1975 619 2039 apostolo,
638 1973 671 2026 ad
690 1977 897 2040 tempususque
931 1970 969 2032 di;
980 1971 1023 2024 vel
1039 1970 1311 2036 eamquamlrabent,
1330 1971 1523 2025 illisessecum

307 2060 413 2115 Eenrici
433 2059 499 2110 lllll.
513 2099 519 2122 ‚
533 2059 664 2124 deinceps
678 2063 706 2112 et
717 2059 821 2123 liariae,
833 2073 898 2126 quo·
932 2056 1526 2123 preshyterlscommunemanathemasitm

306 2157 366 2196 rum
378 2147 473 2211 plures
485 2149 574 2198 sunta
590 2146 710 2198 Summis
719 2145 897 2199 Pontificibus
966 2143 1023 2195 158.
1035 2141 1112 2208 llpud
1124 2142 1287 2209 duplicanos
1299 2143 1328 2193 in
1345 2140 1472 2195 confesso
1482 2148 1524 2194 est

307 2233 459 2287 consecrati
471 2274 477 2294 ,
488 2233 580 2287 caeteri
599 2235 697 2286 saltem
710 2233 829 2299 probati.
844 2233 898 2286 Eo-
932 2227 1023 2280 solum
1040 2227 1205 2293 Episcopum
1223 2238 1307 2292 posse
1324 2226 1524 2293 episcopatum,

306 2332 366 2372 rum
379 2320 480 2374 seriem
492 2320 641 2375 novissime
654 2319 836 2374 exhibuerunt
845 2325 897 2372 pn.
930 2314 1189 2380 presbyteratumet
1201 2312 1523 2378 diaconatum‚quostres

306 2405 420 2472 glicani,
431 2407 636 2461 successionem
644 2408 829 2474 apostolicam
843 2406 896 2460 sibi
933 2403 1085 2466 ignoscunt
1097 2398 1369 2462 Old11108›0011se¹'i³·
1384 2399 1523 2466 Preiblliss·
1629 2469 1631 2473 ,

305 2489 403 2545 austra
414 2492 595 2558 vindicantes,
604 2507 689 2558 quum
701 2492 789 2546 serius
801 2497 897 2546 patena
931 2484 1001 2536 riani
1014 2485 1098 2536 ritum
1107 2484 1288 2537 ordinationis
1303 2497 1319 2536 a
1330 2483 1456 2537 ministro
1474 2483 1521 2549 qui

278 2580 282 2589 ·
305 2576 376 2641 apud
399 2578 581 2631 eospesperp,
932 2568 1014 2620 coetui
1024 2567 1136 2621 cuilibet
1146 2574 1260 2632 praeest,
1273 2580 1328 2620 una
1339 2581 1401 2620 cum
1411 2569 1525 2634 preshy-

339 2661 398 2713 ιω,
423 2662 489 2724 Quae
515 2662 544 2712 in
573 2660 723 2713 poederaris
749 2659 898 2726 provinciis
932 2651 1018 2715 terio,
1049 2652 1124 2718 quod
1155 2652 1243 2705 tribus
1268 2653 1365 2705 saltem
1391 2653 1525 2707 ministris

305 2755 381 2797 nunc
393 2743 499 2798 obtinet
513 2745 582 2799 ratio
606 2744 770 2813 designandi
783 2745 898 2812 Episco-
932 2749 996 2792 curn
1023 2736 1178 2791 senioribus
1189 2737 1270 2793 laicis
1287 2743 1410 2806 constat,
1431 2739 1524 2806 perlici

304 2841 373 2893 pos.
383 2834 439 2895 est,
450 2836 480 2884 ut
491 2830 526 2883 ab
539 2831 682 2898 Episcopis
694 2832 823 2886 omnibus
835 2843 899 2899 pro·
932 2824 1051 2888 (iovem,
1065 2836 1196 2877 manuum
1221 2825 1411 2891 ἰωβθῦἰῑῑθῡθ,
1432 2827 1525 2881 delie-

306 2915 405 2969 vinciae
415 2922 472 2970 tres
483 2917 714 2971 commendentur
726 2917 897 2983 sacerdotes,
932 2911 972 2963 ris
996 2909 1127 2977 deinssilli
1151 2910 1222 2964 diiii
1249 2912 1277 2963 5¹¹
1306 2914 1437 2967 consortii
1454 2914 1526 2968 indi-

307 3002 450 3067 equinus,
463 3002 534 3056 silla
548 3005 660 3056 Summo
672 3001 797 3058 Pontifici
809 2999 899 3058 ridea-
931 2996 1015 3051 cium.
1035 2997 1181 3064 Baptistae,
1196 2997 1333 3065 quisnam
1352 3012 1367 3052 a
1384 3001 1525 3067 Presbyte-

306 3091 361 3151 tur,
382 3088 541 3155 designetur
564 3090 724 3155 Episcopus.
736 3089 746 3123 ¹
770 3090 899 3144 sacerdo
932 3083 1018 3137 manis
1029 3083 1166 3150 originem
1180 3083 1282 3149 ubique
1294 3085 1429 3150 produnt,
1440 3098 1456 3137 a
1467 3099 1527 3152 pre·

307 3175 350 3223 tes
370 3178 399 3225 et
422 3173 467 3225 alii
480 3172 618 3227 inferioris
636 3174 744 3227 ordinis
759 3174 851 3238 clerici
863 3175 899 3227 ab
932 3166 1160 3233 sbyieriomanus
1173 3167 1527 3233 imponendasdocentmo·

307 3255 606 3326 Episcopis'singulis,
628 3264 709 3325 prout
732 3259 760 3311 in
782 3257 898 3312 nomino
932 3250 1062 3304 thodistae
1073 3251 1243 3317 episcopales
1260 3254 1295 3306 ad
1308 3254 1439 3307 loannem
1450 3257 1523 3307 Wes-

305 3340 503 3407 meminerit,
525 3344 698 3422 ordinantur,
717 3349 745 3398 et
762 3345 797 3397 ad
819 3356 896 3398 sacra
932 3336 989 3401 ley,
1005 3340 1087 3387 ⁸0⁰²ae
1097 3340 1313 3401 spendetorem,
1327 3338 1370 3391 illi
1383 3340 1525 3406 elimpi-
1544 3330 1550 3341 ”

306 3425 607 3495 deputantufmunepa,
929 3418 1525 3489 tusorlgiuemreieruutzeumscilicctpre·

901 3516 905 3521 ·
932 3504 1265 3571 sbyterumlicetsuarum
1274 3508 1525 3575 manuumimposi-

506 3601 612 3653 CAPUT
629 3600 697 3652 Vlll.
932 3590 1008 3645 tione
1018 3590 1151 3643 rhomam
1160 3590 1243 3655 cole,
1257 3591 1446 3659 presbyterum
1459 3594 1524 3648 alte·

932 3675 1525 3747 rumejusdemEcclesiaelluplicanaeinepl·

456 3782 489 3822 pp
504 3779 613 3823 rmum
629 3783 757 3825 mm,
934 3762 1044 3828 scopale
1054 3761 1173 3816 officium
1181 3775 1342 3831 segregasse
1353 3764 1523 3828 dicunt,elin

932 3848 1528 3913 mandatis'eidedissentFranciscumlsbu·

934 3946 966 3998 ry
975 3931 1032 3997 pari
1040 3932 1147 3985 ratione
1156 3931 1265 3985 adidem
1274 3946 1374 3987 munus
1386 3936 1523 3988 eveheret.

344 4020 402 4071 ldl.
416 4018 582 4088 Episcopum
596 4032 694 4074 omnes
708 4017 821 4073 ordines
832 4030 901 4073 con·
1143 4016 1308 4081 propositio.

309 4099 382 4173 ierre
393 4113 476 4171 posse
484 4109 610 4157 constat:
623 4109 766 4159 tonsuram
782 4116 849 4159 rero
872 4110 900 4158 et
966 4099 1094 4167 Episcopi
1106 4101 1209 4155 hahent
1217 4107 1380 4168 potestatem
1396 4103 1524 4157 ordinen-

309 4187 431 4243 minores
444 4189 577 4254 ordines,
589 4190 645 4243 imo
667 4195 695 4244 el
715 4190 898 4243 subdiacona—
932 4186 977 4249 di,
995 4198 1058 4252 quae
1070 4198 1127 4239 non
1140 4193 1183 4241 est
1202 4187 1255 4240 illis
1274 4201 1337 4241 cum
1358 4190 1525 4257 presbyteris

310 4273 367 4324 tum
376 4274 531 4329 facultatem
544 4274 717 4342 impertiendi
736 4274 795 4328 dari
816 4286 899 4341 posse
932 4271 1100 4326 communis.
1295 4274 1305 4282 ”

310 4360 445 4414 sacerdoti
457 4363 596 4415 asummo
613 4358 898 4415 Pontificeindultiurn
968 4359 1024 4409 159.
1039 4356 1176 4413 metetur
1195 4361 1218 4411 l.
1238 4360 1441 4428 exscriptoris.
1454 4366 1525 4429 spo·

398 3896 423 3965 ξ.
437 3897 462 3949 1.
478 3897 650 3950 Demirtirtro
660 3898 822 3951 necessario.

215 4477 218 4483 .
310 4445 376 4494 est:
395 4458 459 4498 narn
480 4446 630 4501 abbatibus
641 4445 784 4501 consuerit
795 4444 823 4498 id
834 4458 901 4499 con·
935 4441 998 4495 stoli
1011 4441 1135 4495 diaconis
1144 4444 1310 4509 imposuisse
1319 4460 1417 4500 manus
1429 4447 1526 4513 legun·

310 4525 380 4578 cedi.
401 4530 494 4583 lltrum
512 4530 633 4585 Pontifex
650 4536 745 4599 posset
759 4530 902 4598 indulgere
935 4531 997 4580 tur:
1011 4527 1109 4579 saulus
1126 4533 1153 4581 et
1170 4530 1307 4584 Barnabas
1324 4532 1527 4589 constituerunt

344 4789 372 4842 ll)
386 4793 438 4834 lide
446 4794 510 4836 conc.
523 4804 585 4847 pror.
599 4795 709 4837 Belsinon·
722 4796 746 4837 ii.
969 4793 998 4846 iil
1007 4795 1067 4840 Sero.
1076 4796 1135 4839 xxiii.
1148 4808 1197 4839 can.
1209 4796 1246 4839 rir.

368 4863 427 4916 l'or..
448 4880 487 4917 ιιι.
562 4939 564 4942 ¹
1310 4869 1343 4928 29
