3792 5550
339 526 398 587 Μ
421 555 431 572 ·
581 569 584 577 .
685 518 799 572 TRACT.
818 516 880 570 xiv.
899 515 940 568 bn
959 507 1181 568 amotarum.

340 642 480 700 mittendis
505 645 533 695 et
560 635 711 692 retinendis
739 632 858 702 pereatis
887 630 928 684 in·
963 640 993 680 se
1010 623 1121 678 nonnisi
1136 634 1168 675 ea
1187 619 1223 674 de
1251 617 1356 690 cbristo
1380 617 1544 669 annuntiare

341 733 438 784 drmet.
964 723 1026 777 quar
1038 708 1221 776 predixerant
1234 706 1312 756 Vates
1329 717 1337 753 ι
1352 721 1365 747 r
1385 701 1457 754 ttinii
1476 707 1552 754 extra

374 819 417 868 ott.
432 812 490 878 odi.
500 816 525 865 6.
540 831 551 855 u
565 809 709 862 demittere
723 805 931 871 percutepetest
964 795 1060 847 timeus
1086 804 1168 857 quam
1185 803 1218 843 ea
1237 799 1300 854 quae
1312 786 1452 852 prophetae
1469 785 1554 838 locuti

342 913 404 954 esse
423 913 430 950 ε
451 895 608 949 hominibus
626 892 782 953 declarare,
807 900 856 940 eos
881 887 931 938 ira-
964 883 1029 931 suut
1039 877 1128 929 iutura
1139 887 1219 938 esse,
1240 878 1268 925 et
1285 874 1392 938 itoyses
1407 872 1451 923 :si
1469 870 1554 936 passi·

342 986 408 1039 bere
422 986 505 1035 boum
521 977 668 1045 propitium
681 1014 688 1038 ‚
703 975 727 1026 si
741 987 842 1038 nempe
862 970 932 1024 resi.
964 959 1027 1012 bilis
1038 958 1180 1020 cbristus,
1207 955 1230 1007 si
1252 953 1357 1022 primus
1377 966 1411 1005 ex
1431 965 1555 1004 resurre-

343 1062 687 1136 paracoemomenum
712 1059 779 1125 ipsis
804 1056 931 1110 traditam
965 1040 1355 1102 aronemorruorum,ruman
1372 1037 1549 1089 annuntiato·

344 1155 502 1218 sequamur.
516 1169 529 1196 a
548 1143 765 1200 aesernium*
966 1143 1015 1182 rus
1023 1135 1066 1182 est
1073 1127 1177 1194 populu
1183 1131 1211 1178 et
1221 1124 1358 1192 gentibus.
1368 1142 1381 1168 u
1392 1125 1415 1173 Α
1425 1121 1554 1176 novitatis

376 1239 418 1288 56.
438 1237 516 1299 pm,
535 1235 644 1284 prusam
666 1230 789 1284 Christus
808 1225 933 1280 adhibuit
967 1214 1081 1268 crimine
1103 1226 1134 1264 se
1158 1213 1210 1264 bac
1234 1209 1340 1262 ratione
1360 1206 1497 1269 vindicat,
1528 1211 1556 1259 et

343 1320 426 1376 rerba
438 1320 508 1372 adeo
520 1318 609 1383 ampla
623 1322 650 1369 et
672 1315 761 1377 clara,
777 1313 800 1365 si
814 1313 849 1364 de
873 1309 932 1362 sola
966 1298 1087 1352 ostendit
1101 1302 1197 1363 gentes
1212 1294 1247 1347 ab
1262 1306 1296 1347 eo
1317 1291 1353 1346 ud
1366 1291 1505 1344 Christum
1516 1303 1556 1343 se

345 1404 552 1458 annuntiatione
588 1399 757 1454 remissionis
796 1400 931 1463 ageretur.
966 1384 1097 1439 eundum
1117 1395 1174 1436 non
1196 1377 1459 1447 atialegeinritari,
1472 1389 1553 1442 quam

345 1491 477 1556 Equidem
495 1500 578 1542 voces
588 1486 642 1538 511ae
656 1483 737 1538 obvio
751 1495 834 1535 sensu
848 1467 933 1532 (peno.
967 1468 1106 1524 derelictis
1129 1466 1201 1521 vitiis
1237 1470 1264 1517 et
1297 1462 1554 1528 superstitionibus,

346 1581 405 1629 tant
424 1587 516 1629 veram
534 1578 708 1638 peccatorum
729 1569 855 1631 veniam,
878 1579 934 1632 quo
969 1556 1080 1608 arieout
1093 1550 1553 1618 veribeigtoriamquaererer.non

346 1665 427 1728 paeto
446 1659 514 1711 arias
530 1657 633 1724 passim
649 1656 677 1708 jn
696 1653 843 1721 scripturis
856 1665 935 1704 usur.
968 1642 993 1694 is
1000 1646 1059 1694 erat
1067 1643 1144 1694 locus
1154 1644 1184 1690 ut
1193 1641 1356 1704 potestatem
1369 1647 1384 1686 a
1397 1634 1504 1686 Christo
1513 1646 1557 1686 ac·

347 1749 447 1813 paratur
471 1759 477 1794 z
500 1761 517 1792 a
538 1743 722 1795 demittuntur
745 1739 795 1791 tibi
823 1742 934 1803 peecata
969 1734 1076 1795 ceptam
1097 1733 1209 1793 peecata
1220 1722 1378 1777 remittendi
1389 1726 1554 1788 exponeret.

347 1839 403 1884 tua.
423 1829 572 1881 o¹contra
591 1838 700 1880 omnem
719 1820 934 1876 dermeneuticae
968 1815 1012 1868 rei
1023 1812 1192 1878 explicaret:
1209 1823 1273 1862 nam
1283 1821 1349 1861 reus
1368 1820 1398 1860 se
1410 1814 1558 1861 contraac·

348 1915 465 1969 sanioris
485 1915 573 1979 legem
595 1911 677 1965 verba
690 1909 724 1962 ab
736 1908 817 1962 obvio
834 1919 934 1968 sensu,
968 1906 1109 1954 cusatores
1127 1897 1303 1951 defendebat.

348 1997 414 2054 etin
427 1997 572 2064 scripturis
583 1994 934 2061 trequentidetorquentur.
1003 1987 1044 2036 tr.
1056 1982 1116 2048 ooj.
1128 1985 1154 2035 9.
1173 2000 1190 2030 u
1201 1981 1324 2034 cbristus
1338 1992 1395 2032 uon
1409 1983 1472 2032 ante
1488 1982 1558 2045 dpe-

380 2089 423 2139 37.
445 2085 503 2150 obj.
523 2085 547 2133 7.
568 2077 839 2133 Christusredirirus
854 2075 936 2127 disei-
971 2070 1049 2124 stolis
1066 2068 1168 2136 ligandi
1193 2073 1221 2120 et
1240 2065 1366 2121 soluendi
1395 2069 1558 2130 potestatem

348 2171 429 2238 palos
449 2183 481 2222 ex
499 2165 646 2231 scripturis
663 2163 801 2218 ueteribus
811 2160 934 2224 edocuit,
970 2156 1142 2222 iecit,qaam
1155 2166 1204 2208 ees
1222 2151 1558 2220 Spiritusanctodonarit.

349 2262 505 2321 oportere«
526 2249 669 2316 praedicari
692 2249 720 2300 in
743 2247 854 2300 nomine
877 2247 936 2310 eius
971 2244 1044 2308 dego
1070 2242 1152 2306 igitur
1173 2238 1235 2291 ultis
1257 2244 1414 2306 competere
1442 2236 1560 2290 clarium

349 2337 536 2405 poenitentiam
559 2341 587 2386 et
601 2333 792 2386 remissionem
810 2337 936 2397 peccato·
971 2332 1149 2393 P⁰testatem‚
1163 2324 1280 2390 quinon
1301 2323 1379 2389 prius
1404 2323 1560 2388 acceperint

350 2437 411 2476 rum
427 2426 457 2474 in
481 2433 577 2474 omnes
598 2424 703 2486 gentes.
725 2438 736 2464 r
762 2420 833 2484 Ergo
854 2417 880 2468 in
903 2428 936 2469 eo
971 2412 1102 2478 Spiritum
1123 2418 1258 2464 sanetum.
1288 2412 1362 2476 Nego
1392 2420 1560 2474 quemquam

350 2508 500 2562 exercenda
520 2511 577 2560 erat
589 2504 744 2558 remittendi
756 2507 867 2568 peccata
887 2515 938 2568 pe-
970 2499 1094 2552 clavtbus
1112 2497 1151 2548 uti
1172 2507 1254 2561 posse
1273 2494 1326 2547 nisi
1351 2499 1491 2560 praeeunte
1502 2493 1563 2551 ‚do-

351 2602 452 2658 testas,
470 2592 544 2659 quod
557 2589 746 2644 remissionem
759 2589 939 2654 praedicarent
972 2591 1105 2649 ponteque
1130 2582 1233 2648 Spiritu
1261 2585 1369 2641 sancto,
1393 2585 1421 2631 et
1440 2579 1560 2632 dioneae

349 2680 553 2748 paenitentibus.
972 2669 1038 2736 quid
1050 2668 1185 2736 agendum
1198 2667 1242 2718 sit.
1256 2683 1273 2712 o
1284 2665 1295 2698 ⁴
1307 2664 1501 2727 diacalamus,
1519 2664 1560 2714 irr-

383 2767 425 2819 58.
444 2761 639 2828 aespuptime
652 2758 938 2827 cobaeretprredicatio
972 2749 1560 2822 spirationemSpiritussanctinecessariam

351 2851 617 2915 Apostolorumcum
640 2846 713 2897 iilius
735 2845 877 2910 potestatis
902 2844 941 2895 di·
972 2841 1157 2895 conditionem
1181 2838 1217 2891 ad
1237 2837 1395 2891 exercitium
1413 2837 1495 2902 hujus
1509 2848 1560 2901 po-

350 2932 452 2988 rinitus
471 2932 541 2983 datae
561 2930 706 2991 exereitie;
720 2930 863 2995 oportebat
885 2928 940 2981 sci-
972 2928 1078 2980 te-tatis
1091 2931 1225 2979 statuens.

352 3015 621 3071 licetcommendare
640 3014 827 3080 poenitentiam
847 3019 874 3065 et
891 2998 953 3065 γε(
1006 3012 1049 3063 ta.
1075 3013 1155 3077 Rern.
1180 3010 1304 3063 Christus
1334 3009 1464 3075 spiritum
1498 3020 1561 3060 san-

352 3102 426 3155 niam
447 3100 585 3168 poiliceri;
603 3112 685 3165 quarn
703 3097 802 3151 coristi
821 3097 939 3150 auetori-
973 3102 1046 3149 ctum
1064 3096 1201 3161 apostolis
1234 3094 1325 3158 dedit,
1346 3099 1376 3146 ut
1399 3095 1562 3146 auctoritate

353 3193 408 3243 tate
421 3198 516 3253 reapse
528 3186 630 3238 dabant
648 3184 791 3251 agentibus
809 3184 941 3249 poeniten·
973 3182 1184 3247 divinapeocata
1196 3180 1387 3240 remitterent,
1399 3191 1462 3244 quae
1477 3190 1560 3231 nemo

353 3270 939 3341 tiam:qnibusenimremittebantpeccata,
975 3270 1112 3323 remittere
1141 3267 1231 3330 valet,
1259 3264 1322 3323 {nisi
1353 3264 1484 3316 divinitus
1518 3275 1564 3315 ac-

321 3386 324 3391 ·
353 3374 448 3417 reuera
461 3360 488 3412 in
508 3360 578 3412 ooeio
598 3356 814 3410 remittebantur.
827 3358 940 3420 Quando
975 3362 1054 3421 cepta
1067 3357 1210 3420 potestate.
1236 3354 1363 3403 Mannum
1385 3348 1564 3414 impositione

353 3448 432 3513 plura
445 3450 591 3498 occurrunt
603 3443 759 3497 testimonia
775 3456 836 3507 purae
853 3442 942 3495 conci·
975 3441 1044 3493 tradi
1054 3440 1143 3491 adhue
1155 3437 1281 3490 eumdem
1298 3436 1427 3501 Spiritum
1438 3439 1564 3487 sanctum

355 3531 414 3584 liari
437 3544 532 3583 secum
552 3534 669 3593 queunt,
688 3528 762 3579 nulla
781 3528 902 3578 alterutri
915 3527 940 3580 vi
977 3526 1117 3587 novimus,
1139 3524 1255 3575 docente
1278 3522 1375 3582 Pau103
1398 3524 1567 3585 quapropter

355 3617 448 3677 illata,
463 3625 519 3665 nun
533 3618 575 3665 est
587 3625 635 3663 cur
651 3612 685 3663 ab
704 3610 785 3664 obvio
799 3610 942 3676 utriusque
977 3612 1024 3677 qui
1044 3610 1200 3663 sacerdotes
1217 3620 1250 3661 eo
1267 3605 1322 3659 ritn
1343 3605 1563 3664 constituuntur,

356 3710 439 3750 seusu
452 3695 603 3749 recedatur·
976 3697 1074 3752 merito
1091 3696 1143 3748 sibi
1153 3695 1291 3749 vindicam
1306 3698 1471 3759 potestatem
1483 3703 1566 3757 quam

388 3783 430 3833 59.
445 3779 503 3845 Obj.
518 3782 543 3831 8.
558 3778 655 3831 uanius
677 3782 790 3831 testatus
813 3785 855 3832 est
873 3794 942 3847 prae·
977 3784 1099 3837 Cbristus
1109 3782 1264 3847 apostolico
1276 3778 1382 3831 muneri
1393 3784 1421 3830 et
1438 3777 1566 3830 sacerdu-

264 3856 268 3865 ’
356 3864 520 3919 dicationem
532 3864 788 3928 Apostolicamnibii
800 3864 941 3931 scripturis
976 3869 1023 3923 tati
1042 3866 1253 3921 misericorditer
1271 3862 1412 3917 adnexuit.
1432 3864 1567 3913 Caeterum

355 3951 492 4006 veteribus
509 3950 645 4017 adjicere:
662 3970 674 3997 a
692 3943 891 4003 annuntiabam
913 3958 943 4005 ut
977 3954 1062 4022 gratia
1085 3952 1200 4018 Spiritus
1221 3949 1326 4012 sancti,
1346 3960 1400 4013 qua
1422 3946 1512 3999 anima
1535 3945 1568 3996 nt

355 4037 542 4103 poenitemiam
564 4041 693 4103 agerent,
713 4042 739 4089 et
751 4043 943 4090 converteren·
977 4042 1031 4093 beo
1042 4044 1169 4103 accepta,
1181 4048 1237 4089 non
1247 4041 1290 4087 est
1298 4031 1455 4086 necessaria
1465 4031 1567 4096 unquis

355 4130 400 4183 tur
409 4123 443 4177 ad
457 4126 556 4187 baum,
575 4123 657 4189 digna
674 4122 841 4187 poenitentiae
860 4136 943 4189 opera
977 4128 1140 4191 potestatem
1160 4120 1212 4173 sibi
1229 4118 1423 4173 demandatam
1441 4126 1571 4169 exercere

357 4206 486 4263 facientes
512 4247 519 4260 .
544 4246 551 4261 .
575 4247 582 4259 .
604 4246 610 4260 .
630 4209 697 4260 ninii
732 4214 806 4261 extra
834 4208 943 4271 dicens,
977 4213 1081 4273 valeat3
1097 4209 1220 4275 quamvis
1239 4212 1333 4275 peccet
1348 4204 1508 4272 gravissime
1525 4200 1572 4252 in-

356 4308 438 4360 duam
448 4308 479 4347 0³
497 4308 558 4359 (11¹ae
576 4294 715 4359 DfOPheiae
728 4292 810 4347 loculi
821 4298 893 4345 sunt·
909 4293 945 4339 ¹³⁵
980 4298 1079 4365 dignus
1093 4294 1217 4347 minister
1229 4297 1324 4345 sancte
1343 4290 1461 4354 iungens
1471 4296 1575 4338 mnne

392 4381 434 4434 to.
452 4380 529 4443 desp.
543 4379 573 4431 td
587 4378 794 4445 suadetiaulus
806 4378 946 4449 Agrippa,
981 4398 1027 4450 re,
1041 4384 1193 4436 alienorum
1202 4383 1376 4446 peccaturum
1388 4372 1574 4436 remissione,

382 4642 409 4694 (¹)
420 4643 444 4683 ¹¹¹
453 4644 514 4683 '⁰⁸¹¹'
527 4654 560 4686 ¹¹·
980 4651 1026 4694 riii.
1035 4653 1066 4689 ts.
1077 4650 1139 4689 Rem.
1147 4645 1177 4687 ir.
1187 4651 1207 4686 t.
1215 4644 1260 4685 Jsc.
1269 4654 1289 4685 r.
1297 4647 1329 4683 to.
1338 4644 1357 4679 t.
1365 4639 1426 4680 torn.
1435 4637 1451 4676 i.
1460 4642 1479 4676 r.

384 4713 410 4764 pa
420 4712 478 4752 M¹¹2·
493 4712 520 4752 ir.
538 4717 557 4755 r.
575 4716 610 4756 xit.
627 4720 658 4757 ar.
676 4717 727 4757 aaa.
737 4729 757 4758 v.
768 4723 798 4760 so.
810 4717 846 4759 rit.
857 4724 888 4761 rr.
899 4720 943 4761 nec
1003 4716 1187 4772 [uincamus.
1197 4715 1224 4767 (r)
1234 4710 1309 4754 toret.
1319 4709 1380 4751 aaa.
1393 4707 1420 4748 tv.
1430 4709 1494 4746 nro.
