3792 5550
568 583 638 636 dtr.
657 582 677 633 l.
697 584 739 635 llll
756 582 840 646 AQUA
858 582 900 634 ΑΙ)
917 580 1103 635 narllsllllll
1121 578 1328 633 decussatim.
1522 584 1554 634 15

340 692 416 759 psit:
434 711 452 743 «ι
468 696 597 751 llesidero
615 699 688 751 enim
706 697 799 752 ridere
818 709 885 762 vos,
899 702 930 751 ut
960 693 1219 749 Eatroordinariam
1244 695 1378 749 rationem
1400 696 1428 749 ln
1456 708 1490 751 eo
1512 697 1554 751 vi·

339 778 444 843 aliquid
456 780 597 846 impertiar
608 784 686 837 vobis
698 782 792 848 gratita
804 782 929 848 spiritua·
960 781 1026 834 dere
1040 784 1102 845 est,
1121 780 1195 846 quod
1210 782 1288 833 Petro
1301 781 1434 835 edocente
1450 784 1554 837 Corne·

339 861 375 915 lis
390 863 425 916 ad
439 866 705 922 eonlirmandosros
725 867 756 915 ι’
771 868 927 921 Corinthios
961 866 1028 919 lium
1054 878 1174 932 suosque
1201 866 1324 933 contigit.
1350 886 1362 913 a
1386 868 1481 923 Adbue
1510 870 1552 923 lo·

337 962 355 1001 a
378 963 409 1004 se
432 952 539 1018 genitos
564 954 593 1006 in
617 954 725 1007 christo
748 955 813 1007 lesu
831 953 897 1007 dieit
919 969 926 1005 ε
961 958 1062 1017 guenta
1084 954 1163 1005 Petro
1182 951 1358 1015 semebad,
1380 952 1479 1006 cecidit
1494 954 1552 1021 spi-

341 1048 430 1089 «nam
448 1036 476 1089 in
491 1039 598 1091 christo
610 1040 675 1091 lesu
689 1051 738 1104 per
750 1038 925 1106 Evangelium
960 1038 1030 1090 ritus
1044 1042 1155 1090 sanetus
1175 1048 1257 1102 super
1278 1048 1373 1089 omnes
1392 1036 1437 1102 qui
1458 1037 1551 1090 audie·

338 1131 391 1185 ego
409 1132 458 1173 vos
474 1122 565 1188 genui.
580 1122 616 1170 »¹
633 1126 704 1189 llrgo
719 1135 775 1176 non
788 1128 926 1191 repugnat
959 1121 1025 1175 bant
1041 1122 1165 1177 verbum.
1176 1121 1212 1169 »ὅ
1229 1121 1273 1175 sie
1289 1122 1371 1175 etiam
1390 1122 1424 1176 de
1435 1125 1513 1177 Petro
1524 1128 1550 1177 et

337 1210 367 1257 ut
378 1204 504 1259 dieantur
515 1208 635 1273 Apostoli
645 1208 745 1274 Spiritu
758 1208 906 1275 baptizare.
958 1211 1063 1263 loanne
1076 1209 1211 1262 refertur:
1227 1228 1239 1255 α
1253 1208 1432 1274 imponebant
1451 1222 1548 1263 manus

368 1288 411 1342 bil.
426 1291 502 1355 bern.
516 1292 663 1347 llinisterio
676 1306 726 1347 suo
739 1300 813 1349 reete
829 1294 925 1348 dienn-
959 1307 1041 1359 super
1059 1294 1121 1348 illos
1139 1314 1152 1340 r
1174 1294 1375 1360 (samaritanos)
1401 1314 1413 1340 α
1431 1300 1458 1347 et
1479 1295 1548 1348 aeci·

335 1378 382 1426 tur
401 1377 522 1440 Apostoli
541 1379 655 1443 gratiam
676 1380 817 1446 impertiri,
839 1382 926 1435 homi·
959 1379 1070 1445 piebant
1081 1379 1210 1445 Spiritum
1227 1383 1361 1431 sanetum.
1381 1378 1416 1424 »ὅ

335 1472 439 1525 nesque
454 1461 565 1527 gignere
582 1465 656 1527 beo,
670 1465 733 1529 quia
747 1478 778 1518 ea
792 1470 924 1531 praestant
991 1465 1032 1517 52.
1052 1466 1132 1532 Renp.
1153 1464 1274 1530 apostoli
1292 1463 1362 1526 jussi
1383 1468 1447 1515 sunt
1463 1464 1549 1529 bapti·

333 1544 434 1609 qulbus
452 1548 573 1600 cbristus
593 1548 712 1603 divinam
732 1551 854 1617 alligavit
872 1551 925 1606 vir·
957 1562 1033 1612 zare,
1046 1549 1112 1615 quin
1131 1548 1314 1616 adjicerentur
1325 1560 1407 1602 voees
1419 1549 1472 1601 illae
1486 1550 1548 1615 Spi-

335 1634 429 1683 lulem.
455 1632 520 1686 ldeo
548 1633 602 1687 diei
631 1642 746 1701 possent
769 1638 924 1703 baptizasse
956 1635 1013 1687 rito
1029 1640 1138 1700 saneto,
1162 1648 1224 1701 quae
1247 1634 1362 1701 proinde
1391 1635 1547 1687 nullatenus

317 1715 435 1781 spiritu
454 1723 569 1784 saneto,
592 1729 727 1787 quatenus
742 1735 813 1788 aqua
830 1723 924 1775 ablue·
957 1717 1132 1771 admittendae
1150 1724 1231 1782 sunl,
1252 1724 1281 1775 ut
1294 1732 1363 1785 Olus
1382 1720 1418 1772 Sil
1438 1715 1561 1786 0X⁰⁰ii¹s

332 1808 396 1857 runt
429 1804 574 1870 homines,
597 1808 698 1871 spiritu
723 1813 818 1861 saneto
842 1809 923 1861 simul
957 1809 1014 1855 tare
1044 1805 1178 1857 rationem
1202 1817 1251 1857 seu
1281 1805 1469 1870 ordinariam,
1496 1819 1544 1859 seu

331 1887 500 1940 emundante
520 1888 649 1943 animam.
669 1891 723 1944 sed
745 1899 923 1959 repugnatur
957 1887 1221 1951 extraordinariam,
1244 1904 1297 1955 qua
1323 1891 1423 1955 Spiritu
1450 1897 1544 1946 saneto

330 1970 471 2037 baptizent
483 1974 583 2038 spiritu
602 1980 708 2038 saneto,
720 1977 805 2030 eorda
821 1979 923 2031 sancti·
956 1970 1108 2037 baptizasse
1132 1979 1304 2027 censeamur.
1325 1977 1458 2029 caeterum
1475 1976 1544 2041 lpo-

330 2058 454 2121 lieando,
473 2060 548 2124 quod
568 2060 714 2114 dicendum
731 2062 801 2116 toret
813 2064 836 2115 si
851 2078 920 2131 aqua
956 2058 1058 2122 sioios,
1082 2063 1221 2125 tamquam
1237 2060 1351 2115 'christi
1378 2061 1545 2115 instrumen-

330 2142 484 2207 Baptismus
496 2144 525 2195 in
537 2146 665 2200 mandato
675 2160 730 2200 non
743 2148 917 2216 intelligatur.
960 2146 1007 2207 la,
1031 2143 1097 2197 dare
1117 2144 1240 2211 poluisse
1265 2145 1396 2211 Spiritum
1421 2152 1544 2201 sanetum

361 2230 404 2279 dl.
424 2227 538 2294 Ollio.
558 2232 690 2296 aposloli,
710 2238 848 2299 mmquam
878 2235 919 2288 in·
951 2242 1008 2283 non
1046 2244 1197 2298 negamus,
1233 2244 1282 2289 eos
1325 2232 1430 2285 seilicet
1465 2246 1542 2299 pera-

328 2316 480 2365 strumenta
505 2315 622 2379 christi,
652 2317 790 2383 baptizare
817 2320 917 2385 spiritu
952 2328 1016 2381 gere
1048 2317 1130 2382 ritus,
1157 2318 1258 2383 quibus
1279 2317 1402 2371 christus
1426 2319 1541 2383 Spiritus

329 2402 424 2451 saneto
447 2398 592 2465 dicuntur,
610 2407 669 2455 tum
684 2405 846 2468 molinario,
859 2414 915 2460 tum
951 2401 1039 2458 sancti
1057 2402 1129 2455 dona
1150 2402 1283 2468 impertiri
1297 2404 1392 2456 voluit.
1405 2404 1479 2456 Haud
1502 2410 1540 2457 ta·

327 2485 545 2539 extraordinario
569 2487 683 2544 ratione.
705 2489 717 2523 ⁸
736 2490 840 2545 Pariter
861 2492 916 2545 dae·
949 2500 1013 2539 men
1026 2486 1196 2553 baptizarunt
1208 2488 1307 2553 spiritu
1325 2494 1420 2542 saneto
1441 2489 1539 2554 praedi-

328 2567 420 2619 monia
433 2570 584 2635 ejecerunt,
597 2578 721 2627 mortuos
738 2576 915 2640 suscitarunt,
949 2572 1048 2633 eandm
1061 2585 1124 2624 nam
1137 2572 1316 2625 concionibus
1328 2573 1397 2625 nanc
1412 2584 1468 2624 non
1481 2574 1538 2625 alli·

328 2650 436 2717 aliaque
457 2660 597 2718 patrarunt
615 2658 757 2725 prodigia,
771 2674 828 2715 non
847 2676 914 2726 sua,
948 2656 1020 2721 gavit
1037 2656 1165 2709 virtutem
1183 2656 1324 2719 cbristus,
1338 2658 1387 2709 sed
1411 2656 1470 2721 ipse
1486 2658 1538 2710 sibl

327 2738 378 2790 sed
398 2740 494 2794 christi
518 2749 661 2809 potestate,
683 2748 798 2801 verbum
817 2750 915 2816 praeai-
948 2740 1066 2795 servavit
1077 2753 1175 2794 munus
1187 2746 1308 2815 mentem
1320 2741 1472 2796 illustrandi
1483 2756 1539 2802 cor.-
1622 2817 1624 2822 Α

327 2829 435 2889 cantes,
450 2827 476 2880 ri
488 2831 607 2894 quadam
620 2845 652 2885 ae
664 2832 783 2886 elileaeia
798 2835 914 2900 Spiritus
947 2827 1038 2893 dilue
1050 2815 1198 2894 tingendi,
1212 2840 1261 2894 pro
1275 2830 1388 2882 ch'ulil's
1401 2834 1428 2882 θῑ
1439 2830 1539 2896 aequis-

327 2911 493 2977 eomitante‚
514 2916 597 2969 eorda
617 2924 824 2984 converterunt,
837 2921 913 2974 ideo·
947 2913 1145 2978 simisjudieiis
1158 2913 1233 2978 suis,
1250 2914 1414 2968 diffindam
1427 2922 1538 2982 APOSiO·

326 3009 380 3061 qne
405 3000 545 3054 ordinaria
565 3003 670 3058 ratione
698 3007 799 3072 spiriru
828 3007 914 3075 bapti·
945 2999 980 3052 lis
998 2998 1117 3052 docendi
1136 3000 1346 3064 muneralium
1366 3005 1535 3054 autemPau·

326 3080 402 3134 z'asse
415 3083 524 3138 dicendi
540 3092 852 3150 supramemoratarum
864 3107 912 3146 au.
945 3085 988 3138 lus
1010 3084 1082 3138 dieat
1105 3086 1211 3138 Galatas
1235 3087 1374 3152 accepisse
1407 3088 1536 3154 Spiritum

325 3167 474 3229 temdum
494 3184 625 3224 manuum
637 3172 812 3240 impositione
829 3178 912 3242 spiri.
946 3183 979 3224 ex
1008 3170 1101 3224 auditu
1130 3170 1211 3235 iidei,
1235 3171 1370 3238 signifieat
1391 3173 1536 3228 occasione

325 3255 369 3303 ius
393 3251 466 3305 dona
487 3255 657 3319 eonlerrem,
681 3260 823 3312 valeriam
846 3263 911 3314 dum
945 3255 1148 3320 praedicationis
1161 3257 1534 3323 llpostolieaeSpiritusdonn

323 3337 440 3402 Spiritus
467 3339 568 3393 indicia
599 3341 741 3395 manilasta
767 3345 912 3409 darentur,
946 3338 1257 3410 illiseollata,·acoeptd
1276 3341 1379 3393 seilicet
1396 3341 1533 3405 baptismo

323 3421 357 3474 iis
379 3423 617 3481 concionantibus.
647 3425 685 3476 lie
708 3424 850 3481 ordinaria
866 3425 912 3483 illa
946 3426 973 3478 el
994 3434 1124 3476 manuum
1145 3423 1321 3487 impositione
1349 3423 1433 3487 laeta,
1454 3433 1535 3490 prout

322 3507 426 3572 spiritu
437 3507 591 3571 baptizandi
601 3508 910 3576 rationeloqnilurean-
944 3515 1040 3566 Petrus
1063 3512 1200 3578 pollicitus
1218 3517 1260 3566 est
1276 3514 1378 3568 ludaeis
1400 3528 1449 3569 sua
1467 3529 1533 3570 eon·
1588 3563 1602 3580 ,

321 3592 376 3654 lus,
394 3590 459 3642 dum
481 3592 580 3645 Galatis
604 3607 634 3646 se
657 3595 811 3655 ministrare
832 3599 911 3664 spiri·
945 3598 1025 3655 eioue
1043 3597 1078 3652 ad
1087 3599 1276 3664 poenitentiam
1288 3606 1315 3654 et
1326 3602 1445 3655 studium
1464 3605 1535 3656 salu·

322 3682 380 3729 turn
393 3675 460 3728 dicit
481 3691 517 3726 :a
536 3679 572 3730 Ex
585 3680 715 3744 operibus
735 3683 803 3748 legis
825 3684 910 3750 spiri·
942 3686 978 3738 tis
991 3686 1145 3741 commotis.
1168 3685 1239 3749 ⁷llui
1254 3691 1345 3741 autem
1362 3687 1457 3742 tribuit
1474 3690 1530 3755 Spi-

321 3767 379 3814 tum
391 3760 599 3827 accepistis,an
614 3765 749 3819 exauditu
767 3766 847 3821 fideii
865 3772 909 3824 sie
942 3772 1042 3833 ritum,
1066 3775 1093 3824 et
1114 3776 1242 3837 operatur
1260 3773 1392 3838 virtutes,
1411 3775 1470 3840 ipse
1489 3783 1530 3829 est

320 3846 398 3898 stulti
415 3847 497 3910 estis,
513 3853 543 3900 ul
557 3861 620 3900 eum
641 3851 741 3916 Spiritu
756 3856 907 3918 eoeperitis,
939 3859 1027 3912 bens:
1042 3871 1093 3914 nee
1108 3861 1183 3911 enim
1194 3861 1340 3924 apostolus
1359 3875 1389 3914 se
1406 3862 1528 3916 tribuero
1617 3850 1623 3864 '

320 3944 394 3985 nune
428 3946 510 3988 earne
546 3936 796 3991 consummemini?
824 3941 907 3992 Tanta
941 3945 1071 4010 spiritum
1089 3945 1255 4008 innuit,setl
1270 3947 1324 4000 ileo
1343 3961 1422 4000 suum
1438 3954 1528 4001 servat

319 4018 393 4083 passi
411 4019 477 4071 estis
497 4019 557 4072 sine
574 4023 677 4077 musal
690 4023 713 4074 si
738 4028 828 4076 tamen
847 4024 907 4078 sine
941 4031 1083 4084 bonorem.
1106 4033 1184 4084 Petro
1208 4031 1389 4096 praedicante,
1409 4033 1526 4098 Spiritus

318 4117 410 4160 eausa,
424 4104 472 4168 Qui
489 4116 557 4170 ergo
573 4105 668 4158 tribuit
677 4105 756 4158 vobis
765 4108 904 4172 Spiritum,
939 4120 1051 4169 sanetus
1077 4128 1108 4168 se
1131 4116 1261 4168 eordibus
1283 4103 1451 4169 audientium
1473 4117 1530 4170 illa-

317 4196 345 4245 et
358 4196 487 4256 operatur
502 4192 617 4246 virtutes
629 4190 657 4245 in
674 4191 753 4246 rolris
769 4207 775 4242 :
789 4205 821 4245 er
836 4206 905 4260 ope-
938 4211 1019 4262 psum
1045 4211 1107 4252 esse
1130 4198 1328 4262 manifestavit,
1356 4199 1402 4264 qui
1426 4200 1524 4266 Spiritu

316 4276 391 4329 ribus
416 4276 503 4344 legis,
523 4290 558 4330 an
579 4289 612 4330 ex
636 4276 730 4330 auditu
761 4276 844 4332 lldeit
865 4280 903 4327 »⁴
937 4288 1032 4338 saneto
1055 4283 1182 4349 baptizati
1199 4283 1301 4338 ideireo
1318 4282 1523 4342 diduntur:sed

339 4566 366 4617 [t]
376 4566 438 4607 Rom.
449 4566 464 4607 i.
473 4572 505 4608 lt.
962 4571 988 4626 (t)
1000 4571 1045 4614 cal.
1055 4573 1085 4615 lit.
1100 4579 1119 4616 t.

341 4633 367 4685 ll)
377 4635 395 4675 l.
403 4635 453 4676 Cor.
462 4635 491 4675 ir.
502 4639 533 4676 lo.
959 4641 989 4694 (bl
998 4644 1044 4683 Aet.
1056 4655 1075 4684 ι.
1085 4649 1116 4686 it

341 4703 367 4754 (a)
378 4703 524 4756 objectionem
534 4710 660 4746 mutuamur
668 4718 681 4746 a
690 4706 761 4748 libello
773 4720 799 4748 :t
814 4709 829 4749 Α
839 4709 902 4750 Trea·
962 4710 989 4764 (o)
1003 4711 1056 4753 lbid.
1065 4713 1111 4754 viii.
1122 4719 1151 4757 ll.

317 4772 357 4814 lise
366 4772 497 4824 eoneerning
507 4774 609 4826 uaptlsm.
625 4788 635 4812 r
645 4781 685 4816 ele.
695 4776 722 4828 by
731 4778 749 4817 l.
759 4777 818 4818 rite.
961 4781 988 4832 (l)
1002 4780 1055 4821 ibid.
1064 4781 1087 4822 ii.
1097 4786 1128 4824 iti.

374 4847 435 4899 llou.
455 4858 491 4897 ιιι.
