3792 5550
678 560 792 613 nnlol.
811 556 887 609 llvll.
907 554 949 607 ub
967 552 1080 607 sncnls
1095 552 1278 604 onululbtls.
1369 607 1373 633 ἢ

985 667 1115 720 Ecclesiae
1141 666 1276 719 praesules
1295 665 1477 731 posteriores.
1498 666 1529 718 ld
1548 671 1594 719 ta·

568 744 674 795 CAPUT
693 742 747 793 ΧΗ·
986 766 1050 805 men
1074 752 1102 804 in
1120 751 1247 805 confessu
1270 750 1345 816 apud
1357 762 1459 803 omnes
1471 754 1533 815 est,
1551 751 1594 803 ab

603 839 607 844 '
987 837 1055 904 ipsis
1083 837 1213 890 Ecclesiae
1241 836 1405 902 primordiis
1434 837 1590 901 plerusque

987 922 1156 988 Episcopus,
1182 922 1377 988 presbyteros,
1399 927 1433 974 et
1452 922 1591 975 diaconus

988 1009 1122 1075 integram
1147 1020 1272 1060 servasse
1296 1006 1519 1071 continentiam,
1537 1022 1593 1061 nec

988 1107 1110 1160 unquam
1122 1106 1222 1147 uxores
1234 1098 1299 1159 pust
1308 1094 1428 1147 ordines
1441 1099 1592 1159 susceptus

519 907 550 947 bb
567 905 643 945 steno
660 903 803 943 ctltnlutstt.

434 1048 455 1111 ς.
475 1049 495 1097 l.
514 1047 553 1098 De
565 1042 704 1097 coetibotus
715 1040 887 1107 antiquitate.

399 1196 456 1247 179,
477 1192 634 1247 castitatem
648 1202 758 1244 sempe
781 1188 883 1242 debent
896 1198 956 1240 pm·
988 1179 1107 1232 duxisse.
1135 1178 1284 1232 Perrunius
1307 1183 1372 1243 pust
1399 1178 1592 1231 Christianum

365 1292 415 1333 nes
435 1279 521 1333 sacris
536 1278 684 1331 ordinibus
702 1275 837 1342 insigniti,
856 1272 956 1327 siveex
988 1267 1094 1330 Lupum
1106 1268 1202 1317 ῦθΰθθῑ
1218 1264 1292 1329 ³1³ud
1306 1263 1462 1316 Oliellfflles
1481 1263 1593 1316 coelibi·

363 1370 428 1419 suto
440 1364 587 1430 implicito,
602 1361 676 1429 quud
685 1359 827 1414 nonnullis
846 1358 958 1411 ridetur
990 1356 1034 1403 tus
1050 1349 1225 1416 disciplinam
1246 1348 1373 1402 muribus
1389 1348 1593 1414 plerorumque

365 1451 498 1504 emissum
518 1445 742 1507 asubdiacunis,
760 1444 825 1496 dum
839 1442 873 1495 ab
893 1442 958 1507 lipi-
989 1438 1024 1491 ab
1042 1438 1121 1490 initio
1150 1436 1379 1502 comprobatam,
1396 1443 1470 1488 ¹esse
1496 1440 1590 1487 tamen

366 1548 451 1600 scopu
485 1532 582 1587 muniti
612 1530 765 1585 castitatem
794 1527 958 1581 servandam
989 1524 1113 1589 exempla
1130 1536 1193 1589 quae
1212 1522 1365 1575 ostendunt
1385 1521 1590 1574 continentiam

366 1632 428 1673 esse
441 1619 464 1671 si
477 1618 606 1670 ordinem
624 1614 702 1668 illum
720 1614 908 1680 susceperint,
922 1612 958 1665 ad
990 1610 1026 1662 ab
1044 1609 1176 1662 uxuribus
1190 1611 1254 1661 ante
1268 1606 1479 1660 ordinationem
1500 1606 1594 1658 ductis

367 1714 430 1755 eum
454 1700 605 1761 accedunt;
620 1699 678 1752 sive
697 1698 803 1765 exlege
817 1696 957 1751 Ecclesia.
990 1694 1115 1748 districta
1140 1693 1204 1759 lege
1220 1704 1277 1745 nun
1295 1692 1383 1744 luisse
1409 1691 1564 1757 injunctam
1582 1706 1591 1741 ε

366 1786 534 1841 subdiaconi
555 1786 621 1838 olim
640 1796 672 1837 ea
692 1784 753 1849 lege
771 1795 827 1837 nun
840 1781 959 1835 adstrin-
991 1792 1072 1846 quam
1090 1779 1119 1830 in
1140 1775 1306 1831 occidentali
1324 1775 1450 1829 Ecclesia
1482 1788 1594 1841 semper

367 1873 521 1940 genantur,
534 1870 631 1923 saltem
646 1868 762 1935 ubique,
777 1881 847 1934 quus
865 1874 958 1921 tamen
990 1864 1122 1931 mpubse,
1133 1864 1196 1929 lege
1208 1875 1224 1914 a
1234 1862 1261 1913 S.
1278 1864 1359 1913 Petro
1369 1860 1513 1919 derivata,
1526 1871 1591 1913 cun·

367 1958 393 2010 ei
407 1956 545 2022 subjectus
555 1969 617 2008 esse
629 1954 812 2009 suluits.Leu
824 1950 959 2019 llagn'us,i
993 1957 1099 2004 stanter
1115 1955 1200 2003 tenet.

368 2048 396 2095 et
414 2042 564 2095 concilium
584 2041 780 2093 Aurelianense
796 2038 858 2090 lll.¹
874 2038 960 2091 Graeci
1207 2034 1372 2100 propositio.

368 2126 553 2181 subdiaconus
581 2128 652 2179 inter
686 2124 802 2179 clericus
837 2124 959 2177 minores
1025 2124 1169 2187 Nunquam
1192 2119 1270 2176 licuit
1296 2116 1407 2172 clericis
1429 2116 1478 2183 qui
1503 2117 1596 2170 sacris

369 2219 562 2287 recensentes,
575 2212 608 2263 iis
621 2211 736 2263 liberam
748 2211 906 2275 relinquunt
919 2211 961 2263 la·
992 2208 1141 2260 Ordinibus
1153 2206 1277 2273 insigniti
1290 2210 1370 2285 erant
1383 2204 1594 2257 matrimonium

369 2297 497 2349 cultatem
516 2296 626 2361 nuptias
647 2297 781 2349 ineundi:
802 2309 885 2361 quam
904 2296 961 2349 dia·
993 2292 1076 2346 inire.

370 2381 448 2435 cunis
463 2386 491 2433 et
505 2382 672 2448 presbyteris
684 2382 837 2449 denegant,
850 2394 961 2437 consor·
1027 2376 1596 2441 lsl.l¹rotatnrl.sonctionitosunoquis-

370 2468 437 2521 tium
446 2471 538 2520 tamen
549 2479 676 2531 uxorum,
686 2472 824 2534 quasante
835 2467 961 2521 ordinem
995 2464 1083 2517 amb.
1110 2460 1327 2531 constitutiones
1344 2462 1517 2527 Apostolicae
1534 2474 1596 2528 quae

371 2566 480 2607 sacrum
505 2560 664 2619 susceptum
693 2554 847 2616 duxerant,
872 2554 963 2605 indul·
995 2549 1138 2615 pristinam
1150 2549 1317 2614 plerumque
1327 2547 1594 2613 exbibentdiscipli·

371 2643 476 2706 gentes.
496 2639 691 2693 sacerdotibus
707 2638 961 2693 hebdomademrel
996 2648 1078 2699 nam,
1100 2634 1129 2687 id
1148 2633 1264 2688 omnino
1278 2638 1399 2689 vetant:
1422 2638 1455 2697 pt
1473 2634 1556 2701 ὂξιῐω
1572 2640 1597 2682 tr

372 2725 469 2778 saltem
482 2724 601 2778 triduum
614 2724 783 2779 continentia
798 2730 862 2779 ante
873 2723 962 2779 Sacri·
996 2728 1073 2776 time
1089 2742 1148 2783 pn·
1164 2721 1298 2792 step-vim
1311 2721 1420 2786 &papus
1438 2724 1497 2772 torn
1515 2722 1548 2771 iri
1560 2722 1595 2771 iri

371 2809 425 2862 ticli
449 2810 661 2863 celebrationem
682 2810 867 2876 prescribitur
880 2825 886 2860 :
901 2809 964 2876 lipi-
995 2829 1071 2874 papo
1084 2810 1197 2875 tpxuom
1208 2823 1216 2858 ι
1226 2827 1240 2853 r
1253 2814 1317 2873 pust
1327 2807 1537 2863 ordinationem
1548 2821 1596 2860 au-

372 2893 465 2958 scupis
482 2899 573 2946 autem
592 2895 736 2948 coelibatus
748 2894 862 2948 umninu
875 2895 964 2960 injun·
996 2900 1062 2957 tem,
1075 2893 1099 2946 si
1111 2905 1212 2946 uxores
1225 2904 1283 2946 nun
1294 2893 1409 2956 babent,
1424 2895 1595 2961 (Episcopus,

372 2977 453 3044 gitur.
468 2979 531 3030 llaec
552 2979 625 3042 apud
654 2991 703 3031 eus
731 2978 850 3031 obtinuit
878 2978 963 3030 disci·
995 2983 1022 3032 et
1031 2977 1167 3044 prmoqrer
1183 2983 1209 3031 et
1221 2979 1383 3044 diaconus),
1396 2982 1595 3046 praecipimus,

374 3061 446 3127 plina
457 3075 472 3114 a
482 3062 584 3114 saeculo
598 3063 694 3116 saltem
707 3063 836 3128 septimo,
848 3063 959 3130 synodo
997 3069 1027 3116 ut
1039 3075 1096 3116 nun
1108 3063 1189 3116 liceat
1198 3063 1318 3129 amplius
1330 3064 1445 3117 ducere.
1457 3064 1495 3113 >2⁴
1509 3068 1598 3118 canu·

373 3147 501 3200 Trullana
513 3147 659 3212 probante.
997 3163 1048 3203 nes
1061 3147 1209 3215 apostolici
1230 3147 1338 3203 nubere
1357 3151 1504 3213 volentes,
1521 3155 1598 3218 pust·

407 3233 464 3284 180.
474 3235 511 3286 lte
524 3232 629 3300 urigine
642 3233 897 3300 legiscuntinentiae
909 3245 964 3300 qua
998 3247 1081 3301 quam
1099 3236 1128 3286 in
1145 3236 1250 3288 clerum
1278 3241 1344 3288 sunt
1360 3236 1508 3302 cooptati,
1526 3238 1598 3290 ultra

373 3324 503 3372 tenentur
518 3318 611 3372 clerici
630 3321 750 3386 majores
762 3319 861 3371 acriter
877 3319 964 3372 disce
998 3320 1120 3374 lecturis
1130 3321 1174 3374 vel
1187 3321 1287 3372 psaltis
1299 3321 1545 3389 gradumpruvebi
1554 3337 1597 3376 ve·

373 3409 473 3470 piatur.
494 3407 568 3457 inter
584 3407 771 3458 protestantes
782 3404 891 3469 plurimi
903 3405 965 3458 dre-
998 3411 1064 3458 tant.
1077 3413 1165 3456 -τοι
1176 3407 1207 3458 tu
1222 3416 1296 3475 sirpo
1306 3408 1471 3474 :priamum
1487 3410 1600 3474 epipam,

374 3489 482 3556 qurium
494 3489 555 3540 Vll.
573 3490 632 3556 ejus
644 3489 747 3542 iaciunt
760 3495 918 3551 auctorem
938 3495 965 3542 et
999 3489 1111 3552 scalmo
1131 3490 1277 3553 acumine„
1296 3497 1401 3558 papiu,
1426 3497 1598 3560 trapetum,

375 3585 435 3626 eam
446 3573 566 3638 iniquam
576 3585 648 3637 esse,
660 3578 688 3626 et
699 3573 821 3626 omnium
836 3574 966 3627 vitiorum
999 3597 1039 3626 ω
1056 3577 1153 3642 tineae
1172 3579 1262 3638 ptum.
1283 3578 1438 3631 concilium
1457 3583 1601 3633 lleucaesa·

376 3657 480 3708 iontem
506 3656 663 3718 clamitant,
685 3657 858 3724 vigilantium
886 3659 914 3710 in
931 3671 966 3712 eo
1001 3675 1118 3726 reense,
1131 3674 1205 3716 annu
1217 3665 1287 3727 old,
1301 3663 1444 3719 decrevit:
1457 3666 1598 3731 «Presby-

376 3737 484 3800 imitati,
503 3738 576 3803 quud
591 3741 812 3794 «continentiam
829 3742 966 3806 lraeresim,
999 3747 1093 3810 ter‚si
1117 3759 1230 3800 urorum
1255 3749 1414 3814 acceperit,
1440 3749 1478 3802 ab
1501 3750 1600 3803 urdine

376 3820 537 3888 pudicitiam
560 3821 683 3877 libidinis
701 3823 901 3878 seminarium»
921 3841 968 3880 as·
999 3829 1209 3896 deponatur.»⁸

379 3911 474 3962 serant
484 3919 493 3970 3
503 3906 514 3973 ἓ
526 3911 650 3974 quamvis
667 3924 723 3964 nun
741 3911 832 3965 desint
850 3913 897 3980 qui
912 3927 968 3968 coe-
1034 3917 1092 3969 itit.
1112 3917 1166 3983 lpsi
1178 3919 1317 3972 Tmllanae
1329 3919 1433 3986 synodi
1447 3921 1598 3984 Praesides,

378 3994 493 4046 libatum
528 3995 668 4063 probant,
698 3981 849 4053 uumnbuu
881 4015 968 4067 penes
1001 4001 1049 4067 qui
1071 4001 1246 4068 disciplinam
1271 4004 1455 4058 orientalium
1475 4005 1599 4060 ducoeli·

378 4091 606 4146 unumquemque
624 4095 687 4135 eum
705 4084 814 4137 colendi
826 4086 969 4139 arbitrium
1001 4085 1067 4138 bntu
1085 4086 1201 4139 eatenus
1221 4089 1384 4155 solverunt,
1397 4091 1475 4157 quud
1493 4090 1602 4144 clericis

379 4168 499 4216 maneat.
511 4165 644 4234 lbeuluqi
661 4179 757 4222 omnes
771 4181 835 4223 vere
843 4172 970 4226 catholici
1002 4169 1152 4237 majoribus
1162 4170 1204 4224 uti
1216 4173 1397 4228 matrimonio
1408 4181 1477 4229 ante
1486 4174 1602 4228 Ordines

380 4245 450 4312 legis
465 4248 622 4314 aequitatem
648 4258 676 4304 et
695 4252 866 4306 sanctitatem
888 4267 971 4322 agno·
1002 4260 1147 4321 susceptus
1165 4256 1234 4310 initu
1257 4260 1455 4326 permiserint,
1476 4261 1606 4315 districtc

381 4335 463 4384 scunt
483 4348 489 4382 :
515 4335 564 4386 sed
584 4341 710 4400 quaerunt
724 4343 814 4390 utrum
834 4340 969 4395 Christum
1002 4345 1162 4405 vetuemnt,
1175 4347 1289 4408 nepust
1301 4346 1437 4399 ordinum
1449 4347 1607 4413 susceptio·
1714 4315 1716 4357 ἰ

381 4414 483 4467 babeat
505 4422 668 4486 aucturum,
689 4421 733 4475 vel
753 4424 914 4489 Apostolus,
928 4426 972 4480 vel
1003 4424 1139 4491 numquis
1155 4428 1366 4484 matrimonium
1384 4432 1489 4488 iniret:
1506 4453 1519 4479 ι
1533 4435 1608 4497 Quo·
1714 4452 1716 4457 ·

412 4670 440 4720 (l)
450 4669 490 4721 lip.
498 4669 539 4710 xiv.
548 4681 566 4710 c.
577 4671 604 4713 ir.
614 4676 655 4717 eui.
665 4681 709 4719 att.
723 4683 775 4719 tuns.
785 4678 800 4718 i.
809 4679 860 4720 edit.
871 4679 972 4722 Bsilerin.
1029 4662 1063 4733 Ι(ὅ)
1070 4684 1123 4736 Cap.
1130 4684 1176 4726 xiil.
1184 4686 1253 4729 libb.
1262 4693 1281 4728 t.
1289 4689 1304 4731 i.
1313 4702 1335 4743 p.
1343 4693 1390 4732 its.

413 4738 441 4788 (9)
450 4737 502 4778 Can.
516 4737 540 4778 ii.
549 4737 575 4791 (t)
585 4741 638 4784 Vide
646 4744 823 4798 Hieronymum.
831 4747 895 4799 vigil.
1024 4754 1058 4804 lt)
1066 4753 1127 4806 Apud
1136 4755 1202 4796 labb.
1210 4762 1226 4797 t.
1234 4757 1250 4799 i.
1259 4771 1283 4812 p.
1293 4763 1352 4801 litt.
