3792 5550
362 539 413 589 aot
722 542 835 592 TRACT.
855 542 941 592 lll'lll.
964 538 1004 587 ull
1021 538 1233 589 utlbllton'lo.

363 655 404 707 les
414 656 614 722 tuleruntleges
628 656 662 709 de
676 656 951 720 matrimoniis,con-
1016 654 1060 704 99.
1079 654 1161 718 lietu.
1187 656 1258 705 bens
1290 652 1365 703 haud
1400 654 1580 718 coniunxisse

363 747 511 792 sueverunt
524 743 660 793 Caesarum
673 755 783 807 operam
797 745 949 807 postulare,
993 738 1148 791 censendus
1168 744 1211 790 est
1230 738 1337 803 eosqui
1350 739 1429 803 leges
1442 739 1477 791 ab
1490 741 1583 791 Eccle-

363 828 393 874 ut
411 825 632 878 vimliaberent:
654 826 727 890 quod
753 826 883 879 indicium
907 835 949 879 est
985 821 1025 873 sia
1044 823 1113 874 latas
1124 829 1267 887 spernunt.
1287 822 1402 885 Quodsi
1426 822 1502 875 bona
1528 823 1583 876 ilde

362 922 411 962 eos
421 910 458 961 nil
469 922 516 974 por
533 924 561 961 so
577 924 665 975 posse.
680 911 723 963 Sic
738 912 887 963 Concilium
900 914 952 965 llo·
984 908 1187 971 contraxerint,
1209 907 1400 972 impedimenti
1425 908 1501 959 hand
1518 922 1584 961 eon-

362 996 505 1061 guntinum
527 995 652 1047 acaroln
666 998 699 1046 ll.
714 996 949 1050 confirmationem
985 992 1052 1055 scii,
1073 998 1196 1056 potestas
1212 992 1402 1044 ecclesiastica
1416 994 1585 1058 plerumque

362 1091 532 1143 eorumquae
554 1079 588 1132 de
602 1080 804 1145 impedimentis
819 1088 951 1136 statuerat
984 1083 1127 1129 exercetur
1144 1076 1332 1141 dispensando
1345 1083 1375 1128 91
1388 1078 1495 1130 valeant
1515 1091 1586 1130 oon-

363 1166 450 1230 petiit.
985 1163 1103 1215 trabere.
1117 1163 1302 1227 Quaecumque
1322 1161 1417 1214 forsan
1438 1164 1584 1215 evenerint

392 1250 435 1301 99.
448 1250 526 1314 liesp.
537 1252 595 1303 lton
609 1250 635 1301 id
647 1264 755 1317 semper
767 1251 824 1305 lieri
834 1266 951 1305 consue·
985 1248 1176 1311 incommoda,
1190 1253 1331 1313 nequeunt
1347 1248 1478 1314 imputari
1492 1251 1585 1302 llocle

361 1333 416 1393 rit;
430 1335 478 1387 sed
500 1335 586 1388 libero
598 1337 735 1401 plenoque
747 1337 949 1402 1919999999-
984 1334 1048 1395 siae,
1061 1346 1124 1398 quae
1144 1332 1365 1398 sapientissimas
1390 1340 1419 1385 et
1439 1334 1584 1386 sanctissi-

361 1424 425 1470 1991
448 1420 582 1472 Praesules
606 1434 667 1486 quae
691 1422 725 1473 ad
745 1421 949 1474 matrimonium
984 1431 1043 1471 mas
1058 1418 1296 1472 tnlitsanctiones

360 1504 536 1569 spectabant,
549 1507 620 1557 adeo
635 1506 722 1569 utipsi
738 1507 837 1557 summi
850 1507 951 1571 princi·
1016 1506 1059 1556 91.
1070 1503 1129 1570 obi.
1148 1506 1174 1555 o.
1186 1502 1383 1569 impedimenta
1408 1504 1455 1555 illa
1492 1506 1584 1557 ecclo-

359 1602 408 1656 pes
419 1590 452 1641 iis
463 1596 621 1642 tenerentur
631 1591 737 1657 legibus
755 1604 816 1656 qnae
827 1591 949 1644 fidelium
985 1588 1095 1641 siastica
1105 1588 1178 1641 civili
1186 1588 1317 1654 potestati
1328 1588 1581 1653 injnriamlaeiunt:

359 1674 481 1727 omnium
504 1676 629 1742 conjugia
655 1677 794 1743 regebant.
826 1678 949 1731 Proiecto
984 1672 1311 1740 namconJ'ugoslegitimi
1321 1674 1398 1738 juxta
1409 1672 1506 1737 patriae
1519 1686 1582 1725 san·

357 1760 503 1826 Gregorius
517 1762 621 1813 V.anno
632 1765 681 1814 998
694 1762 721 1815 19
735 1763 840 1829 synodo
852 1767 949 1817 itoma-
983 1759 1105 1822 ctiones,
1119 1759 1253 1824 adulterit,
1270 1759 1314 1811 vel
1332 1758 1431 1809 incesti
1451 1758 1481 1809 in
1505 1758 1582 1821 foro,

360 1859 395 1898 ua
418 1847 528 1900 lloberti
550 1850 713 1902 Francorum
724 1849 795 1915 regis
805 1862 867 1902 cum
887 1852 949 1902 Ber·
983 1844 1022 1897 uti
1046 1844 1137 1907 aiunt,
1163 1842 1351 1896 ecclesiastico
1381 1842 1533 1908 habentur,
1556 1852 1584 1896 et

359 1939 385 1983 ta
398 1934 602 1997 consanguinea
624 1934 827 1986 matrimonium
840 1935 946 1987 irritum
984 1929 1032 1982 dlii
1042 1930 1140 1995 spurii.

362 2018 556 2083 pronuntiavit.
588 2020 820 2085 Quandocumque
852 2027 945 2072 autem
1015 2014 1584 2080 9911919.11911991911111991991911111-

360 2103 435 2166 regia
459 2102 655 2168 implorabatur
679 2116 761 2169 opera
788 2104 821 2155 ad
840 2103 947 2169 legibus
979 2099 1069 2165 juria3
1089 2112 1152 2151 uam
1174 2099 1260 2152 libera
1274 2100 1390 2152 omniuo
1407 2106 1434 2152 et
1450 2114 1583 2166 suprema

357 2188 549 2240 ecclesiasticis
562 2189 616 2240 vim
631 2188 820 2248 tribuendam,
833 2186 946 2241 effeetus
983 2184 1011 2235 in
1029 2183 1063 2236 iis
1074 2197 1136 2248 quae
1153 2184 1188 2236 ad
1209 2184 1337 2236 ordinem
1350 2191 1378 2236 ot
1394 2185 1521 2251 regimen
1534 2198 1584 2252 po-

358 2272 451 2323 civiles
465 2272 676 2335 spectabantur:
687 2285 737 2323 nec
749 2272 822 2323 enim
841 2272 895 2324 nisi
912 2273 949 2325 ci·
983 2269 1086 2321 liticnm
1094 2275 1186 2322 manet
1203 2271 1354 2322 auctoritas
1365 2286 1372 2320 ι
1384 2272 1465 2337 quod
1474 2271 1499 2324 si
1507 2272 1583 2325 cites

356 2355 402 2406 tili
417 2357 577 2408 auctoritate
597 2356 729 2420 probante
741 2362 867 2421 poterant
885 2370 947 2409 san·
982 2356 1105 2408 eoelestis
1115 2356 1273 2421 reipublicae
1284 2357 1380 2409 baberi
1390 2359 1489 2421 veiint,
1502 2370 1583 2423 opor-

357 2438 462 2491 olioncs
475 2440 528 2491 illae
542 2441 569 2491 in
585 2440 695 2505 judiciis
709 2440 846 2505 rebusque
858 2441 947 2495 civili·
983 2445 1022 2492 tet
1040 2447 1070 2492 ut
1090 2448 1200 2494 servent
1229 2441 1359 2495 Ecclesiae
1388 2440 1581 2494 institutoria

358 2523 409 2575 bus
421 2524 557 2577 obtinere.
984 2530 1089 2577 tautum
1108 2525 1268 2578 conditione
1290 2528 1351 2592 ejus
1364 2526 1519 2593 privilegiis
1529 2528 1583 2579 1191

390 2607 505 2674 99991.
519 2612 544 2659 l.
569 2610 649 2661 liber
662 2609 779 2663 duorum
794 2624 947 2666 consensus
983 2609 1055 2663 lieet.
1068 2610 1096 2661 si
1106 2610 1188 2676 igitur
1205 2611 1357 2677 aliquando
1370 2612 1518 2678 contingat
1532 2614 1581 2664 ali·

357 2692 392 2744 de
417 2706 563 2757 corporum
582 2706 694 2746 suorum
714 2695 852 2757 dominio,
873 2698 947 2763 quod
983 2707 1054 2759 quos
1073 2695 1199 2757 ciuiliter,
1219 2697 1258 2749 uti
1279 2696 1451 2759 aiunt,esse
1465 2700 1583 2764 conjun-

354 2779 415 2843 jnre
438 2785 542 2830 naturae
562 2793 646 2844 penes
657 2794 882 2848 unumquemque
897 2790 948 2847 est,
983 2786 1140 2845 ctos,quos
1151 2781 1221 2833 oben
1232 2782 1347 2847 impedit
1357 2796 1392 2835 ne
1400 2784 1479 2849 juxta
1493 2784 1583 2851 legem

356 2873 412 2912 non
431 2867 518 2924 potest
536 2864 627 2914 irritus
646 2864 703 2916 liert
717 2867 950 2922 neelesiaeaucto-
983 2865 1112 2918 neelesiae
1121 2868 1335 2932 conjungamur,
1347 2866 1452 2920 civium
1461 2874 1583 2921 terreno·

360 2944 450 2996 ritate.
983 2963 1043 3002 rum
1056 2950 1183 3003 fruuntur
1203 2952 1329 3017 juribus,
1348 2952 1582 3017 amittuntcoele-

388 3028 430 3078 91.
451 3027 530 3090 llesp.
555 3027 722 3094 Quicumque
744 3033 882 3096 baptismo
907 3036 949 3088 lu·
982 3033 1053 3096 stia;
1068 3047 1123 3087 non
1135 3037 1210 3088 onim
1220 3037 1267 3089 bei
1277 3037 1414 3103 judicium
1428 3051 1526 3090 rerum
1538 3051 1583 3090 ex·

359 3111 435 3162 strati
450 3109 533 3164 fidem
553 3107 717 3166 catholicam
731 3117 904 3183 profitentur,
914 3121 952 3174 ci·
982 3124 1090 3171 ternam
1099 3119 1221 3185 speciem
1233 3128 1355 3186 spectat,
1365 3123 1416 3175 sed
1426 3123 1582 3177 veritatem.

354 3209 402 3247 ves
416 3201 480 3248 sunt
498 3197 656 3262 reipublicae
667 3200 802 3264 coelestis,
815 3203 949 3259 institutae
1198 3207 1365 3273 Proposito.

295 3277 299 3287 “
354 3282 458 3334 scilicet
471 3288 502 3334 ut
515 3283 587 3335 cives
601 3286 670 3337 eoelo
680 3285 795 3340 fruendo
810 3289 875 3342 liant
888 3293 951 3346 ido·
1015 3289 1106 3343 Civilis
1131 3293 1276 3357 potestatis
1295 3295 1461 3347 exercitium
1484 3295 1513 3347 in
1526 3308 1584 3366 ma-

353 3365 407 3416 net.
421 3366 450 3416 lu
465 3369 593 3420 omnibus
605 3370 686 3435 igitur
699 3385 761 3436 quae
774 3374 807 3425 ad
831 3376 949 3430 salutem
983 3376 1121 3429 trimoniis
1139 3377 1307 3432 dirimendis
1326 3381 1503 3435 ultraoiviles
1515 3380 1584 3435 effe·

353 3454 492 3512 spectant,
513 3457 648 3517 supremae
678 3458 832 3511 auctoritati
859 3463 950 3514 Eccle-
980 3464 1282 3516 ctusnonextenditur.
1468 3517 1472 3520 .

353 3531 423 3592 siae,
437 3546 498 3596 quae
516 3538 598 3587 alteo
610 3543 668 3598 est,
682 3541 849 3607 subduntur,
862 3551 889 3596 et
898 3558 945 3598 eo·
1013 3548 1056 3598 99.
1078 3546 1261 3601 ermacorae
1273 3563 1369 3603 rerum
1379 3557 1494 3605 11911119.
1511 3553 1582 3606 Civi-

350 3626 411 3664 rum
433 3617 575 3681 voluntas,
597 3621 668 3674 sicut
692 3632 719 3676 et
739 3632 832 3690 actus,
865 3643 943 3684 sacro
979 3628 1013 3681 lis
1025 3636 1149 3695 potestas
1172 3647 1237 3686 eum
1251 3634 1279 3686 in
1294 3635 1381 3688 linem
1394 3638 1523 3691 instituta
1541 3644 1583 3690 est

352 3699 412 3762 ejus
443 3699 557 3763 imperio
585 3707 753 3760 moderanda
782 3715 943 3768 99199999
979 3722 1009 3767 91
1021 3717 1095 3769 cives
1123 3725 1201 3784 regat
1221 3720 1249 3773 io
1264 3721 1298 3774 iis
1309 3736 1374 3787 quae
1392 3726 1536 3790 pertinent
1547 3726 1582 3777 ad

349 3792 410 3831 eam
428 3787 469 3833 cst
489 3785 662 3840 conditiones
687 3792 800 3856 legitimi
826 3808 943 3851 consen·
978 3799 1103 3853 ordinem
1126 3809 1154 3854 et
1177 3805 1295 3858 salutem
1315 3809 1472 3873 publicam..
1492 3813 1581 3874 Quum

345 3863 612 3960 susdelinire,quae
631 3872 654 3924 si
672 3877 802 3942 negleotae
825 3880 942 3947 luerint,
977 3881 1060 3949 igitur
1080 3886 1141 3939 linis
1162 3889 1201 3938 1111
1222 3893 1386 3956 propositus
1409 3894 1445 3946 sit
1475 3896 1580 3955 civilis,

352 3952 445 3998 irritus
457 3957 517 4002 erit.
550 3955 671 4010 Proiecto
694 3972 750 4014 non
781 3965 818 4016 ita
852 3974 943 4032 potest
977 3969 1037 4033 eius
1054 3973 1204 4026 auotoritas
1229 3981 1287 4027 tota
1316 3976 1390 4030 intra
1415 3992 1466 4032 eos
1480 3980 1580 4031 limites

353 4034 541 4101 uuusquisque
563 4040 598 4091 de
610 4056 660 4095 suo
679 4057 793 4113 corpore
812 4051 942 4117 dispone·
977 4054 1114 4107 consistit.
1133 4059 1268 4110 Praeterea
1286 4073 1345 4113 non
1358 4063 1445 4116 debet
1461 4065 1581 4132 singulo·

350 4127 379 4164 ΓΘ
391 4151 399 4177 a
412 4119 485 4181 quod
507 4121 605 4176 divinae
615 4126 702 4192 legis,
721 4134 763 4184 vel
776 4135 942 4191 ecclesiasti·
977 4149 1038 4188 rum
1063 4139 1182 4193 libertati
1194 4143 1304 4196 detrahi
1318 4147 1347 4197 in
1366 4148 1504 4202 societate
1514 4162 1581 4202 con·

347 4210 387 4284 cae
400 4201 473 4253 119119
488 4205 612 4260 habenda
623 4212 658 4262 sit
677 4215 753 4268 ratio.
978 4221 1131 4286 stitueuda,
1152 4227 1205 4278 nisi
1225 4227 1365 4292 quatenus
1376 4231 1404 4283 id
1423 4234 1511 4300 exigit
1522 4235 1580 4299 ipsa

383 4284 643 4378 9530bjtltlcclesia
658 4297 762 4350 irritum
776 4301 940 4360 declarando
976 4309 1050 4360 salus
1064 4314 1220 4366 communis
1235 4329 1242 4364 :
1257 4319 1415 4380 praesertim
1430 4321 1525 4385 quoad
1546 4333 1580 4372 ea

354 4368 555 4421 matrimonium
567 4375 651 4429 libero
663 4389 941 4449 contractum,solvit
975 4404 1037 4456 quae
1060 4401 1165 4447 naturae
1186 4399 1249 4462 jnra
1270 4404 1416 4468 praecipua
1438 4405 1578 4458 videntur.

350 4447 426 4509 quod
439 4449 671 4543 bensconjunxit,
684 4467 789 4520 cbristo
806 4469 830 4519 id
844 4477 937 4525 velen·
971 4479 1004 4528 tt
1021 4490 1086 4531 vero
1103 4482 1178 4534 salus
1199 4489 1360 4541 communis
1373 4503 1432 4543 non
1445 4493 1531 4559 exigit
1549 4499 1579 4544 91

349 4536 430 4590 19191
447 4545 575 4594 intortam
595 4539 658 4593 facit
675 4553 898 4608 contrahentibus
911 4565 938 4610 et
972 4560 1084 4614 libertas
1130 4570 1375 4625 matrimoniorum
1412 4561 1578 4639 minuatur,

348 4613 428 4677 proli,
447 4615 516 4679 nego
545 4619 665 4677 abutitur
686 4638 819 4694 potestate
843 4637 870 4688 in
893 4641 938 4694 de·

347 4696 536 4751 structionem.
972 4658 1056 4709 quum
1067 4651 1135 4701 ⁸³⁸⁸
1153 4665 1364 4714 p‘aecaveanuff
1378 4662 1453 4713 111111
1471 4676 1506 4714 ex
1518 4663 1578 4728 ⁹1⁰⁸

971 4728 1077 4792 abusu,
1097 4733 1224 4789 civilibus
1238 4737 1388 4798 effectibus
1403 4758 1578 4812 eorumquae
