3792 5550
363 593 412 643 262
735 588 850 637 TRACT.
869 588 932 636 xlv.
952 587 995 637 bs
1012 585 1234 636 adamandam.

362 706 577 772 paenitentibus,
599 715 679 768 quam
698 714 780 754 nemo
798 701 851 753 nisi
870 702 952 754 conii-
986 712 1087 751 munus
1100 713 1106 749 :
1121 711 1183 763 quae
1198 699 1292 751 omnia
1304 699 1407 764 optime
1420 701 1575 762 cohaerent,

363 793 446 845 tendo
466 790 576 856 assequi
598 793 702 853 posset.
721 788 800 839 Falso
821 786 954 853 igituras·
986 786 1009 838 si
1027 785 1149 838 mulieris
1160 784 1262 838 iudicio
1275 787 1347 850 apud
1360 787 1576 840 ecclesiasticum

363 878 462 930 seritur
479 889 494 927 a
518 874 617 925 ballaeo
632 871 792 924 auricularis
806 871 955 925 confessio·
983 871 1103 937 jndicem
1116 883 1160 923 res
1172 876 1248 937 gesta
1271 871 1431 924 innotuerit.
1444 874 1576 924 Caeterum

363 961 406 1014 nis
426 959 551 1026 privatim
587 957 723 1010 sacerdoli
751 957 802 1009 soli
825 956 956 1008 iacienda,
986 962 1044 1008 tota
1062 955 1146 1008 series
1168 955 1299 1008 orationis
1317 957 1410 1008 obstat
1430 970 1467 1009 ne
1488 959 1522 1010 de
1533 973 1579 1024 pu·

362 1046 468 1097 nullum
489 1043 633 1108 vestigium
657 1055 691 1114 ea
712 1046 791 1098 aelatc
817 1041 953 1106 reperiri,
986 1041 1057 1092 blica
1081 1039 1254 1093 consessione
1275 1040 1462 1106 intelligatur,
1494 1057 1577 1106 quum

362 1145 447 1196 quum
465 1132 632 1183 sozomenus
645 1141 706 1180 eam
720 1129 802 1193 plane
813 1128 954 1191 adstruat,
987 1129 1154 1179 sozomenus
1178 1125 1251 1178 dicat
1272 1139 1353 1192 graue
1374 1139 1406 1178 ac
1432 1127 1579 1179 molestum

363 1221 391 1268 et
415 1215 649 1267 Poenitentiarium
679 1226 712 1266 eo
741 1213 863 1266 iunctum
891 1226 954 1266 esse
988 1212 1111 1265 abluitio
1135 1211 1301 1264 uisumesse
1322 1212 1351 1263 in
1370 1212 1577 1265 coetufidelium

363 1299 622 1365 munere,anamvis
643 1299 783 1364 publicum
805 1298 956 1349 aliudmu-
988 1296 1121 1349 confiteri.
1147 1296 1213 1349 ldeo
1240 1302 1331 1348 autem
1355 1297 1517 1363 abrogatum
1540 1305 1579 1350 est

363 1399 416 1437 nus
428 1385 509 1437 simul
521 1385 624 1447 obiret,
642 1397 698 1436 non
711 1384 827 1436 obscure
838 1382 951 1434 indicat.
988 1380 1188 1445 munus,quod
1209 1394 1241 1433 ex
1258 1381 1427 1446 poeniteuliae
1446 1383 1578 1447 imposita

398 1469 528 1534 tnaotj.
542 1473 568 1520 7.
587 1469 614 1520 Si
635 1468 670 1520 de
694 1467 839 1520 auriculari
850 1467 956 1520 caules·
989 1465 1231 1518 aPoenitentiario
1265 1467 1411 1519 occasione
1445 1474 1578 1532 patratum

364 1555 458 1617 sione,
472 1554 584 1606 auribus
597 1551 702 1604 scilicet
713 1551 793 1604 unius
803 1552 954 1604 sacerdotis
989 1550 1024 1602 sil
1045 1550 1160 1603 lacinus.
1180 1551 1283 1616 Cuique
1306 1551 1437 1618 deinceps
1458 1552 1527 1605 lacta
1539 1559 1578 1604 est

364 1640 548 1698 insusurrata,
570 1643 643 1689 esset
664 1649 771 1700 sermo,
792 1637 901 1690 diaconi
917 1638 955 1690 ia·
989 1635 1103 1687 facultas
1126 1635 1179 1687 sibi
1206 1637 1387 1699 consulendi,
1416 1639 1494 1702 juxta
1519 1650 1579 1689 con·

364 1725 444 1777 cinus
454 1736 510 1778 non
527 1724 707 1787 innotuisset,
717 1723 792 1789 quod
807 1724 957 1791 divulgavit
989 1719 1110 1772 scientiae
1123 1720 1275 1784 dictamen,
1287 1722 1351 1786 quin
1365 1721 1577 1782 Eoenitentiarii,

365 1807 464 1859 mulier
485 1808 556 1859 ultra
580 1807 694 1860 modum
715 1806 872 1860 confitendo
896 1820 957 1873 pro·
989 1805 1072 1860 etiam
1087 1805 1303 1872 degravioribus
1317 1805 1441 1869 delictis,
1455 1805 1579 1858 sieutau·

365 1904 472 1958 gressa.
989 1899 1051 1955 tea,
1072 1893 1202 1946 standum
1233 1893 1304 1946 toret
1319 1892 1433 1958 jndicio.
1458 1891 1579 1946 Proiecto

399 1977 457 2028 lbi.
475 1978 554 2042 Raso
579 1978 703 2031 Proiecto
727 1979 761 2031 de
783 1975 959 2032 confessione
989 1978 1413 2043 privatamconlessionembaud
1426 1977 1581 2030 suissesub·

364 2063 418 2114 soli
441 2063 646 2116 Poenitentiarlo
670 2065 740 2116 iacta
752 2065 957 2129 loquituruter-
989 2064 1072 2116 latam
1092 2070 1200 2118 constat
1220 2063 1387 2129 explurimrs
1407 2063 1581 2117 certissimis·

364 2159 419 2211 que
437 2146 572 2210 scriptor,
590 2148 629 2198 nti
646 2147 730 2200 verba
748 2160 843 2201 eorum
867 2148 955 2200 mani·
989 2163 1044 2214 que
1061 2149 1252 2212 documentis,
1280 2161 1342 2214 quae
1366 2149 1401 2200 de
1420 2162 1452 2200 ea
1472 2148 1581 2214 uigente

364 2231 461 2282 lestam
479 2231 582 2283 faciunt
599 2230 691 2283 fidem.
713 2232 855 2294 Quomodo
865 2237 957 2285 autem
991 2233 1066 2286 omui
1079 2239 1159 2286 aetate
1176 2233 1205 2285 in
1219 2234 1338 2286 Ecclesia
1351 2235 1581 2298 constantinopo-

367 2314 537 2378 divulgatum
557 2315 638 2366 luerit
653 2315 804 2380 flagitium,
822 2317 957 2370 nonsatis
992 2317 1094 2381 litana,
1106 2316 1177 2370 sicut
1191 2318 1347 2384 elabique,
1366 2318 1451 2370 fidem
1463 2318 1579 2392 iaciunt,

365 2400 535 2462 exploratum
568 2406 619 2451 est.
651 2401 820 2453 sozomenus
853 2401 921 2455 dicit
948 2416 956 2451 ε
990 2408 1018 2455 et
1038 2416 1072 2454 ex
1087 2403 1286 2456 consuetudine
1304 2417 1447 2469 nunquam
1471 2404 1581 2456 interru-

365 2503 382 2532 ι(
392 2486 514 2536 llatrona
526 2486 652 2550 quaedum
666 2486 782 2550 nobilis,
795 2487 832 2539 ob
845 2492 957 2551 peccata
989 2492 1051 2552 pta,
1063 2501 1124 2553 quae
1142 2489 1232 2542 adhuc
1242 2489 1279 2541 ibi
1293 2494 1428 2542 servatur.

365 2583 427 2636 quae
438 2571 563 2624 confessa
573 2572 758 2638 luerat,jussa
771 2571 807 2624 ob
832 2573 885 2625 boc
896 2586 957 2638 pre·
1023 2575 1082 2624 155.
1094 2572 1154 2638 obj.
1169 2575 1194 2624 8.
1213 2574 1306 2626 omnis
1318 2574 1505 2628 confessionis
1514 2575 1579 2626 ritus

365 2660 480 2723 sbytero
496 2659 782 2723 jejunare,.ac·ltenm
797 2658 958 2722 suppliciter
990 2657 1138 2723 abrogatus
1155 2661 1239 2710 estin
1261 2660 1381 2712 Ecclesia
1395 2660 1580 2712 Constantino·

364 2755 462 2804 orare3
477 2743 543 2795 dum
555 2745 636 2811 hujus
649 2743 688 2795 rei
700 2755 782 2796 causa
794 2742 821 2795 in
834 2744 956 2796 Ecclesia
991 2743 1129 2809 politana:
1143 2762 1159 2793 a
1178 2746 1252 2799 llane
1265 2749 1355 2799 autem
1372 2746 1578 2813 abrogationem

365 2834 538 2891 moraretur,
561 2843 576 2881 a
600 2829 717 2882 diacono
745 2842 775 2881 se
805 2835 956 2894 stupratam
990 2831 1579 2899 lotlocisevidenterChrysostomustesta-

361 2925 428 2964 esse
446 2914 603 2977 prodidit.»
614 2942 648 2951 -
663 2935 816 2976 saraptim.
831 2918 957 2968 socrates
991 2921 1046 2978 tur,
1059 2917 1368 2983 Constantinopolitanae
1381 2925 1408 2970 et
1420 2918 1481 2983 ipse
1494 2918 1580 2969 Eccle-

362 2996 433 3049 -dicit
451 3010 511 3049 eam
532 2999 606 3063 apud
622 3000 854 3051 Poeniteutiarium
865 3000 958 3052 omnia
990 3001 1039 3055 siae
1049 3004 1152 3055 Praesul
1162 3040 1170 3067 ‚
1182 3008 1211 3055 ut
1227 3004 1325 3055 mirum
1338 3005 1373 3054 sit
1391 3005 1462 3055 istos
1476 3002 1579 3067 (Cottio-

363 3087 428 3147 post
445 3083 614 3147 Baptismum
636 3084 756 3137 admissa
773 3084 955 3149 deposuisse,
991 3088 1065 3151 ticos)
1089 3088 1191 3143 audere
1214 3096 1310 3143 contra
1323 3090 1456 3142 mutire.»
1477 3088 1580 3141 tradal-

360 3167 496 3232 deinceps
514 3175 577 3233 post
599 3169 711 3235 aliquod
725 3170 858 3235 temporis
872 3170 957 3223 inter·
988 3173 1087 3238 uinus,
1113 3175 1160 3241 qui
1181 3178 1269 3243 pergit
1293 3177 1372 3241 plura
1394 3172 1579 3243 chrysostomi

363 3253 468 3308 vallum
485 3256 641 3309 accusando
661 3255 737 3308 aliud
754 3261 896 3321 peccatum
909 3256 957 3309 de·
991 3261 1092 3314 referre
1111 3262 1278 3315 testimonia.

362 3338 479 3402 tulisse,
497 3340 571 3405 quod
599 3340 702 3394 scilieet
715 3382 723 3405 ,
738 3341 803 3393 dum
821 3341 954 3407 poeniteu·
1022 3349 1080 3399 lat.
1101 3348 1179 3413 neap.
1198 3348 1412 3415 ¹Ebrysostomus
1430 3348 1531 3414 saepius
1552 3346 1578 3397 in

361 3422 499 3477 tiaeeausa
515 3425 543 3477 in
556 3426 675 3479 Ecclesia
689 3432 843 3480 versaretur
858 3466 866 3490 ‚
890 3441 955 3480 cum
991 3433 1049 3485 suis
1066 3433 1245 3487 concionibus
1258 3434 1293 3487 ad
1306 3434 1429 3486 muneris
1444 3434 1578 3486 Poeuiten·

361 3509 481 3562 diacono
501 3511 714 3564 concubuisset:
731 3514 768 3562 lat
790 3514 955 3580 aptantibus,
990 3516 1061 3569 tiarii
1084 3516 1289 3585 abrogationem
1311 3519 1435 3571 alludere
1459 3518 1579 3579 uidetur,

361 3597 404 3643 nl
429 3604 485 3643 aaa·
511 3596 622 3655 „sapt
651 3617 729 3648 tarr-r
747 3617 870 3665 ransart
893 3598 902 3630 ¹
922 3624 957 3637 -
991 3601 1095 3655 atinde
1122 3616 1231 3656 sumere
1259 3603 1433 3657 occasionem
1455 3602 1579 3657 hortandi

328 3684 332 3689 ’
363 3681 450 3731 l'oces
474 3680 508 3730 ab
532 3685 649 3744 utroque
670 3682 802 3747 scriptore
826 3682 956 3736 adhibitae
991 3688 1576 3741 lidelesadconfessionemlteolaciendum.

363 3764 513 3827 indiciam,
544 3764 723 3825 delationem,
756 3769 955 3821 accusationem
990 3772 1075 3835 Quum
1093 3779 1184 3826 autem
1204 3773 1321 3825 maxime
1339 3773 1446 3826 laboret
1461 3774 1577 3838 inpravo

364 3848 475 3914 proprie
488 3849 644 3915 significant
658 3888 665 3914 ,
679 3864 730 3903 nec
747 3852 782 3903 ad
803 3852 958 3905 confessio·
989 3856 1109 3921 pudore,
1120 3871 1175 3923 quo
1194 3859 1228 3911 ab
1251 3860 1302 3911 bac
1318 3858 1507 3911 retinebantur
1516 3869 1579 3909 non·

364 3948 428 3987 nem
456 3935 631 3994 iudicandam
655 3939 816 4005 plerumque
838 3953 955 4005 usurpa·
988 3941 1075 4006 nulli,
1099 3942 1278 4007 depellendo,
1297 3942 1577 4009 liqueleamintelligi

364 4027 417 4071 tur.
433 4020 548 4074 ’Narrat
560 4009 838 4077 Socrat'esdiaccnum
849 4026 952 4078 idcirco
971 4011 973 4016 ’
989 4040 1050 4091 quae
1063 4026 1197 4079 sacerdoli
1210 4027 1256 4079 bei
1268 4027 1341 4081 vices
1353 4028 1468 4081 obeunti
1481 4027 1518 4079 fit.
1535 4025 1577 4078 Sic

364 4106 398 4158 ab
411 4108 532 4160 Ecclesia
545 4109 679 4174 eJeclum,
697 4117 725 4162 et
733 4111 826 4163 turbas
840 4123 954 4177 magnas
989 4110 1017 4161 ln
1032 4111 1094 4163 loco
1107 4148 1114 4174 ,
1128 4125 1210 4176 quem
1230 4112 1301 4165 inter
1318 4113 1396 4179 plura
1413 4113 1508 4179 objicit
1523 4111 1580 4163 Cal-

362 4192 507 4258 oxcitatas‚
526 4199 554 4245 et
580 4193 741 4261 abrogatum
757 4196 953 4249 Poenitenliarii
987 4194 1081 4259 vinus,
1100 4196 1187 4250 dicit:
1213 4198 1268 4250 tSi
1283 4199 1337 4252 huc
1350 4212 1439 4265 usque
1449 4197 1580 4251 fuerimus

376 4501 378 4504 ·
388 4491 418 4543 (l)
429 4492 486 4532 Ecol.
493 4493 544 4533 hist.
555 4495 569 4533 l.
580 4506 600 4533 r.
609 4505 629 4533 e.
637 4493 679 4533 xis.
990 4497 1083 4538 Facilius
1089 4498 1323 4551 explicaturquolnodo
1333 4511 1366 4540 res
1375 4500 1484 4551 divulgata
1495 4497 1579 4537 situum

391 4561 419 4612 (st
437 4561 514 4601 Censet
532 4562 625 4601 Persona
633 4560 709 4601 iterato
719 4574 766 4601 eam
775 4562 895 4602 confessam
908 4575 956 4604 esse
989 4571 1049 4605 tanto
1065 4566 1160 4606 muneris
1178 4566 1333 4609 Poenitentiarii
1352 4568 1418 4618 odio,
1446 4566 1466 4607 si
1482 4566 1580 4606 dicamus

363 4630 422 4681 apud
439 4629 639 4680 Poenbendarium,
654 4631 713 4681 quod
730 4643 755 4671 es
771 4630 954 4673 versionevalesii
988 4646 1036 4675 eam
1057 4635 1161 4675 detulisse
1176 4641 1275 4687 stuprum
1297 4636 1369 4677 forsan
1386 4636 1414 4676 ad
1431 4636 1503 4687 ipsum
1514 4634 1580 4673 Poeni·

368 4696 478 4746 colligitur
499 4703 589 4737 :textus
603 4698 769 4739 verotnaltctzm
778 4699 955 4753 magisdenotst,
989 4702 1122 4754 tertiarium,
1130 4702 1151 4742 in
1169 4703 1215 4744 loro
1229 4711 1300 4744 lumen
1315 4710 1408 4745 esterno.
1418 4704 1523 4745 Caeterum
1531 4703 1570 4755 plu

363 4764 407 4805 nisi
417 4766 473 4817 qnod
491 4764 588 4817 suipsius
596 4766 681 4806 dicatur
689 4766 790 4807 delictum
797 4768 856 4819 quud
864 4768 947 4811 detulit.
982 4770 1044 4813 rimis
1053 4770 1103 4813 aliis
1112 4772 1232 4813 rationibus
1242 4784 1275 4814 res
1293 4771 1364 4825 potuit
1376 4772 1517 4813 innotescero.
