3792 5550
371 579 422 632 32⁰
667 575 800 630 'runci
819 579 896 631 xvti.
914 579 956 631 uti
974 579 1086 631 stolus
1103 579 1282 632 uubtbtuus

372 701 497 748 menest.
511 698 558 748 Est
570 693 964 758 enimamborumunusordo,
999 695 1099 749 etiam:
1116 695 1170 748 «si
1193 695 1257 761 quis
1276 695 1391 760 dixerit,
1414 697 1443 748 in
1470 697 1590 752 Ecclesia

376 795 426 848 par
443 787 471 834 et
489 782 562 834 idem
575 782 665 834 bouor
676 784 705 832 et
716 780 846 847 dignitas.
867 783 965 833 Eunus
998 782 1135 835 catholica
1155 794 1210 835 uon
1223 795 1286 835 esse
1302 783 1488 836 hierarchiam
1501 784 1591 838 divina

374 868 491 934 imponit
504 869 672 933 Episcopus3
684 866 801 932 imponit
817 873 844 920 et
855 869 965 935 presby·
999 867 1173 920 ordinatione
1185 868 1352 933 institutam,
1366 882 1430 934 quae
1439 875 1551 924 constat
1561 885 1591 924 er

373 962 428 1018 ter,
439 956 590 1021 Episcopus
603 954 631 1005 in
653 955 755 1008 tbrono
776 955 871 1008 sedet:
886 958 966 1009 sedet
1002 953 1160 1020 Episcopis,
1182 954 1365 1021 presbyteris,
1388 960 1416 1008 et
1437 955 1590 1019 ministris;

374 1047 403 1095 et
424 1041 574 1107 presbyter.
594 1041 641 1094 llis
664 1042 692 1092 in
713 1042 812 1108 uulgus
831 1043 963 1108 jactatis,
1001 1041 1146 1094 anathema
1159 1040 1203 1093 sit.
1215 1059 1232 1089 >³
1245 1059 1261 1089 u
1272 1041 1299 1093 si
1320 1042 1383 1106 quis
1401 1042 1521 1106 dixerit,
1536 1046 1593 1110 Epi-

373 1127 558 1192 plerosquein
570 1139 692 1179 errorem
705 1127 965 1194 adduxit,quorunr
1001 1136 1101 1190 scopos
1137 1138 1192 1178 non
1220 1139 1283 1179 esse
1311 1127 1484 1194 presbyteris
1513 1143 1591 1196 supe-

373 1219 456 1268 sectae
465 1215 593 1280 princeps
605 1215 702 1266 extitit.
712 1214 882 1267 »¹Errorem
892 1215 966 1268 bunc
1000 1210 1109 1275 tiores,
1139 1211 1182 1264 vel
1212 1223 1268 1264 nou
1298 1213 1400 1267 babere
1424 1219 1591 1280 potestatem

374 1299 492 1365 amplexi
505 1307 571 1352 sunt
587 1301 765 1364 albigenses,
782 1301 964 1364 waldenses,
1001 1295 1183 1349 confirmandi
1204 1303 1232 1349 et
1258 1297 1405 1351 ordinandi
1427 1314 1434 1350 τ
1467 1303 1513 1353 vel
1533 1313 1592 1354 eam

373 1383 541 1438 Wiclrlellus.
553 1385 680 1438 calvinus
693 1386 818 1451 Episcopi
830 1385 964 1453 originem
1000 1395 1083 1448 quam
1107 1382 1228 1445 babent,
1246 1383 1300 1436 illis
1314 1397 1377 1436 esse
1394 1398 1459 1437 curn
1481 1387 1594 1454 presby-

375 1473 415 1525 sic
428 1472 529 1525 refert:
548 1472 675 1535 «Quibus
695 1485 761 1538 ergo
773 1472 892 1525 docendi
905 1487 965 1525 mu·
1000 1468 1065 1521 ieris
1083 1481 1277 1529 communem
1315 1507 1321 1520 ·
1360 1506 1366 1520 ·
1404 1507 1411 1520 ·
1447 1473 1593 1524 anathema

376 1571 430 1609 nus
450 1557 600 1622 injunctum
614 1562 690 1620 erat,
704 1570 753 1610 eos
765 1571 863 1611 omnes
875 1559 966 1612 nomi·
1001 1553 1045 1606 sii·
1062 1553 1094 1599 »⁸
1119 1554 1200 1617 ¹00⁰,
1221 1559 1340 1607 ῑθὸῑθῦῑθ
1365 1557 1447 1609 Ρθῖΐθ
1471 1558 1592 1620 Colleto,

375 1641 479 1693 naham
487 1641 672 1707 presbyteros.
689 1643 729 1694 nli
741 1656 836 1696 exsuo
849 1657 966 1698 numero
1000 1657 1017 1686 «ι
1034 1639 1165 1692 Catholici
1184 1651 1282 1692 omnes
1295 1643 1457 1692 constanter
1478 1641 1592 1704 docent,

374 1726 403 1777 in
422 1727 537 1793 singulis
554 1727 710 1779 civitatibus
721 1741 805 1779 unum
818 1729 965 1795 eligebant,
1001 1725 1151 1790 Episcopos
1161 1737 1223 1777 esse
1235 1725 1405 1791 presbyteris
1420 1728 1592 1792 superiores;

375 1812 694 1878 cuispecialiterdabant
705 1814 813 1866 titulum
823 1815 965 1880 Episcopi:
1002 1810 1084 1877 idque
1102 1811 1138 1864 de
1156 1813 1218 1877 iure
1234 1812 1328 1864 divino
1339 1849 1347 1875 ,
1360 1813 1384 1864 si
1406 1812 1443 1865 de
1458 1819 1592 1878 potestate

374 1912 411 1951 ne
423 1913 455 1951 ex
467 1899 632 1964 equalitate,
646 1906 677 1952 ut
689 1901 746 1952 lieri
758 1902 838 1961 solet,
853 1901 967 1954 dissidia
1002 1897 1109 1951 ordinis
1132 1909 1224 1951 sermo
1246 1898 1282 1950 sit
1296 1913 1303 1948 ε
1324 1899 1374 1950 sed
1394 1898 1543 1966 ambigunt
1560 1913 1592 1952 an

379 1988 763 2051 nascerentur.uequetamerr
777 1987 817 2039 sic
826 1988 931 2041 bonore
940 1993 968 2040 et
1001 1982 1100 2036 eodem
1114 1984 1176 2048 iure
1188 1983 1356 2049 presbyteris
1370 1985 1531 2050 superiores
1542 1984 1593 2037 sint

376 2068 508 2135 dignitate
528 2071 654 2134 superior
675 2080 733 2123 erat
750 2072 917 2138 Episcopus,
937 2078 968 2125 ut
1002 2069 1593 2138 quantumadpotestatemjurisdictionis.»⁸

378 2155 530 2207 dominium
549 2156 576 2206 ia
601 2157 721 2222 collegas
745 2159 860 2210 baberet
883 2174 889 2209 z
917 2159 965 2212 sed
1006 2155 1226 2209 Controversiam
1249 2156 1300 2208 bac
1321 2157 1357 2209 de
1376 2171 1407 2210 re
1428 2158 1453 2209 in
1472 2159 1592 2211 Concilio

376 2253 445 2304 quas
461 2246 553 2304 partes
566 2241 648 2292 babet
659 2241 756 2293 consul
771 2242 798 2292 in
812 2248 925 2306 senatu,
937 2249 968 2296 ut
1001 2241 1498 2306 babitamluseuarratPallavieinus,⁷
1513 2255 1591 2308 quam

376 2325 476 2378 rcierat
490 2327 525 2378 de
546 2326 682 2392 negotiis,
704 2329 855 2381 sententias
872 2335 966 2396 roget,
1005 2331 1099 2381 Patres
1121 2341 1251 2394 supremo
1272 2327 1378 2393 iudicio
1395 2328 1528 2381 dirimere
1549 2341 1591 2381 no

375 2411 564 2473 consulendo,
582 2413 737 2474 mouendo,
752 2415 889 2468 hortando
903 2415 967 2468 aliis
1004 2413 1112 2476 lentes,
1132 2412 1199 2465 satis
1219 2413 1394 2475 babuerunt,
1407 2413 1590 2478 praestantiam

374 2504 492 2564 praeeat,
502 2499 723 2551 auctoritatesua
732 2505 817 2553 totam
830 2501 967 2555 actionem
1001 2489 1199 2563 Episcoporum
1210 2535 1218 2559 ,
1229 2497 1300 2564 juris
1318 2497 1423 2550 omissa
1435 2499 1588 2562 mentione,

375 2591 467 2652 regat,
482 2586 592 2652 etquod
604 2587 744 2640 decretum
755 2589 894 2641 communi
905 2603 969 2642 con·
1002 2584 1161 2638 delinitione
1179 2583 1329 2636 declarare.
1353 2584 1481 2650 Plerique
1503 2590 1589 2638 tenent

377 2672 440 2724 silio
452 2671 533 2725 luerit
545 2673 755 2738 exequaturtid
769 2675 892 2726 muneris
906 2689 968 2727 sus·
998 2670 1217 2738 jnrisdictiouem
1249 2683 1264 2720 a
1292 2669 1424 2722 Pontiliee
1450 2671 1587 2724 derivari:

375 2757 480 2811 tinebat
509 2759 660 2823 Episcopus
689 2757 719 2809 iu
744 2760 968 2825 presbyterorum
1001 2771 1084 2825 quam
1103 2756 1150 2823 qui
1169 2769 1184 2809 a
1200 2755 1308 2809 Christo
1324 2756 1589 2822 derivant,iatentur

375 2852 458 2897 coetu.
472 2844 719 2917 »²Presbyteriaui
732 2850 759 2896 et
769 2846 897 2909 Baptistae
908 2847 969 2912 Epi·
1002 2842 1149 2911 pontificiae
1169 2842 1323 2896 auctoritati
1346 2844 1462 2907 subiici,
1475 2844 1544 2897 adeo
1562 2847 1590 2895 ui

375 2941 476 2994 scopos
497 2933 524 2980 et
542 2929 686 2990 seniores,
711 2930 758 2992 (iia
783 2936 883 2982 vocant
904 2945 968 2996 pre-
1001 2931 1101 2983 limites
1115 2929 1185 2982 intra
1201 2942 1273 2996 quos
1290 2936 1453 2983 exerceatur
1464 2931 1550 2997 ipsius
1558 2930 1589 2983 sit

376 3015 517 3081 sbyteros,
530 3014 606 3066 vocis
619 3014 812 3080 significationi
831 3016 967 3070 inbaeren-
1000 3014 1124 3067 delinire.

373 3106 426 3161 tes,
438 3112 488 3150 usu
498 3099 645 3163 neglecto),
657 3100 769 3152 eosdem
777 3114 840 3153 esse
849 3102 967 3155 dicunt.⁵
1214 3102 1378 3169 Propositt'o.

407 3186 449 3237 55.
461 3184 610 3237 Concilium
621 3184 808 3240 'tridentinum
817 3188 966 3253 «declarat,
1034 3187 1161 3253 Episcopi
1174 3194 1238 3240 sunt
1247 3189 1416 3256 presbyteris
1427 3189 1589 3255 superiores.

375 3275 477 3336 praeter
494 3276 610 3323 caeteros
633 3272 835 3326 ecclesiasticos
848 3275 966 3341 gratim,
1036 3276 1078 3326 56.
1087 3273 1225 3327 Probatur
1237 3275 1472 3341 iaeseripturis.
1484 3278 1592 3329 constat

375 3356 528 3423 Episcopus
551 3358 598 3423 qui
617 3358 645 3409 in
663 3360 855 3423 apostotorum
874 3361 967 3413 locum
1002 3360 1139 3426 apostotts
1158 3361 1284 3413 eximiam
1304 3362 1397 3414 datam
1427 3374 1491 3415 esse
1519 3366 1592 3427 pote·

375 3449 587 3507 successerunt,
613 3444 646 3495 ad
672 3445 745 3497 bunc
768 3445 966 3500 hierarchicum
1002 3451 1111 3507 statem,
1121 3445 1270 3511 Episcopus
1281 3451 1373 3498 autem
1383 3448 1412 3498 in
1423 3446 1591 3500 consortium

375 3529 500 3581 ordinem
508 3530 644 3594 praecipue
658 3533 804 3596 pertinere,
814 3539 841 3585 et
850 3534 966 3599 positos,
1003 3530 1125 3595 eiusdem
1145 3530 1178 3583 ab
1196 3530 1229 3583 iis
1242 3531 1364 3585 adscitos
1377 3572 1383 3593 ‚
1397 3545 1470 3597 quos
1484 3538 1512 3585 et
1533 3544 1592 3584 suc-

375 3613 448 3665 sicut
469 3614 542 3666 idem
568 3616 714 3679 Apostolus
743 3618 798 3680 ait,
824 3632 839 3669 a
865 3619 966 3684 Spiritu
1003 3630 1128 3671 cessores
1156 3617 1334 3683 reliquerunt.
1366 3621 1437 3685 Ergo
1464 3623 1591 3685 praestant

376 3703 471 3751 sancto
490 3712 584 3763 regere
604 3700 752 3751 Ecclesiam
776 3703 842 3765 bei,
863 3716 967 3770 eosque
1000 3703 1178 3769 presbyteris,
1191 3708 1265 3756 tanta
1279 3704 1442 3757 auctoritate
1458 3717 1514 3758 non
1529 3718 1591 3771 gau·

374 3784 543 3850 presbyteris
556 3784 799 3849 superioresesse‚
823 3801 855 3841 ac
873 3792 967 3843 Sacra·
1000 3789 1137 3842 dentibus.

376 3875 499 3923 mentum
517 3871 736 3925 confirmationis
756 3875 897 3940 conterre,
916 3877 967 3930 mi·
1033 3874 1302 3929 structurarum
1313 3876 1455 3929 Patribus.
1468 3877 1589 3929 Clemens

375 3957 478 4010 nistros
499 3957 628 4010 Ecclesiae
649 3958 795 4022 ordinare,
820 3966 901 4026 atque
914 3962 966 4015 alia
999 3964 1139 4015 Romanus
1162 3962 1248 4016 dicit:
1264 3958 1530 4029 «Summo'quippe
1549 3974 1589 4014 sa·

375 4044 506 4108 pleraque
516 4057 648 4110 peragere
658 4044 734 4109 ipsos
745 4058 838 4110 posse,
850 4059 965 4111 purarum
1002 4048 1106 4101 cerdoti
1140 4062 1189 4101 sua
1222 4048 1317 4101 munia
1340 4047 1444 4101 tributa
1468 4054 1547 4111 sunt,
1563 4049 1589 4098 et

375 4128 546 4182 functionum
565 4135 730 4195 potestatem
747 4132 844 4197 reliqui
857 4132 967 4186 inferio·
1001 4132 1190 4186 sacerdotibus
1206 4133 1284 4187 locus
1296 4133 1423 4199 proprius
1432 4133 1589 4200 adsignatus

377 4214 416 4265 ris
439 4212 544 4267 ordinis
567 4215 669 4267 nullam
692 4216 802 4269 babent.
817 4217 851 4263 »⁴
869 4218 967 4271 belinit
1003 4224 1064 4282 est,
1076 4224 1104 4271 et
1117 4219 1206 4289 levitis
1227 4232 1277 4271 sua
1293 4218 1387 4271 munia
1400 4218 1513 4271 tributa.
1524 4216 1560 4266 »⁸
1581 4212 1585 4223 ’

401 4497 427 4548 (4)
438 4499 495 4537 llaer.
505 4498 558 4536 lur.
1028 4501 1056 4553 (iil
1067 4502 1147 4543 ibidem
1160 4514 1208 4544 ctu.
1217 4502 1246 4543 ri.
1255 4502 1292 4543 rii.

402 4563 676 4617 (tilnu.1.ir.c.ir.§.t.
700 4593 702 4597 -
907 4604 910 4607 .
1026 4571 1049 4622 {dl
1059 4571 1163 4613 'fraccdc
1178 4572 1258 4615 Ordine
1272 4585 1294 4627 p.
1308 4573 1332 4613 ii.
1348 4585 1367 4615 e.
1385 4575 1416 4616 ir.
1424 4574 1452 4617 dc
1465 4574 1592 4629 Episcopis,

401 4632 430 4683 (a)
447 4631 594 4683 Presbyterien
614 4634 669 4674 lorm
683 4635 707 4675 oi
717 4636 919 4689 Gorcrnment,elt.
931 4638 961 4681 ir·
994 4641 1069 4683 arcii.

376 4700 459 4752 lltptint
466 4699 588 4741 confession
601 4703 625 4741 ol
631 4703 698 4756 laitli,
707 4704 742 4744 eh.
750 4704 813 4745 urii.
1021 4710 1049 4762 (t)
1063 4710 1140 4751 latoria
1149 4710 1183 4751 del
1196 4710 1293 4753 Concilio
1306 4711 1329 4753 di
1338 4712 1419 4755 'l'rento
1428 4713 1445 4755 l.
1455 4714 1514 4756 xviii·
1524 4720 1545 4755 et
1553 4714 1593 4754 rix.

399 4770 430 4822 [tl
442 4768 500 4809 Sess-
509 4768 566 4809 xxiii.
576 4782 622 4823 erp.
631 4771 661 4811 ir.
1023 4778 1051 4832 (t)
1064 4781 1103 4833 Ep.
1113 4780 1140 4821 td
1150 4781 1297 4834 concupii.
