3792 5550
568 539 635 590 CAP.
655 537 709 588 llll.
729 537 772 588 bn
789 535 994 608 cucullione
1012 533 1245 588 Eucnllttsrllu.
1465 540 1511 589 lsstt

305 657 330 708 in
350 654 402 708 nde
422 654 457 708 de
480 665 595 720 corpore
619 653 744 716 bomini,
768 663 888 706 resume·
921 649 957 703 ab
981 650 1118 716 Apostolis
1143 649 1287 705 adoratum
1312 649 1409 713 luisse,
1438 653 1509 705 scri-

304 742 398 796 ctionis
419 742 551 810 pignore,
579 741 674 794 habuit
692 740 836 808 originem.
850 733 887 792 Ex
921 739 1001 801 ptura
1021 739 1145 789 testatur.
1158 735 1192 783 »¹
1210 733 1390 790 inathemate
1408 737 1510 791 idcirco

304 827 394 881 endem
416 828 469 880 ilde
488 827 617 894 contigit,
630 833 659 880 ut
683 819 844 880 Theodorus
861 831 887 878 et
920 821 1022 875 feriunt
1033 824 1107 876 hunc
1122 823 1300 891 Eucharistiae
1317 824 1511 891 impugnantes

303 913 426 979 Episcopi
457 913 490 965 ad
520 914 661 966 horrorem
691 911 830 964 haereseos
859 916 887 963 et
920 908 1024 960 cultum
1043 924 1049 959 ε
1066 925 1078 957 t
1097 909 1124 960 si
1142 908 1204 974 quis
1227 907 1340 971 dixerit,
1361 907 1389 960 in
1414 915 1509 962 sancto

302 999 453 1052 schismatis
465 999 671 1062 declarandum,
685 998 810 1063 exemplo
820 1009 885 1049 saue
920 994 1097 1046 Eucharistiae
1110 996 1285 1047 sacramento
1302 991 1440 1062 Christum
1451 995 1511 1046 uni·
1568 1021 1571 1025 >

301 1085 522 1150 stupendo‚ipso
534 1083 632 1137 Christi
651 1077 886 1150 sanguine'signa-
919 1080 1042 1148 genitum
1068 1080 1114 1134 liei
1141 1079 1239 1132 Filium
1266 1092 1405 1152 nonesse
1434 1081 1509 1132 cultu

301 1176 359 1224 rent
380 1171 529 1224 decretum.
552 1170 629 1235 Quod
652 1170 687 1222 de
704 1163 818 1223 muliere
840 1167 885 1233 pia
919 1165 1029 1229 latriae,
1052 1167 1135 1219 etiam
1165 1171 1294 1229 externo,
1320 1165 1508 1226 adorandnm3

301 1260 389 1308 narrat
413 1254 598 1321 Augustinus,
623 1267 655 1306 ex
683 1253 779 1305 eadem
798 1251 886 1317 prole·
918 1247 1000 1317 atque
1009 1251 1072 1305 ideo
1085 1265 1136 1305 noo
1146 1251 1242 1307 festive
1253 1251 1384 1316 peculiari
1393 1251 1509 1304 celebri-

300 1323 370 1392 ctum
388 1345 433 1394 est
453 1339 525 1403 lide,
542 1339 588 1392 cui
609 1340 681 1392 bens
696 1337 885 1392 testimouium
919 1343 975 1390 tate
990 1339 1193 1401 venerandnm3
1206 1352 1298 1405 neque
1312 1339 1339 1390 in
1356 1339 1510 1405 processio·

300 1426 365 1478 tulit.

501 1597 605 1649 CAPUT
623 1592 677 1648 illi.

395 1781 425 1820 bil
438 1779 593 1820 hbonh'ttone
606 1777 783 1818 EUCEAEISTIAE.

327 1939 387 1992 372.
406 1940 494 2002 Quum
521 1936 645 1989 Christus
672 1936 700 1988 in
716 1933 887 1988 Eucharistia

296 2024 331 2078 sit
349 2035 491 2090 praeseus,
502 2033 611 2074 summo
624 2020 698 2073 cultu
709 2019 887 2073 honorandus

297 2114 354 2172 est,
370 2110 410 2162 nti
422 2113 496 2161 recte
505 2107 607 2160 docent
617 2104 767 2158 Tridentini
779 2107 884 2156 Patres:

297 2215 308 2240 (ι
328 2196 423 2247 Nullus
443 2193 588 2246 dubitandi
603 2193 680 2246 locus
703 2191 883 2257 relinquitur,

296 2282 360 2347 quin
377 2294 474 2335 omnes
486 2281 584 2333 Christi
598 2279 693 2333 fideles
703 2292 752 2346 pro
768 2272 882 2331 moreio

296 2366 432 2419 catholica
468 2365 588 2420 Ecclesia
617 2378 726 2430 semper
753 2370 882 2430 recepto,

295 2451 380 2504 letriae
392 2451 511 2514 cultum,
527 2450 574 2516 qui
587 2464 652 2504 vero
674 2452 730 2503 lieo
748 2449 881 2514 debetur,

296 2536 357 2588 huic
378 2535 551 2588 sanctissimo
574 2537 749 2588 sacramento
762 2535 789 2586 iu
801 2547 883 2588 vene·

295 2622 401 2675 ratione
423 2621 579 2672 adhibeant.
601 2623 694 2684 Neque
717 2619 791 2672 enim
820 2619 882 2671 ideo

293 2707 386 2757 minus
411 2708 453 2756 est
476 2704 647 2756 adorandum
671 2704 747 2769 qnod
764 2703 882 2755 luerita

293 2790 403 2843 Christo
422 2789 555 2852 homino,
573 2794 603 2842 ut
623 2796 761 2853 sumatur,
776 2789 884 2843 institu·

294 2883 370 2937 tum;
385 2888 448 2928 uem
467 2874 545 2926 illum
571 2875 699 2928 eumdem
714 2876 799 2928 Deum
814 2888 883 2941 prae·

294 2968 401 3015 sentem
413 2961 440 3014 iu
459 2973 492 3013 eo
506 2960 603 3013 adesse
623 2960 777 3025 credimus,
799 2974 881 3026 quem

294 3052 371 3100 Pater
393 3051 511 3099 aeternus
535 3044 713 3098 introducens
734 3045 761 3097 in
785 3046 880 3098 orbem

294 3130 880 3194 terrarum,dicit:tntadorenteumomnes

295 3236 306 3262 v
321 3216 416 3283 hugeli
429 3216 493 3275 liei;
508 3234 519 3260 n
534 3228 615 3279 quem
629 3216 697 3280 llagi
708 3215 882 3279 procidentes

293 3302 493 3365 adoraverunt,
507 3311 588 3365 quem
603 3297 721 3363 deniqne
734 3297 761 3349 in
774 3298 883 3351 Galilaee

317 3591 344 3644 ll)
356 3589 416 3630 sets.
425 3584 471 3625 xiii.
479 3595 551 3637 cap-v.
559 3583 662 3625 ieremits
670 3584 755 3637 Tevlor,
762 3584 881 3637 Episcopus

292 3674 317 3701 ex
328 3657 444 3710 inplicam
459 3660 531 3706 suctu,
545 3654 668 3696 catholicos
684 3665 696 3694 u
713 3654 803 3695 crimine
815 3654 883 3696 idolo·

294 3730 361 3771 latrina
371 3727 465 3769 vindicet
473 3740 479 3767 ι
488 3740 499 3765 r
509 3726 553 3767 Tho
566 3726 637 3778 obiect
652 3726 676 3765 oi
688 3725 745 3765 their
759 3726 883 3779 adcretion,

293 3802 338 3841 that
346 3798 418 3843 vvhich
427 3797 446 3839 ie
456 3796 592 3849 represented
602 3800 623 3835 to
633 3794 691 3835 them
703 3794 726 3834 in
737 3795 794 3835 their
802 3794 882 3847 minda,

258 3886 264 3898 ·
291 3868 349 3908 their
364 3865 488 3919 thoughts,
503 3864 559 3906 their
576 3875 683 3917 purpoaeu
698 3864 732 3916 (bv
750 3863 820 3905 unici
836 3865 881 3905 God

294 3934 421 3988 priucipailv
429 3962 436 3985 ‚
443 3934 461 3974 il
467 3938 504 3974 not
511 3933 587 3986 soleiy,
595 3934 654 3973 tales
663 3933 760 3973 estimute
769 3933 793 3973 ol
800 3934 881 3973 humen

292 4005 382 4055 actions)
394 4004 418 4043 in
427 4003 463 4044 the
475 4002 497 4043 B.
508 4000 663 4043 sacrementis
674 4000 767 4053 theoniv
776 4005 824 4040 true
839 4000 881 4041 end

293 4074 427 4116 eternaiGod
444 4070 608 4126 hypostaticnliv
625 4070 697 4121 ioiued
713 4070 763 4111 vtith
782 4069 817 4109 his
830 4068 881 4122 holy

294 4143 418 4196 huntedun,
433 4141 504 4185 which
514 4139 625 4191 humenitv
636 4140 686 4191 they
699 4138 779 4181 believe
787 4138 881 4191 actually

293 4218 391 4265 present,
404 4212 471 4253 under
481 4212 517 4251 the
532 4207 678 4256 Suorementel
696 4206 781 4259 tigne.»
795 4206 880 4259 liberty

293 4282 316 4335 oi
323 4280 483 4334 Prophesping‚
496 4279 551 4321 Seot·
561 4289 592 4318 xx.

317 4352 344 4403 (¹)
355 4350 450 4404 Cauni:

317 4422 344 4472 (a)
353 4421 424 4461 Tenet.
433 4419 506 4461 Theoi.
519 4418 546 4459 de
553 4429 603 4459 rere
617 4422 672 4469 pert.
681 4426 754 4457 coenae.

307 4496 314 4544 (
324 4496 343 4543 4)
351 4492 375 4533 1..
384 4491 476 4533 ducoenu
485 4490 578 4532 llomini.

318 4563 345 4614 (u)
357 4562 381 4603 l..
393 4561 419 4603 de
429 4561 520 4603 formula
531 4560 606 4601 luisse.

319 4632 345 4682 tul
356 4632 380 4671 L.
389 4630 415 4671 de
423 4630 556 4672 Eucharistie
567 4630 708 4671 totietatem.

320 4700 347 4751 [7)
357 4700 414 4753 synt
421 4700 524 4751 Theolog.
531 4710 553 4752 p.
563 4704 607 4741 πε,

347 4794 397 4843 loe
426 4806 463 4845 tn.

918 1425 1011 1488 nibus,
1024 1425 1178 1478 secundnm
1189 1425 1354 1478 laudabilem
1364 1428 1392 1477 et
1401 1424 1510 1479 univer·

919 1512 1007 1564 salem
1029 1512 1157 1565 Ecclesiae
1181 1517 1286 1566 sanetae
1302 1512 1385 1564 ritum
1405 1517 1433 1565 et
1446 1523 1512 1564 uon·

920 1595 1509 1660 suetudinem,solemnitercircnmgestau·

920 1681 1003 1744 dum,
1016 1683 1059 1734 vel
1083 1695 1139 1735 non
1161 1681 1270 1748 publice
1280 1720 1300 1755 „
1312 1686 1342 1734 ut
1362 1681 1509 1742 adoretur,

917 1768 1031 1832 populo
1044 1768 1274 1832 proponendum,
1288 1772 1315 1820 et
1331 1768 1391 1832 ejus
1411 1765 1511 1820 adora·

919 1857 994 1904 tores
1006 1863 1069 1904 esse
1079 1852 1247 1913 idololatram
1260 1852 1404 1904 anathemu
1417 1850 1461 1903 sit.
1474 1872 1486 1896 n
1499 1866 1511 1896 a

953 1938 1012 1987 375.
1032 1937 1070 1987 Ex
1098 1935 1277 1988 novatoribus
1306 1934 1373 2000 ipsis
1400 1935 1510 1988 inerunt
1565 1927 1568 1932 ’

920 2022 967 2087 qui
988 2026 1177 2089 agnoscerent·
1189 2021 1324 2074 christum
1338 2033 1401 2074 esse
1415 2022 1509 2074 colou-

919 2108 985 2160 dum
997 2107 1026 2159 iu
1038 2107 1224 2172 Eucharistiu,
1237 2106 1261 2159 si
1279 2106 1409 2159 adesset:
1423 2124 1439 2154 u
1454 2108 1509 2159 ilos

918 2207 1052 2260 semper»
1067 2193 1156 2260 inquit
1175 2193 1319 2258 calvinus,
1341 2211 1355 2239 e
1374 2192 1508 2246 eiuratio-

917 2280 999 2334 cinati
1014 2293 1126 2343 sumus,
1141 2279 1164 2332 si
1185 2280 1309 2332 Christus
1322 2282 1364 2331 est
1377 2277 1404 2330 iu
1416 2289 1507 2344 pene,

917 2379 980 2418 esse
1001 2365 1053 2418 sub
1077 2377 1148 2430 pane
1177 2364 1359 2418 adorandum.
1381 2362 1418 2410 »ὃ
1438 2365 1507 2416 beza

917 2451 999 2504 eliam
1013 2451 1180 2504 consentit‘
1202 2452 1337 2504 lutherus
1356 2449 1506 2516 aliquando

916 2536 1010 2588 docuit
1032 2536 1170 2587 christum
1188 2535 1335 2588 colendum
1359 2534 1388 2586 iu
1406 2535 1507 2586 Euclea·

916 2620 992 2672 ristia
1014 2619 1169 2672 iunctione
1196 2617 1405 2677 sacramentali3
1428 2618 1439 2650 ⁸
1461 2619 1507 2669 ali·

917 2704 1029 2769 qnando
1041 2702 1160 2769 negavit.
1174 2701 1185 2736 ⁸
1201 2701 1351 2755 leibnitius
1367 2701 1506 2754 adoratio·

917 2803 981 2843 nem
1004 2789 1183 2845 Eucharistiae
1211 2789 1343 2857 probat⁷
1365 2788 1507 2856 anglicani

916 2876 1506 2943 genibnsssenisrecipiuntpanemetvinum

916 2960 1146 3024 eucharisticum
1171 2962 1220 3015 sed
1245 2961 1361 3015 liubrioa
1386 2962 1509 3015 declarat

915 3048 1018 3101 nullam
1031 3049 1222 3103 adorationem
1235 3061 1346 3113 eorum,
1358 3049 1401 3103 vel
1413 3061 1509 3114 corpo·

915 3134 980 3185 reiis
989 3134 1088 3185 christi
1099 3135 1292 3199 praesentiaeeo
1300 3138 1379 3198 pacto
1390 3133 1505 3187 intendi:

916 3218 1015 3271 Christi
1037 3218 1110 3271 enim
1133 3232 1233 3286 corpus
1257 3219 1423 3272 naturaieiu
1437 3220 1507 3273 coelo

919 3306 1025 3356 tentum
1037 3302 1145 3354 adesse.
1158 3303 1169 3336 ⁸

943 3588 971 3641 (⁸)
983 3603 993 3626 ι
1003 3588 1034 3628 h'o
1048 3588 1159 3630 adoretion
1179 3588 1197 3629 ie
1217 3586 1316 3629 intended
1334 3599 1359 3627 or
1367 3587 1435 3639 ought
1451 3594 1472 3630 to
1481 3589 1507 3630 be

913 3656 981 3704 done,
991 3657 1060 3697 either
1069 3664 1120 3698 nuto
1129 3657 1166 3697 the
1173 3656 1321 3698 Sacramentul
1333 3655 1399 3696 Breud
1408 3668 1434 3696 or
1444 3656 1505 3698 wine

914 3726 975 3767 there
985 3725 1056 3779 bodily
1074 3727 1171 3767 received
1180 3754 1186 3777 ,
1194 3738 1220 3767 or
1235 3731 1287 3766 uuto
1296 3737 1339 3778 any
1350 3724 1448 3777 corporei
1458 3737 1506 3778 pre·
1598 3720 1603 3727 ’

915 3807 979 3837 eence
987 3796 1011 3836 oi
1017 3795 1108 3837 Christ's
1118 3796 1203 3837 natural
1212 3796 1276 3836 Eiesh
1286 3795 1328 3835 eud
1339 3794 1412 3835 blood.
1422 3808 1433 3833 a
1442 3795 1505 3836 (lom-

914 3864 1013 3904 munion.
1031 3865 1165 3916 Eucheridge
1181 3870 1253 3905 temen
1271 3864 1336 3904 ritum
1363 3864 1505 3916 Anglicanum

914 3934 1005 3984 genibus
1021 3932 1081 3973 hexis
1103 3932 1236 3986 suscipiendi
1252 3932 1409 3973 Eucharistiam
1429 3938 1503 3971 contre

914 4001 1018 4042 sectarios
1034 4000 1191 4052 eliminetur,
1207 4002 1353 4041 adorationem
1366 4012 1391 4041 et
1406 4001 1503 4053 Apostoli

914 4070 1037 4110 testimonio
1050 4070 1159 4122 probans:
1175 4084 1186 4107 ι
1203 4072 1232 4109 hs
1250 4068 1272 4109 iu
1290 4070 1321 4110 st.
1339 4069 1391 4109 Paul
1409 4069 1502 4115 ibernia

914 4138 1502 4188 membonttut,·thetubleottoel.ord;nothere

913 4208 932 4248 is
942 4206 1047 4247 habemur
1055 4208 1143 4257 altore,
1152 4222 1162 4245 ι
1170 4218 1202 4248 vre
1215 4207 1269 4247 bne
1277 4218 1305 4246 an
1314 4207 1381 4257 alter,
1390 4220 1400 4243 ι
1409 4211 1451 4247 etc.
1459 4210 1500 4248 and

912 4278 949 4317 the
958 4276 1014 4317 word
1031 4275 1086 4316 uitur
1094 4304 1100 4325 ,
1107 4275 1128 4313 in
1144 4276 1180 4315 the
1191 4275 1279 4315 luthere
1287 4302 1294 4326 ,
1303 4274 1322 4314 is
1332 4285 1391 4314 more
1401 4286 1500 4316 common

912 4346 965 4388 timu
974 4346 1010 4386 the
1021 4345 1079 4386 vord
1087 4345 1156 4390 table;
1166 4357 1192 4386 so
1206 4346 1252 4385 thet
1261 4356 1286 4385 as
1295 4344 1332 4384 the
1342 4356 1405 4385 nume
1413 4345 1438 4386 of
1443 4347 1501 4391 table

912 4429 962 4469 may
970 4414 1032 4468 plead
1040 4414 1073 4455 lor
1081 4414 1156 4465 sitting
1164 4442 1171 4466 ‚
1179 4425 1204 4455 ao
1213 4415 1250 4455 the
1258 4408 1354 4454 uemess
1365 4414 1421 4455 altar
1429 4417 1499 4457 eufor-

913 4488 961 4529 ceth
980 4483 1091 4537 worship,
1108 4485 1276 4537 dedendine,
1293 4485 1335 4527 end
1351 4486 1397 4526 thet
1409 4485 1498 4539 implied

913 4555 1024 4597 adcretion
1034 4554 1077 4595 eud
1094 4552 1222 4594 lueeliut.»
1240 4554 1355 4595 biacourae
1371 4556 1501 4607 concerniup

913 4626 1013 4676 lueeling
1022 4629 1044 4664 et
1056 4625 1094 4665 the
1110 4623 1262 4676 communion,
1271 4636 1295 4678 p.
1309 4630 1354 4666 tte.
1371 4618 1429 4679 opud
1445 4626 1501 4667 Oro-

915 4696 1000 4735 nieueet
1008 4698 1083 4744 ,trech
1091 4697 1123 4735 tl.
1133 4704 1154 4745 p.
1162 4698 1193 4733 eu.

1373 4789 1403 4836 le·
