3792 5550
378 580 427 630 itt
689 575 803 627 TRACT.
823 574 890 625 xiil.
909 572 939 623 P.
959 571 979 621 t.
999 571 1041 623 DE
1059 571 1283 625 EUCHthSTttt.

377 706 476 753 conum
490 696 629 747 auctorem
639 690 740 743 habene
754 692 889 742 censetur.
901 687 970 741 Sub·
1002 684 1089 750 toqui.
1110 686 1243 738 caeterum
1257 686 1363 740 ratione
1374 688 1528 755 loquendi,
1547 704 1612 757 po·-

378 779 497 843 stantia,
520 780 564 833 rel
590 783 709 840 natura,
742 775 831 829 latiori
853 774 971 829 sumitur
1004 769 1059 821 tius
1084 784 1167 836 quarn
1192 772 1329 826 sententia
1346 773 1381 827 de
1401 775 1596 840 eucharistia,

375 877 461 918 sensu
483 876 533 929 pro
556 861 793 929 proprietatibus,
812 860 906 927 quod,
930 859 969 913 uti
1002 855 1135 920 peccavit.
1151 857 1231 909 banis
1249 858 1598 925 aominepostconsecra·

376 950 478 1017 pluries
502 948 770 1011 animadvertimus,
791 960 880 1015 graece
903 946 969 999 sori·
1003 939 1106 993 tionem
1131 940 1264 994 intellexit
1288 941 1395 1007 species
1414 946 1518 1007 panis,
1533 958 1608 1011 quas·

375 1036 505 1091 bentibus
518 1040 561 1089 est
578 1034 727 1088 admodum
738 1033 881 1087 familiare.
892 1032 970 1096 Quod
1003 1024 1114 1091 limi)rie
1133 1038 1232 1091 corpus
1254 1026 1352 1078 Chttstt
1370 1040 1426 1079 ¹¹⁰ss
1444 1034 1524 1093 sunt,
1547 1030 1595 1083 sed

377 1121 528 1175 similitudo
553 1121 705 1174 adducatur
728 1119 842 1174 omnino
870 1118 969 1172 idonea
1003 1124 1052 1165 eus
1069 1111 1153 1164 veluti
1171 1112 1270 1165 relent-
1289 1114 1328 1165 Ex
1345 1125 1379 1166 eo
1392 1114 1465 1178 quod
1479 1114 1609 1181 quisque

377 1207 417 1261 rei
433 1208 467 1261 de
487 1221 540 1273 qua
556 1209 689 1274 agebatur
709 1206 875 1273 probanda,
896 1205 971 1259 scili*
1003 1196 1201 1249 Eucharistiam
1223 1197 1359 1264 recipiens
1386 1200 1432 1252 liat
1457 1200 1596 1267 particeps

332 1362 335 1367 Ι
378 1299 421 1347 oet
446 1294 515 1348 duas
548 1308 611 1351 osse
642 1295 670 1347 iu
704 1295 810 1347 christo
838 1297 970 1356 naturas,
1004 1282 1167 1348 c0llt⁰tt⁵tt
1182 1282 1340 1347 tinguitis,
1358 1284 1501 1337 contendit
1521 1284 1595 1337 Chri·

378 1379 499 1433 ostendit
516 1380 589 1433 lraud
607 1392 705 1433 vacare
726 1378 849 1444 periculo
873 1391 889 1431 a
910 1392 971 1444 my·
1003 1372 1076 1419 stum
1094 1367 1131 1421 0¹t
1152 1368 1320 1433 baptismum
1343 1377 1520 1435 susceptum,
1533 1370 1596 1424 ad⁰·

379 1464 470 1517 surus
485 1464 627 1531 excurrere
646 1462 855 1525 stationarios,
869 1462 911 1515 ver
930 1475 972 1515 ar·
1004 1452 1594 1522 ationemfiliorunsusceuissetisinosse:

379 1555 523 1615 gumenm,
543 1549 577 1601 ad
602 1548 655 1601 alja
674 1547 893 1601 commendanda
915 1560 972 1613 my.
1004 1541 1052 1590 sed
1063 1537 1158 1591 fefellit
1176 1553 1239 1592 eum
1259 1540 1593 1608 Theodoribldpsilesteni

377 1634 469 1687 steria.
483 1636 541 1687 Non
562 1632 719 1699 hujusmodi
743 1632 971 1685 similitudinibus
1003 1622 1160 1676 vindicandi
1179 1624 1311 1677 Studium·

376 1718 553 1783 probavimus
570 1718 670 1785 dogma
683 1717 751 1781 ,sed
765 1718 918 1784 perspicuis
929 1723 971 1771 te-
1036 1709 1095 1761 ΜΞ·
1115 1709 1175 1777 Ott-
1193 1711 1236 1763 20.
1264 1712 1337 1765 Beda
1356 1711 1384 1763 in
1403 1713 1539 1767 concione
1560 1715 1603 1768 de-

377 1802 532 1865 stimoniis,
546 1816 607 1869 quae
623 1816 681 1855 reru
699 1804 781 1869 piane
804 1803 969 1867 adstruunt,
1003 1795 1172 1861 Epiphania,
1199 1797 1265 1851 dicit
1290 1798 1317 1849 tu
1338 1798 1430 1853 locum
1458 1800 1550 1853 cernis
1568 1806 1593 1853 et

378 1887 504 1941 obscuris
532 1888 574 1940 vol
611 1888 748 1954 ambiguis
784 1887 971 1943 locutionibus
1004 1880 1241 1949 substituissent,
1262 1882 1400 1936 Christum
1418 1884 1594 1939 substituisse

378 1973 558 2039 quorumdam
572 1974 645 2026 haud
658 1974 830 2027 intirmanda.
1003 1975 1206 2022 sacramentum
1236 1970 1361 2036 corporis
1391 1975 1419 2023 et
1452 1970 1594 2038 sauguinis

411 2061 469 2113 260.
482 2060 541 2127 obj.
557 2063 597 2114 19.
610 2060 970 2114 Facundusilermiaueusis
1002 2053 1065 2117 sui,
1084 2054 1112 2107 in
1131 2054 1218 2122 figura
1235 2057 1316 2121 pauis
1339 2064 1367 2109 et
1384 2055 1458 2119 riui;
1482 2056 1593 2123 insuper

378 2145 474 2198 scribit
501 2160 507 2196 :
532 2164 548 2193 u
576 2148 782 2199 Sacramentum
813 2146 970 2211 adoptionis
1005 2139 1109 2191 «Dedit
1118 2138 1146 2191 tn
1156 2153 1234 2193 coena
1247 2140 1390 2207 discipulis
1403 2142 1463 2194 suis
1481 2142 1593 2209 liguram

379 2228 519 2293 suscipere
550 2229 678 2295 dignatus
710 2236 752 2283 est
780 2231 921 2294 Christus,
942 2236 971 2283 et
1002 2223 1127 2289 corporis
1144 2224 1322 2278 Stltffifltttet
1339 2226 1490 2293 sauguinis·
1505 2246 1518 2272 ¹·
1533 2228 1592 2281 ΗΜ

378 2312 489 2378 quando
510 2311 688 2366 circumcisus
719 2318 777 2373 est,
801 2319 829 2367 et
857 2314 969 2380 quando
1002 2308 1115 2361 omniuo
1124 2314 1249 2364 evertunt
1263 2311 1591 2369 transubstantiationem.

377 2396 530 2462 baptizatus
549 2402 606 2459 est;
619 2404 647 2451 et
659 2402 751 2464 potest
762 2401 968 2453 Sacramentum
1003 2394 1043 2447 ltu
1052 2393 1180 2447 Custuus·

378 2482 534 2548 adoptionis
562 2484 674 2550 adoptio
704 2485 878 2550 nuncupari,
897 2485 970 2540 sicut
1034 2480 1096 2532 265.
1111 2480 1191 2545 Retu-
1210 2482 1336 2534 liaecsno
1353 2481 1464 2548 ingenio
1489 2482 1593 2549 excusi·

378 2571 585 2624 sacramentum
615 2571 740 2637 corporis
769 2576 797 2625 et
827 2572 970 2639 sauguinis
1003 2562 1070 2616 tulit
1086 2563 1219 2627 cosmus,
1233 2571 1260 2618 et
1278 2578 1423 2631 uetustum
1436 2566 1532 2620 tribuit
1549 2580 1592 2621 vs

378 2655 437 2721 eius
448 2694 456 2718 ,
469 2655 543 2721 qnod
561 2660 604 2709 est
621 2656 733 2722 inpane
748 2663 776 2710 et
791 2659 890 2723 poculo
904 2670 970 2713 oon·
1002 2648 1119 2702 nerabili
1140 2649 1282 2714 StltutOt't.
1298 2650 1345 2715 qui
1358 2650 1513 2716 timuisitis
1532 2665 1591 2705 tet·

378 2745 502 2804 sacrato,
515 2753 616 2808 corpus
637 2742 697 2809 etus
712 2747 740 2796 et
753 2742 915 2809 sanguinem
928 2743 969 2797 di·
1002 2732 1046 2786 nis
1055 2732 1179 2801 itss⁰⁵⁰tt
1188 2746 1288 2800 corpus
1304 2739 1332 2788 tt
1349 2733 1513 2811 sanguinem
1523 2735 1593 2790 Chit-

379 2826 467 2879 cimus
481 2843 487 2877 :
502 2840 558 2880 non
571 2827 644 2893 quod
661 2828 771 2894 proprie
791 2841 893 2895 corpus
910 2832 971 2897 eJ'us
1003 2820 1037 2873 sti
1049 2833 1098 2874 ore
1107 2821 1233 2874 fidelium*
1242 2823 1329 2884 sumi,
1342 2823 1459 2876 nitenim
1471 2839 1478 2874 t
1491 2827 1600 2879 thaidi·

380 2910 416 2964 sit
438 2911 536 2976 panis,
562 2917 589 2964 et
613 2912 743 2977 poculum
768 2913 897 2980 sanguis,
919 2914 970 2968 sed
1003 2905 1094 2973 itaque
1106 2920 1159 2961 nos
1179 2920 1195 2960 a
1212 2907 1330 2974 peccatis
1348 2908 1454 2966 nostris,
1472 2908 1595 2975 quotidie

380 2994 454 3060 quod
478 2997 507 3047 in
523 3008 553 3048 se
574 2997 734 3062 mysterium
757 2997 881 3063 corporis
910 3000 970 3066 ejus
1008 2990 1188 3059 insanguine
1208 3005 1275 3057 sno,
1293 2993 1596 3059 oumejusderubeaue

380 3081 575 3148 sanguinisque
592 3082 748 3136 contiueat.
772 3081 840 3136 iiiuc
860 3088 888 3135 et
910 3083 970 3150 ipse
1007 3079 1145 3145 passionis
1157 3079 1426 3133 adaltarememoria
1438 3080 1594 3145 replicatur,

379 3166 511 3220 Dominus
522 3167 698 3222 benedictum
711 3181 809 3233 panem
820 3173 847 3221 et
856 3168 968 3224 calicem
1003 3177 1065 3218 cum
1086 3165 1165 3231 panis
1188 3171 1216 3219 et
1234 3166 1291 3218 vini
1314 3172 1439 3220 creatura
1458 3166 1486 3218 in
1508 3179 1594 3220 sacra-

380 3263 461 3318 quem
489 3251 632 3319 discipulis
664 3253 795 3318 tradidit,
821 3266 921 3320 eorpus
942 3260 970 3309 et
1002 3253 1125 3303 mentum
1145 3251 1235 3304 carnis
1252 3254 1279 3304 et
1299 3251 1440 3318 sauguinis
1451 3253 1511 3318 ejus
1527 3250 1596 3304 inet-

379 3338 971 3407 sanguiuemsuumvocavit.Quocircasicut
1002 3334 1078 3388 rabili
1098 3335 1212 3401 spiritus
1230 3336 1448 3391 sanctificatione
1463 3336 1591 3390 transser-

379 3424 477 3479 Christi
499 3425 593 3480 fideles
616 3427 821 3480 Sacramentum
847 3425 970 3490 corporis
1003 3422 1304 3487 tur3sicnuecorpuset
1320 3421 1433 3488 sospitis
1449 3421 1594 3475 itttrunon

378 3516 407 3561 et
426 3509 567 3574 sanguinis
592 3512 651 3574 ejus
664 3510 849 3575 accipientes,
869 3522 971 3574 corpus
1003 3505 1154 3560 infidelium
1173 3508 1300 3561 manibus
1318 3508 1351 3560 ad
1362 3507 1514 3573 perniciem
1525 3507 1596 3574 ipso·

378 3598 405 3645 et
427 3593 589 3658 sanguinem
618 3594 714 3646 Christi
738 3599 813 3648 recte
842 3594 971 3646 dicuutur
1003 3604 1064 3642 rum
1079 3591 1599 3658 tundituretocciditur,sedfidettum·

378 3677 522 3741 accipere,
536 3677 577 3730 sic
596 3682 624 3729 et
647 3677 706 3742 ipse
727 3676 851 3730 cbristus
876 3678 970 3730 Sacra·
1002 3687 1048 3727 cre
1067 3689 1148 3728 suum
1164 3678 1288 3730 sumum
1308 3678 1339 3730 in
1359 3680 1486 3732 satutem.
1512 3679 1597 3744 liujus

377 3765 499 3812 mentum
509 3760 791 3825 adoptionistilionum
805 3774 866 3814 cum
879 3773 972 3816 susce·
1003 3765 1077 3812 recte
1093 3760 1208 3826 liguram
1224 3775 1313 3829 agnus
1331 3762 1358 3814 in
1377 3763 1438 3829 lego
1458 3760 1601 3828 paschalis

376 3845 481 3910 pisset,
506 3846 596 3910 potuit
620 3850 693 3898 recta
718 3846 770 3899 dici
793 3845 969 3911 adoptionem
1003 3845 1596 3914 ostendit,quisemelpopuiumdeAEgyptia

377 3930 494 3984 tiliorum
513 3931 704 3996 suscepisse.»
718 3930 725 3963 ¹
1004 3931 1136 3984 servitute
1149 3931 1288 3994 liberans,
1302 3931 1331 3983 iu
1348 3931 1512 3984 memoriam
1525 3931 1597 3994 ejus·

410 4015 467 4068 tel.
488 4015 567 4079 desp.
582 4017 646 4078 Quae
660 4015 770 4080 scripsit
785 4016 970 4070 Facundusnt
1003 4016 1067 4069 dem
1093 4016 1287 4081 liberationis,
1310 4030 1360 4082 pen
1384 4030 1482 4070 omues
1507 4027 1603 4070 anuos-

378 4099 429 4152 tria
453 4101 572 4175 capitula
596 4112 611 4152 n
638 4100 762 4153 Concilio
785 4103 815 4153 V.
839 4101 968 4156 damnata
1003 4101 1191 4154 immolatione
1200 4103 1388 4167 suapopuium
1397 4103 1528 4155 eumdem
1537 4113 1598 4154 san·

376 4185 544 4248 uindicaret,
564 4184 725 4238 auctoritate
744 4191 855 4250 carent,
873 4193 969 4254 utpote
1002 4186 1120 4240 ctificare
1138 4186 1263 4248 solebat,
1287 4186 1377 4239 donec
1393 4185 1501 4240 reniret
1520 4185 1597 4251 ipse,

373 4270 534 4324 schismatis
551 4271 659 4324 terendi
681 4272 774 4326 studio
790 4274 971 4328 exarataili-
1002 4270 1047 4324 cui
1073 4270 1135 4323 tatis
1153 4270 1244 4324 hostia
1275 4271 1464 4325 testimonium
1491 4271 1598 4333 dabat,

308 4353 310 4358 “
377 4369 438 4408 rum
449 4366 505 4407 non
513 4361 555 4408 est
563 4363 754 4422 argumentum
767 4359 883 4412 deicere
893 4359 969 4426 qnod
1003 4356 1166 4422 oblatusque
1178 4355 1249 4409 Patri
1263 4370 1313 4423 pro
1332 4357 1414 4411 nobis
1427 4357 1455 4409 in
1476 4356 1598 4410 hostiam

378 4453 412 4494 cx
424 4443 600 4496 sacramento
618 4442 693 4497 ducit
705 4446 739 4500 ad
755 4457 877 4499 eruorem
890 4445 971 4498 susti·
1003 4443 1172 4507 odoremque
1190 4442 1350 4506 suavitatis,
1365 4443 1529 4510 mysterium
1539 4452 1604 4494 suae

379 4525 969 4594 nendum,illumquelnaudaccnratodceo
1003 4528 1141 4595 passionis
1171 4527 1263 4584 oblato
1288 4542 1360 4597 agno
1389 4529 1418 4583 in
1441 4535 1604 4586 creaturam

407 4767 432 4821 (Ι)
445 4768 469 4810 L.
479 4770 506 4811 ix.
515 4783 556 4825 pro
569 4772 691 4817 detentione
704 4773 738 4818 iti.
750 4771 900 4827 captaturum
912 4773 966 4827 Cti’·
982 4774 1022 4825 utt-
