3792 5550
681 536 750 588 CAP.
771 537 803 588 ll.
822 537 864 589 DE
883 537 970 588 MODO
988 536 1184 589 bsuulzlltul.
1508 537 1540 589 bs

332 646 439 703 ratione
460 653 559 715 praeter
580 649 783 705 immersionem
806 652 850 705 usi
869 665 919 706 uo·
988 653 1043 704 ltili.
1059 650 1117 716 obj.
1130 638 1155 703 5.
1170 650 1455 716 Baptismus,prouta
1469 652 1542 705 cbri-

331 740 448 787 scuntur
459 750 466 785 :
478 736 576 788 Paulus
588 736 689 802 quippe
700 738 757 790 ait:
773 756 786 783 α
796 738 836 789 An
846 738 922 804 igno·
953 741 995 791 sto
1009 736 1148 789 institutus
1162 741 1218 800 est,
1233 735 1361 789 omnibus
1375 736 1538 800 latentibuS,

332 820 398 872 ratis
416 820 479 885 quia
497 821 664 888 quicumque
679 822 807 888 baptizati
825 837 919 876 sumus
952 820 1004 875 luit
1021 821 1196 875 immersione
1219 835 1226 872 z
1251 832 1316 887 ergo
1337 821 1465 873 Ecclesiae
1484 834 1539 874 non

331 904 359 956 in
373 904 480 959 Christo
494 907 577 970 lesu,
590 906 617 958 iu
630 912 719 981 morte
731 908 819 973 ipsius
831 909 919 974 baptl-
953 906 1028 958 licuit
1047 906 1128 958 aliam
1140 906 1295 971 baptizandi
1308 906 1439 978 rationem
1460 906 1540 958 indu-

331 988 383 1041 zuti
404 992 525 1043 sumusi
549 992 708 1057 Consepulti
730 992 803 1044 enim
825 1006 920 1046 sumus
953 1004 1029 1054 cere,
1042 992 1084 1045 vel
1097 990 1213 1044 sancire.

332 1088 395 1128 cum
413 1075 462 1129 illo
483 1090 533 1141 per
549 1077 715 1142 baptismum
730 1078 758 1129 in
775 1086 893 1131 mortem
910 1094 918 1130 z
988 1078 1128 1142 toabam.
1141 1077 1263 1131 cbristus
1277 1077 1410 1131 rationem
1423 1091 1477 1143 qua
1491 1080 1536 1129 Ba·

224 1160 237 1168 ‘
332 1168 363 1228 ut
380 1161 518 1226 quomodo
533 1163 656 1215 cbristus
674 1164 791 1216 surrexit
808 1177 823 1215 a
844 1176 920 1217 mor·
952 1162 1069 1229 ptismus
1081 1161 1250 1215 conferretur
1261 1169 1335 1215 certa
1346 1164 1406 1229 lege
1423 1175 1478 1214 non
1492 1163 1540 1214 de·

333 1244 387 1297 tuis
404 1260 454 1311 per
467 1246 584 1313 gloriam
602 1248 707 1311 Patris,
728 1248 765 1301 ita
781 1254 809 1302 et
823 1263 875 1303 nos
891 1249 919 1301 in
953 1248 1053 1311 linivit,
1067 1248 1116 1301 sed
1133 1248 1271 1314 baptizare
1281 1248 1364 1313 jussit
1376 1248 1539 1313 Apostolos,

239 1368 245 1373 -
332 1330 453 1383 novitate
461 1337 522 1384 vrtae
530 1332 735 1385 ambulemus.»
749 1332 920 1399 ¹sepulturae
953 1334 1044 1398 quod,
1061 1334 1136 1399 iuxta
1153 1333 1279 1387 vocabuli
1298 1346 1377 1384 usum
1399 1332 1538 1392 latiorem,

333 1414 424 1481 imago
434 1414 649 1469 iuimmersioue
663 1423 767 1470 tantum
777 1419 918 1484 reperitur.
953 1424 983 1476 stt
1000 1423 1102 1477 lotione
1122 1436 1304 1489 quacumque.
1326 1422 1409 1488 igitur
1429 1421 1541 1473 munda·

367 1501 423 1552 105.
434 1501 510 1567 Hesp.
526 1502 622 1567 Utique
634 1503 755 1569 Apostoli
768 1503 865 1557 christi
875 1518 921 1559 uo·-
953 1515 1009 1561 tum
1030 1509 1128 1562 Christi
1145 1521 1200 1575 quo
1219 1508 1357 1561 immersio
1370 1506 1541 1572 praecipiatur

332 1583 496 1640 luntatis'in
516 1586 602 1641 sactis
623 1587 800 1642 instituendis
823 1589 920 1641 lilibus
954 1608 1009 1648 non
1028 1601 1110 1647 extat,
1131 1594 1207 1659 Qllod
1230 1599 1323 1647 autem
1343 1593 1403 1646 aliae
1421 1591 1540 1645 rationes

333 1669 429 1736 ⁰1²timi
453 1676 518 1724 sunt
539 1671 720 1738 interpretes,
745 1686 862 1739 quorum
883 1681 921 1727 tu·
954 1680 1110 1746 baptizandi
1139 1678 1324 1742 obtinuerint,
1351 1690 1406 1730 non
1429 1675 1542 1743 contigit

330 1767 395 1807 men
415 1768 459 1807 ses
476 1760 568 1821 deslas
587 1757 631 1810 Vel
648 1757 812 1811 (l0ssttmenla
829 1759 921 1811 omnia
955 1766 1083 1819 Ecclesiae
1093 1766 1234 1819 sanctione
1247 1766 1290 1819 uel
1304 1769 1364 1817 actu
1376 1803 1384 1826 ,
1396 1763 1443 1815 sed
1458 1776 1491 1815 ex
1502 1774 1542 1814 re·

330 1840 480 1905 scribtum
494 1854 551 1893 ¹¹0ss
569 1841 708 1894 exhibent.
727 1844 805 1906 Quod
824 1844 860 1896 de
878 1844 923 1896 tri·
956 1864 1015 1919 rum
1033 1850 1206 1903 necessitate.
1226 1850 1333 1901 sensim
1355 1848 1414 1900 sine
1438 1846 1540 1908 sensu,

330 1926 386 1977 bus
399 1926 520 1977 millibus
534 1925 677 1992 baptizatis
690 1926 735 1979 die
748 1930 922 1981 Pentecostes
956 1940 1037 2002 prout
1055 1934 1308 2001 multiplicabantur
1325 1932 1484 1987 occasiones
1496 1930 1544 1983 mi-

330 2008 464 2072 retertur,
484 2009 648 2061 infusionem
669 2011 712 2064 rel
734 2012 921 2075 aspersionem
955 2037 1007 2075 nus
1028 2021 1187 2075 solemniter
1214 2018 1424 2073 administrandi
1450 2020 1541 2070 saera-

239 2168 243 2175 *
331 2094 484 2147 adhibitum
502 2094 688 2148 verosimilem
706 2094 779 2149 facit.
795 2098 922 2149 Fatemur
954 2113 1089 2176 mentum,
1109 2107 1208 2160 factum
1228 2110 1270 2157 est
1288 2110 1318 2157 ut
1343 2102 1543 2168 baptizarentur

329 2185 495 2235 ⁰011⁵¹1⁰l¹11¹¹
522 2180 722 2232 0²⁸⁰¹⁶11¹¹1011¹
741 2179 855 2233 1¹¹⁰d¹¹11¹
874 2181 923 2233 im·
955 2194 1071 2247 infantes
1094 2193 1193 2259 aliique
1213 2191 1321 2258 plurimi
1346 2188 1483 2242 infusione
1507 2187 1543 2241 ob

330 2268 470 2322 mersione
482 2268 628 2333 fuissetad
639 2283 720 2335 quam
729 2269 874 2324 commode
883 2284 923 2323 re·
955 2280 1105 2347 perranum
1133 2294 1139 2329 ι
1166 2278 1240 2330 unte
1261 2276 1336 2329 nullo
1354 2274 1483 2327 senesce
1500 2272 1544 2325 ue-

299 2377 307 2388 ·
331 2354 417 2407 lertur
428 2368 509 2421 quam
527 2355 626 2410 Paulus
637 2361 762 2409 recenset
775 2356 922 2420 sepulturae
955 2371 1048 2427 creto,
1070 2364 1129 2430 ipsa
1149 2369 1239 2416 tamen
1261 2361 1333 2413 haud
1351 2358 1541 2424 improbante,

332 2439 493 2507 imaginem.
506 2440 679 2493 cateruam
697 2439 844 2506 Baptismo,
858 2454 923 2506 qua·
956 2446 1366 2513 outtnuumosnasapuimus.

332 2539 452 2591 eumque
486 2526 641 2581 conseratur
675 2526 799 2590 ratione,
833 2526 923 2593 imago
991 2538 1048 2589 rua.
1070 2536 1128 2601 oq.
1148 2537 1174 2586 o.
1198 2530 1354 2585 extusum
1375 2530 1544 2594 altorumque

333 2611 460 2675 ¹1¹¹aedam
487 2612 583 2664 11¹0iss⁵
604 2610 704 2664 Christi
725 2616 753 2664 θῑ
775 2612 924 2676 sepullum
956 2626 1078 2675 veterum
1098 2619 1262 2684 scriptorum
1281 2613 1458 2677 testimoniis,
1477 2612 1544 2677 ipsis

333 2696 465 2759 habetur,
485 2699 582 2751 sallem
600 2703 735 2763 quatenus
757 2710 819 2750 cum
835 2697 924 2762 bapti·
957 2705 1122 2761 adversariis
1138 2703 1302 2763 latentibus,
1317 2703 1423 2754 constal
1436 2698 1544 2749 immer-

335 2795 397 2836 smo
414 2783 458 2836 illa
468 2769 639 2852 'significatio
657 2799 690 2838 ex
707 2785 867 2838 christianis
886 2785 925 2837 in·
957 2792 1063 2845 sionem
1077 2789 1226 2843 adhibitam
1238 2802 1287 2855 per
1300 2785 1414 2853 plurima
1428 2783 1544 2836 saecula:

335 2868 438 2924 stitutis
459 2871 640 2924 connectitur.
661 2873 717 2924 liae
735 2871 841 2923 ratione
858 2871 925 2924 dicit
957 2878 1139 2940 infusionem,
1161 2876 1190 2928 in
1215 2881 1337 2930 extremo
1360 2873 1422 2928 vitae
1449 2868 1545 2924 discri-

339 2955 506 3018 Apostolus,
526 2973 542 3003 a
555 2955 618 3021 quia
634 2962 713 3010 uetus
731 2957 813 3008 bomo
829 2965 924 3010 uester
957 2964 1045 3028 nrine,
1057 2967 1186 3016 tentatam
1197 2999 1204 3026 ,
1217 2961 1314 3014 timide
1330 2963 1358 3011 et
1370 2957 1543 3016 dubitanter,

343 3038 423 3091 simul
436 3039 583 3093 crucifixus
594 3048 646 3106 est,
659 3047 689 3094 ut
701 3041 926 3095 destruaturcor-
958 3049 1027 3102 adeo
1046 3053 1076 3100 ut
1094 3048 1128 3100 de
1141 3049 1201 3114 ejus
1217 3047 1309 3101 valore
1325 3043 1408 3096 dubie
1423 3041 1546 3108 plerique

343 3137 396 3189 l)us
418 3127 538 3191 11666311,
563 3132 590 3180 et
611 3128 681 3180 ultra
701 3128 925 3181 11⁰nservi³mus
959 3134 1146 3198 loquerentur.
1167 3132 1308 3185 cornelius
1325 3131 1396 3194 Papa
1412 3128 1446 3179 de
1460 3132 1545 3180 Noua-

342 3217 464 3274 peccato.
482 3210 524 3258 π’
543 3211 675 3274 Equidem
690 3226 726 3266 ‚ex
747 3213 926 3266 allusionibus
958 3217 1032 3268 tiano
1044 3216 1153 3280 scripsit
1168 3231 1174 3266 :
1190 3235 1203 3261 α
1213 3216 1242 3267 ln
1261 3215 1322 3279 ipso
1332 3213 1359 3264 in
1373 3225 1427 3277 quo
1436 3210 1542 3276 jacebat

340 3295 413 3357 baud
430 3295 541 3348 firmum
557 3293 695 3346 derivatur
711 3300 924 3359 argumentum:
959 3299 1059 3350 lectulo
1078 3299 1204 3362 pertusus
1223 3297 1391 3360 Baptismum
1410 3291 1544 3354 suscepit,

336 3381 412 3446 quod
439 3380 463 3439 si
483 3379 589 3444 placeat
609 3377 643 3430 iis
663 3377 810 3440 insistere,
835 3378 927 3431 licebit
959 3378 1192 3443 si'lrujuseemodi
1209 3377 1377 3444 baptismum
1391 3373 1545 3439 suscepisse

335 3465 406 3521 illud
421 3462 495 3514 Pauli
508 3461 647 3526 prolerre,
661 3462 734 3529 quod
745 3462 876 3515 infusioni
889 3463 926 3516 la·
960 3464 1092 3520 dicendus
1110 3469 1185 3519 est.»
1200 3465 1247 3530 irps
1263 3465 1305 3533 >ql
1325 3477 1397 3528 atym
1414 3483 1447 3511 ru
1459 3461 1546 3510 sticum

335 3561 404 3607 uere
422 3545 547 3601 videatur
567 3561 604 3598 :u
622 3548 716 3601 salvos
733 3559 784 3600 uos
802 3546 866 3600 lecit
876 3562 926 3615 per
959 3551 1104 3616 tralatam
1167 3593 1169 3598 ,

336 3639 475 3689 lavacrum
493 3635 707 3699 regenerationis
725 3640 753 3687 et
772 3635 925 3689 renouatio·
968 3675 971 3682 .
992 3641 1050 3691 too.
1069 3640 1146 3704 Reap.
1166 3636 1195 3689 lu
1209 3634 1325 3690 solemni
1343 3633 1480 3700 baptismo
1496 3633 1547 3686 uti-

339 3721 383 3776 uis
396 3719 513 3785 Spiritus
523 3719 618 3782 sancti,
630 3732 711 3784 quem
725 3717 820 3772 effudit
832 3721 860 3772 iu
873 3734 925 3774 nos
958 3737 1011 3790 que
1021 3723 1161 3776 immersio
1172 3721 1269 3782 fiebam
1282 3725 1467 3786 urgenteuero
1478 3731 1548 3772 mor·

336 3806 451 3861 abunde
469 3818 518 3870 per
538 3807 632 3858 lesum
652 3804 788 3857 Christum
809 3806 927 3859 salvato·
960 3809 995 3862 tis
1007 3809 1146 3874 periculo,
1158 3807 1200 3860 uel
1213 3806 1265 3858 alia
1283 3805 1356 3871 gravi
1370 3804 1547 3866 necessitate,

340 3904 398 3950 rtem
412 3896 546 3943 nostrum.
568 3889 602 3936 »³
617 3888 773 3954 Respondet
785 3890 926 3954 aptissime
959 3893 1059 3946 inlusio
1072 3929 1079 3956 ,
1091 3892 1133 3947 vel
1148 3884 1330 3956 aspersio.'l)e
1343 3889 1387 3941 bis
1397 3887 1547 3942 rationibus

339 3975 485 4033 vaticinio:
502 3994 515 4020 o
525 3972 666 4035 bflundem
674 3986 757 4038 super
770 3986 818 4026 vos
827 3987 925 4039 aquam
960 3976 1114 4042 baptizandi
1126 3987 1181 4027 non
1190 3973 1438 4028 videturdubitatio
1450 3971 1545 4034 fuisse,

338 4057 781 4123 mundam,etm,undabimiuiab
796 4059 924 4118 omuibus
958 4062 1083 4128 quamvis
1106 4059 1262 4112 dubitarent
1285 4057 1424 4118 nonnulli,
1455 4059 1543 4106 utrum

336 4143 552 4209 inquinamentis
561 4142 669 4199 vestris.
683 4161 696 4187 »
707 4141 717 4174 ⁴
729 4144 923 4207 aspersionem
958 4158 1006 4209 par
1016 4145 1101 4208 gratia
1114 4143 1147 4194 iis
1161 4143 1339 4196 conterretur.
1354 4141 1418 4202 Quae
1428 4139 1543 4193 Cornelii

317 4230 459 4282 'indicare
481 4230 591 4289 uidetur
618 4229 718 4288 Paulus
747 4228 800 4282 alio
826 4229 886 4281 loco
914 4243 921 4280 ε
958 4234 1080 4293 tempore
1098 4233 1156 4279 orta
1178 4233 1220 4279 est
1238 4225 1440 4290 controuersia,
1459 4227 1542 4278 Nova-

336 4314 474 4382 rbspersi
490 4314 574 4368 corda
585 4328 600 4368 a
613 4314 780 4368 couscientia
794 4315 864 4370 mala
876 4354 882 4379 ,
895 4320 923 4367 et
959 4314 1033 4368 tiano
1053 4324 1190 4365 summum
1205 4309 1389 4365 Pontificatum
1409 4311 1462 4362 sibi
1480 4324 1540 4376 per-

336 4399 421 4453 abluti
433 4412 533 4466 cerpus
545 4414 615 4467 aqua
628 4400 738 4453 munda.
756 4419 767 4446 ι
780 4398 790 4433 ⁸
956 4411 1051 4467 peram
1064 4401 1231 4464 usurpante,
1245 4397 1416 4452 occas'ouem
1427 4397 1543 4463 praebuit

363 4680 390 4732 (1(
400 4681 462 4721 bom.
470 4680 498 4721 vi.
509 4681 562 4734 3.(1)
572 4681 651 4724 ibidem
659 4688 680 4724 t.
845 4709 850 4715 -
988 4681 1014 4734 (t)
1023 4681 1097 4722 Erech.
1107 4679 1175 4720 ruri.
1184 4685 1215 4721 tlt.
1224 4681 1250 4734 (t)
1260 4680 1340 4721 Eeb-1.
1351 4685 1381 4721 ts.

364 4750 392 4801 tt)
403 4750 444 4790 Tit.
454 4748 485 4789 iii.
495 4756 514 4791 t.
536 4812 540 4819 .
988 4749 1015 4802 (b)
1025 4749 1085 4802 Apud
1095 4748 1171 4789 buseb.
1180 4748 1292 4824 bisbiiccl.
1303 4749 1316 4790 l.
1327 4748 1354 4790 vi.
1365 4761 1383 4790 e.
1392 4753 1422 4790 tt.

373 4824 432 4874 Vou.
446 4835 482 4875 tu.
1397 4822 1413 4868 d
