3792 5550
414 800 880 959 r‘nnotoetn
923 820 1394 957 noculnorn
1520 736 1530 749 ’

661 1208 1158 1381 mmmm

792 1577 1024 1611 a...-

628 1916 632 1921 .
707 1854 771 1917 DE
816 1852 1123 1919 Baptistae.

501 2183 688 2222 rnotrconnnn.
923 2182 953 2224 re
963 2168 1112 2232 commodi,
1127 2168 1201 2235 qood
1217 2170 1315 2235 praevia
1327 2170 1438 2225 notione
1454 2186 1514 2239 pro·

914 2268 952 2319 pr
961 2255 998 2309 iet
1012 2260 1068 2307 tum
1091 2255 1276 2319 sacramenti,
1299 2255 1404 2311 facilius
1427 2258 1463 2311 sit
1480 2260 1514 2311 de

331 2346 355 2394 i.
377 2341 467 2395 Gratia
490 2340 556 2406 liei,
578 2353 640 2407 quae
664 2339 762 2393 christi
785 2340 890 2394 meritis
925 2340 1042 2408 singulis
1055 2346 1181 2395 tractare.
1200 2344 1237 2395 lte
1249 2343 1365 2397 lectores
1379 2345 1466 2397 nostri
1480 2340 1513 2398 eo

300 2428 381 2481 uobis
393 2430 551 2493 comparata
571 2430 630 2489 est,
645 2425 773 2477 tribuitur
790 2429 890 2493 persae·
924 2432 1050 2491 careant,
1064 2428 1281 2493 praemittendam
1301 2430 1428 2483 duximus
1451 2430 1515 2485 bre-

299 2526 349 2579 pe‚
366 2514 443 2567 nullo
457 2518 568 2565 externo
589 2511 710 2565 adhibito
723 2512 891 2564 instrumen·
923 2524 985 2564 vem
998 2524 1091 2563 earum
1110 2514 1326 2579 expositionem,
1340 2514 1515 2581 probationes

301 2604 346 2651 to:
362 2611 392 2651 ea
407 2598 480 2651 enim
497 2598 531 2651 ad
543 2597 677 2651 orandum
691 2597 850 2666 excitamur,
864 2599 891 2649 et
924 2598 1040 2661 postea,
1053 2608 1102 2661 pro
1127 2596 1272 2649 occasione
1292 2600 1377 2663 nata,
1397 2598 1512 2652 allaturi.

303 2682 446 2736 orantibus
457 2696 527 2737 nova
543 2684 643 2736 dantur
656 2681 786 2735 subsidia.
807 2684 891 2733 caete·
958 2684 982 2733 5.
998 2678 1164 2735 sacramenti
1178 2694 1228 2735 vox
1241 2682 1387 2749 aprotanis
1401 2684 1515 2750 scripto·

304 2782 362 2821 rum
390 2768 609 2836 sapientissimus
643 2768 775 2822 Dominus
798 2772 892 2821 noster
925 2764 1004 2820 ribus
1035 2780 1084 2834 pro
1110 2766 1226 2820 militum
1255 2770 1434 2838 jurejurando
1460 2785 1514 2837 quo

302 2853 436 2920 quosdam
463 2854 578 2907 institnit
599 2852 686 2919 ritus,
710 2854 811 2922 quibus
836 2854 890 2907 vim
925 2865 987 2904 sese
1005 2851 1108 2905 militiae
1119 2851 1330 2920 adscribebant,
1344 2856 1413 2908 sicut
1426 2862 1453 2909 et
1465 2871 1514 2922 pro

303 2939 449 3004 quamdam
460 2951 491 2992 ao
499 2939 625 2993 virtutem
635 2941 774 2993 coelestem
784 2937 890 3001 indidit,
925 2937 1041 3005 pecnnia
1054 2951 1135 3003 quam
1154 2937 1226 3004 apud
1244 2945 1413 3006 sequestrem
1431 2937 1515 3008 depo-

303 3037 376 3090 quos
389 3038 519 3078 vocamus
529 3024 714 3079 Sacramenta.
925 3036 991 3075 uere
1015 3023 1144 3087 solebant¹
1162 3023 1317 3090 litigantes,
1337 3025 1433 3079 uictori
1455 3025 1515 3078 red-

336 3111 361 3160 2.
382 3111 589 3164 consueverunt
612 3109 733 3181 theologi
750 3113 891 3163 tractatum
926 3108 1061 3172 dendam,
1083 3107 1286 3172 usurpabatur:
1302 3107 1351 3162 sed
1375 3103 1409 3162 ab
1430 3111 1516 3164 ecele-

303 3194 536 3248 deSacramentis
555 3195 583 3246 in
601 3195 893 3260 uuiversumpraemit-
926 3192 1044 3244 siasticis
1057 3192 1214 3246 auctoribus
1230 3207 1328 3247 novam
1340 3200 1463 3248 mutuata
1475 3201 1517 3247 est
1548 3215 1559 3230 =

304 3287 372 3344 tere,
393 3284 423 3332 ut
443 3276 551 3346 singula
571 3281 746 3329 Sacramenta
763 3279 894 3341 deinceps
927 3277 991 3329 vim.
1006 3275 1097 3328 latius
1115 3277 1225 3342 qrridem
1240 3279 1388 3344 aliquando
1408 3287 1515 3344 sumpta

302 3364 451 3418 vindicent.
464 3359 785 3423 Recentioribustamen,
797 3360 824 3409 in
834 3361 894 3410 Ger·
929 3358 944 3410 a
959 3359 1103 3424 scripturae
1116 3360 1308 3424 interpretibus
1327 3375 1457 3415 arcannm
1471 3363 1505 3414 dc

303 3449 394 3518 mania
416 3445 589 3512 praesertim,
614 3444 648 3497 de
672 3441 787 3510 singulis
818 3442 895 3509 prius
928 3449 1020 3508 notat,
1045 3443 1113 3497 sicut
1135 3457 1167 3498 eo
1190 3443 1355 3502 Tobiaeloco
1375 3463 1408 3500 :a
1427 3451 1518 3502 Sacra-

305 3531 442 3599 ageudum
465 3531 554 3584 visum
569 3533 621 3596 est,
639 3534 669 3582 ut
687 3537 749 3595 quae
767 3529 894 3584 omnibus
930 3536 1052 3584 mentum
1092 3533 1164 3598 regis
1205 3533 1374 3588 abscondere
1413 3535 1516 3589 bonum

305 3623 370 3670 sunt
381 3615 536 3670 communia
550 3616 661 3668 tandem
673 3613 817 3680 'explicent‘
831 3601 895 3668 l'iaec
928 3621 970 3669 est
984 3637 995 3662 a
1016 3615 1024 3650 ¹
1038 3622 1066 3669 et
1079 3618 1148 3684 apud
1164 3619 1275 3672 Paulum
1290 3635 1296 3671 :
1315 3640 1326 3666 a
1339 3621 1463 3688 Magnum
1476 3629 1517 3674 est

305 3703 386 3758 nobis
399 3702 579 3770 opportunior
596 3701 654 3755 visa
671 3706 714 3754 est
729 3702 892 3755 methodus:
928 3700 1038 3768 pietatis
1048 3711 1260 3757 sacramentum.
1271 3703 1298 3750 »²
1309 3705 1421 3772 Signum
1434 3701 1517 3772 pirou

306 3789 350 3842 vix
370 3789 444 3842 euim
465 3787 602 3855 generalia
616 3787 661 3839 illa
681 3785 813 3854 principia
830 3799 895 3854 pos·
928 3782 995 3838 libet
1010 3780 1118 3840 sacrum
1132 3789 1212 3840 etiam
1234 3788 1383 3856 significan
1400 3803 1517 3856 quapro-

308 3881 371 3927 suut
384 3873 508 3937 delendi,
520 3873 716 3940 quin'piurima
735 3872 768 3924 ex
785 3872 819 3924 iis
833 3884 896 3938 quae
929 3875 990 3936 pter
1012 3873 1102 3937 crucis
1128 3873 1236 3940 signum
1253 3873 1290 3926 ita
1315 3874 1466 3941 appellatur
1483 3877 1517 3927 ab

308 3961 341 4012 ad
362 3961 533 4026 singulorum
554 3960 790 4012 sacramentorum
805 3957 896 4011 vindi·
928 3955 1089 4018 Augustino.
1103 3955 1161 4010 ‘lie
1173 3957 1273 4011 veteris
1286 3957 1450 4013 Testamenti
1461 3960 1517 4012 riti-

309 4046 364 4098 cias
386 4045 473 4112 magis
496 4048 620 4110 spectent
645 4043 833 4110 proterantur,
851 4042 895 4094 vel
928 4038 981 4091 bus
999 4052 1032 4093 eo
1057 4040 1112 4094 iere
1132 4055 1216 4095 sensu
1240 4043 1402 4108 adhibetur,
1417 4045 1518 4112 quippe

309 4131 485 4195 probationes
504 4127 679 4186 differantur,
696 4126 843 4179 lectoribus
861 4125 895 4177 ad
929 4125 976 4189 qui
991 4125 1046 4190 typi
1066 4125 1175 4180 luerunt
1197 4135 1225 4180 et
1240 4127 1334 4193 figurae
1353 4129 1519 4196 redemptio-

309 4215 475 4280 posteriores
489 4218 621 4267 tractatus
641 4210 772 4264 remissis.
792 4209 896 4262 idcirco
930 4207 974 4260 nis
1000 4209 1097 4262 luturae
1119 4225 1168 4277 per
1193 4211 1293 4264 Christi
1319 4219 1444 4266 mortem.
1466 4219 1517 4270 Sed

311 4299 383 4351 haud
401 4298 545 4361 nouitatis,
567 4295 616 4350 sed
635 4292 760 4348 utilitatis
781 4292 896 4358 studio,
929 4304 1014 4355 sensu
1036 4293 1165 4346 strictiori
1178 4297 1383 4358 Sacramentum
1397 4307 1438 4354 est
1451 4303 1518 4355 ritus

311 4383 381 4439 hane
399 4383 551 4436 insistimus
567 4380 640 4436 viam
657 4393 728 4432 :nee
741 4383 832 4432 tamen
849 4370 896 4432 ue·
929 4377 1045 4446 'gratiam
1069 4379 1169 4434 animae
1188 4381 1347 4449 impertiens
1370 4401 1377 4438 ε
1399 4386 1410 4421 ⁴
1434 4390 1517 4442 Graeci

312 4481 407 4533 gamus
420 4469 579 4524 methodum
590 4467 766 4534 antiquorum
778 4465 805 4518 id
815 4463 896 4518 affer·
930 4469 1045 4538 proripui
1067 4473 1175 4526 vocant,

336 4711 361 4764 [tl
375 4712 427 4752 Tob.
436 4711 473 4751 xii.
483 4717 503 4752 i.
957 4705 985 4759 (t)
1000 4708 1024 4749 ln
1034 4709 1070 4750 rs.
1080 4709 1128 4751 arti.

332 4781 359 4833 (st
377 4780 498 4822 i.Tim.iii.
512 4785 556 4820 to.·
958 4775 984 4828 (t)
1000 4779 1028 4817 Ex
1050 4779 1204 4821 latiori'··roers
1223 4791 1264 4821 usu
1286 4781 1435 4832 argumentari
1453 4781 1521 4820 soient

376 4853 434 4903 von.
453 4865 490 4902 rn.
1142 4883 1143 4886 ,
1378 4855 1384 4896 t
