3792 5550
591 576 662 641 GAP.
681 576 748 627 vill.
766 578 808 627 bd
826 576 1219 644 Tbtdsdiisladlialiodd.
1460 588 1529 637 lbi.

281 698 410 751 constat.
424 690 883 758 beniqueipsamChristicorporis
917 692 992 743 nulla
1009 693 1116 746 ratione
1132 696 1305 749 eonnectitur
1323 711 1386 751 cum
1409 701 1508 753 Christi

281 790 314 836 et
332 780 479 847 sanguinis
498 779 680 831 substantiam
698 778 811 839 evertit;
825 778 884 829 haec
917 790 1048 843 corpore,
1067 792 1157 845 neque
1178 783 1395 847 consuetudine,
1416 799 1507 851 neque

291 870 402 936 quippe
422 882 455 920 ex
475 880 545 932 pane
568 874 595 919 et
615 867 680 920 vino
704 879 719 917 a
741 866 883 918 sacerdote
917 863 1029 925 reipsa:
1045 863 1274 930 ideoqueChristi
1292 868 1376 921 rerba
1394 882 1508 936 nonpo

281 955 376 1019 ellici,
399 965 500 1019 magna
523 966 586 1005 cuni
610 952 825 1017 praesumptioue
842 951 879 1003 di·
918 951 1007 999 terant
1024 948 1137 1015 intelligi
1155 950 1298 1017 designo,
1314 955 1449 1019 pignore,
1464 957 1507 1009 vel

281 1040 368 1094 citur,
386 1038 396 1071 ¹
918 1030 1101 1085 instrumento
1120 1034 1163 1086 sui
1181 1037 1304 1100 eorporis
1326 1038 1506 1105 adipiscendi.

319 1128 381 1179 251,
402 1126 481 1189 pesp,
501 1124 649 1177 uerissime
664 1121 883 1175 dixiisseiiarmi-
917 1117 1051 1168 Caeterum
1074 1118 1176 1172 locutio
1205 1120 1250 1173 illa
1266 1125 1404 1177 testatoris
1423 1139 1506 1191 quam

284 1226 338 1265 nus
357 1211 446 1265 verba
470 1210 576 1263 Domini
598 1222 660 1263 vora
682 1222 738 1261 non
762 1222 839 1272 esse,
859 1207 883 1259 si
918 1201 1134 1267 fingstCOSlllllS,
1149 1205 1276 1259 inusitata
1289 1210 1505 1271 est‚etiltsulsa.

284 1296 363 1362 quod
385 1296 497 1349 tenebat
512 1294 657 1354 manibus,
671 1308 726 1347 non
740 1300 813 1347 esset
825 1306 883 1346 cor·
951 1288 1009 1339 951.
1031 1287 1091 1352 Obj.
1111 1291 1137 1340 6.
1157 1292 1304 1355 Apostolus
1330 1294 1365 1345 dc
1381 1308 1452 1359 pane
1468 1297 1506 1349 lo·

284 1399 338 1451 pus
352 1398 453 1447 suum,
464 1384 538 1449 quod
550 1383 641 1437 verbis
651 1383 719 1435 adeo
732 1382 883 1448 perspicuis
917 1371 1021 1436 uultui,
1041 1378 1179 1439 iuiuquum
1191 1376 1238 1441 qui
1259 1387 1384 1443 superest
1396 1387 1423 1434 et
1436 1382 1507 1433 iran-

282 1471 444 1525 affirmavit.
472 1473 526 1523 Nec
551 1470 579 1521 id
605 1470 654 1521 bei
677 1470 883 1535 omnipotentiae
917 1457 992 1521 gitur
1013 1457 1040 1509 1¹¹
1064 1460 1233 1512 Eucharisffll
1252 1478 1259 1511 ²
1281 1483 1293 1508 ‘¹
1312 1465 1405 1529 panis,
1424 1480 1507 1531 quem

281 1550 408 1609 uersauit
434 1571 440 1606 ;
466 1568 517 1610 uec
538 1556 611 1607 enim
631 1555 763 1621 queritur
791 1561 883 1606 utrum
917 1542 1079 1608 frangimus,
1093 1557 1185 1598 nonne
1200 1548 1372 1613 participatio
1382 1551 1506 1616 corporis

281 1642 414 1693 Christus
428 1644 547 1706 potuerit
557 1653 745 1705 corpussuum
756 1653 809 1691 una
820 1653 882 1691 cum
917 1628 1023 1679 Domini
1037 1632 1099 1681 0⁵1?
1113 1650 1124 1675 ⁸
1136 1630 1148 1663 ¹
1159 1634 1414 1700 «Quotiescumque
1433 1636 1506 1689 enim
1558 1666 1560 1670 ,

286 1740 363 1791 pane
386 1726 467 1787 dare,
490 1726 539 1777 sed
565 1731 657 1777 utrum
680 1724 795 1777 dederit.
813 1725 883 1775 Nihil
917 1713 1334 1781 manducabitispanemhunc.
1373 1759 1379 1771 ·
1414 1716 1425 1772 ’.
1465 1762 1471 1773 .

282 1810 393 1864 divine
423 1808 609 1861 benedictioni
630 1809 885 1873 derogatunsiuu
918 1797 1505 1869 111111111111111111111111111111.

284 1896 404 1959 quando
423 1892 581 1959 aquaiacta
603 1892 883 1954 estvinumsdivinas
919 1922 925 1935 ·
963 1922 969 1934 ·
1007 1922 1014 1935 ·
1050 1886 1251 1939 rrobeiauiem
1270 1891 1505 1955 seipsumhom0‚

284 1980 480 2033 benedictioni
502 1979 663 2045 derogatum
685 1984 816 2031 nonest:
837 1978 881 2030 liei
917 1975 944 2021 oi
965 1970 1005 2023 oio
1022 1971 1057 2025 dc
1070 1985 1141 2037 pane
1160 1973 1207 2026 illo
1225 1975 1297 2027 edat.
1312 1976 1353 2021 »³
1375 1979 1507 2030 luverosi-

284 2066 393 2119 scilicet
411 2069 454 2117 est
472 2077 564 2117 rerum
585 2064 753 2117 substantias
765 2070 880 2117 mutare.
915 2056 981 2109 milo
1000 2063 1042 2110 osi
1064 2071 1127 2110 oum
1139 2073 1238 2126 panem
1256 2068 1312 2113 tam
1328 2076 1402 2128 saepe
1416 2065 1506 2116 nomi-

281 2150 458 2203 Sacramenti
474 2150 699 2206 haheturnatura
713 2166 719 2199 :
732 2163 793 2215 quaa
807 2150 880 2202 enim
914 2154 1015 2205 nasso,
1029 2144 1052 2195 oi
1067 2144 1145 2209 bouis
1161 2159 1335 2213 nequaquam
1351 2150 1471 2202 adesset.

283 2238 401 2285 manent
415 2231 522 2297 species
534 2232 605 2298 signi
620 2232 722 2285 habeut
735 2232 880 2295 rationem,
947 2226 1006 2279 255.
1024 2230 1104 2294 desp.
1116 2232 1203 2293 Quum
1222 2233 1302 2297 panis
1314 2234 1348 2285 ad
1358 2235 1506 2288 corbeien·
1565 2306 1569 2312 .

283 2316 482 2382 Christumque
503 2318 602 2369 animis
625 2318 734 2380 cibum,
756 2318 789 2370 iis
812 2325 880 2371 tam·
914 2312 977 2363 dam
996 2314 1192 2367 Eucharistiani
1210 2318 1387 2382 adhibeatur,
1406 2325 1433 2373 et
1450 2334 1505 2373 ma·
1533 2356 1537 2369 .

282 2404 439 2467 quamius
451 2402 749 2466 obiectumeiuiueni.
760 2404 881 2469 uerique
916 2404 979 2449 neat
991 2399 1050 2461 eius
1061 2400 1184 2467 species,
1197 2402 1296 2454 mirum
1314 2416 1370 2456 nen
1381 2410 1424 2457 est
1441 2418 1503 2457 eum

285 2486 443 2539 substantia
456 2488 580 2553 corporis
590 2494 617 2540 et
627 2488 769 2554 sauguinis
783 2490 881 2541 Christi
915 2484 1072 2546 1101111111ῑὶ.
1085 2486 1148 2537 lioot
1166 2487 1319 2539 substantio
1339 2490 1398 2555 olus
1411 2490 1503 2543 divina

286 2585 341 2625 111
355 2578 493 2636 mutatur,
506 2574 555 2625 sed
570 2577 649 2639 panis
667 2580 693 2626 et
709 2574 803 2627 vinum
815 2611 822 2635 ,
835 2574 881 2626 bei
915 2573 1051 2632 potestate
1072 2570 1100 2621 in
1118 2571 1216 2622 Christi
1236 2585 1337 2636 corpus
1356 2576 1502 2627 transierit.

284 2658 510 2723 omnipotentia,
532 2658 560 2709 in
585 2672 645 2711 eam
667 2665 881 2722 convertuntur,
916 2652 1050 2704 Cauiorum
1075 2656 1223 2719 Apostolus
1253 2670 1317 2708 cum
1337 2658 1362 2710 vi
1386 2659 1504 2723 quadam

285 2742 410 2796 mirabili
431 2756 543 2809 prorsus
560 2750 587 2796 et
610 2743 742 2810 singulari
761 2744 881 2808 ratione,
916 2750 980 2790 oum
990 2738 1122 2801 nominat,
1134 2746 1188 2793 uio
1201 2754 1285 2806 poue,
1298 2744 1422 2809 corporis
1433 2744 1504 2808 cibo,

284 2830 358 2882 adeo
370 2835 400 2882 ut
412 2829 501 2882 solum
513 2830 710 2896 adsint'corpus
723 2833 880 2898 atsanguis.
917 2824 1115 2891 distinguaturi
1126 2833 1154 2880 oi
1165 2841 1266 2894 oorpus
1280 2831 1386 2885 bomini
1402 2832 1504 2886 discer-

286 2914 358 2966 llihil
369 2914 499 2967 tribuitur
509 2915 662 2986 sacerdoti,
675 2915 727 2969 nisi
741 2917 825 2969 veluti
834 2918 881 2970 bei
916 2909 944 2960 ui
959 2913 1503 2984 11111111111111111111151101ρο15

286 3000 432 3064 ministro,
456 3001 483 3052 id
508 3001 629 3054 muneris
656 3002 815 3068 peragenti,
836 3004 880 3056 cui
913 2995 1006 3050 violati
1025 2998 1167 3052 declarans
1178 3013 1241 3053 eum
1254 3003 1300 3067 qul
1321 3003 1438 3068 depone
1458 3006 1504 3058 itio

285 3086 409 3139 divinam
427 3086 501 3138 illam
523 3089 734 3141 conversionem
757 3088 880 3140 Christus
915 3081 1194 3148 indiguooomooouii·
1208 3088 1503 3155 Froussiiuuuuuisilloi

286 3171 417 3238 alligavit.
433 3174 523 3236 «Nos,
540 3192 551 3216 1
567 3172 684 3224 dicimus
699 3171 796 3223 iterum
817 3185 881 3224 cum
915 3172 1051 3229 quatenus
1075 3170 1182 3235 species
1200 3171 1361 3238 franguntur
1382 3190 1388 3224 :
1411 3177 1502 3227 omnia

286 3255 500 3322 chrysostomo,
511 3274 527 3303 u
540 3256 728 3308 ministrorum
748 3256 881 3308 babemus
915 3250 990 3301 cuim
1003 3251 1096 3304 diuino
1110 3254 1226 3306 consilio
1238 3255 1274 3306 ita
1288 3257 1415 3308 sensibus
1429 3259 1503 3309 exhi·
1520 3321 1522 3324 Ι

286 3341 435 3394 ordinem:
455 3341 503 3404 qui
523 3352 586 3391 vero
613 3340 661 3390 itte
681 3337 833 3400 sanctificat
856 3343 882 3390 et
915 3332 1014 3384 bantur
1026 3337 1105 3398 quasi
1120 3337 1199 3400 panis
1211 3340 1503 3392 ruaneretsubstautia.

288 3425 536 3487 transmutantem
550 3428 598 3474 est.
613 3439 624 3469 >i
948 3417 1009 3470 256.
1031 3418 1090 3484 obj.
1112 3422 1137 3471 7.
1161 3423 1253 3474 Patres
1273 3434 1371 3476 omnes
1397 3425 1504 3490 spirita·

321 3510 382 3561 aaa.
403 3507 464 3572 otj.
482 3507 507 3557 5.
528 3506 626 3557 Christi
638 3506 878 3570 verbaverasunt,
915 3503 968 3556 lem
988 3509 1016 3556 et
1026 3505 1169 3571 mysticam
1189 3520 1250 3560 esse
1267 3509 1365 3562 Christi
1384 3523 1504 3586 praesen·

285 3593 396 3659 absque
411 3593 465 3643 ulla
486 3591 647 3643 substantiis
664 3591 825 3644 mutatione.
837 3591 881 3645 Sic
914 3590 979 3644 tiam
1006 3591 1033 3644 in
1053 3594 1220 3646 Eucharistia
1239 3596 1396 3661 declarant,
1409 3603 1436 3650 et
1456 3585 1520 3664 p'as

286 3678 311 3729 si
325 3683 459 3740 testator,
479 3677 657 3729 instrumenta
676 3683 703 3729 et
720 3677 879 3731 tituloshae·
914 3691 977 3731 neni
1000 3685 1028 3732 et
1047 3681 1140 3733 vinum
1160 3695 1306 3748 superesse
1327 3691 1389 3750 post
1406 3698 1503 3739 conse·

289 3762 346 3813 redi
366 3762 491 3824 traderis,
509 3761 581 3813 dicat
600 3777 606 3812 ι
624 3780 639 3810 u
657 3763 754 3828 Accipe
766 3763 878 3816 domum
912 3764 1071 3820 orationem.
1084 3768 1205 3821 tustinus
1226 3769 1292 3822 dicit
1308 3769 1336 3820 11
1349 3776 1421 3823 coetu
1440 3760 1520 3824 ode·'

288 3858 370 3910 quam
394 3847 442 3899 tibi
471 3847 553 3914 lego:
573 3868 585 3894 i
605 3861 687 3900 nemo
710 3849 808 3914 scripta
832 3850 877 3902 illa
912 3849 978 3919 lium
1001 3851 1059 3903 dari
1085 3853 1163 3916 panis
1176 3855 1270 3907 etvini
1289 3855 1461 3920 portionem,
1475 3864 1502 3909 et

288 3929 402 3983 domum
421 3931 507 3998 ipsam
526 3945 588 3984 esse
601 3933 681 3986 dicet.
697 3934 735 3986 lta
749 3935 874 3986 Cosinus.
911 3945 1021 3986 carnem
1053 3940 1081 3988 et
1113 3939 1275 4004 sanguinem
1302 3940 1338 3990 ali
1365 3941 1417 3992 hoc
1440 3926 1521 3994 cibo'

321 4015 380 4068 aab.
412 4017 490 4082 desp.
519 4019 604 4069 Nemo
626 4031 682 4070 nou
702 4018 776 4072 uidet
794 4033 876 4085 quam
910 4016 1027 4083 digesto.
1061 4086 1065 4090 ⁴
1516 4015 1520 4022 '

288 4096 369 4166 longe
396 4101 499 4154 distent
526 4101 683 4166 huiusmodi
710 4104 832 4168 exempla
861 4117 876 4155 a
943 4103 1277 4170 sardanapalicum
1304 4115 1332 4160 et
1359 4109 1500 4174 mysticam

291 4182 386 4238 Christi
405 4186 586 4256 institutione.
605 4185 709 4251 Scripta
726 4194 878 4241 noscuntur
911 4188 1010 4240 Christi
1024 4190 1196 4254 praesentiam
1208 4199 1296 4246 einos
1315 4194 1501 4260 agnoscimus,

290 4265 395 4326 titulum
416 4278 521 4323 tantum
540 4271 664 4336 praebere
676 4271 710 4322 ad
723 4285 781 4323 rem
793 4272 877 4337 possi·
911 4278 1048 4340 quatenus
1073 4287 1174 4340 corpus
1201 4283 1229 4330 et
1262 4279 1374 4345 sanguis
1402 4265 1518 4334 Christi

287 4349 421 4418 dandam,
434 4356 550 4420 proinde
560 4369 591 4408 ex
603 4369 656 4408 usu
670 4357 808 4410 communi
819 4370 876 4410 ver·
910 4358 1027 4410 naturali
1046 4373 1095 4412 sua
1112 4361 1270 4416 conditione
1290 4376 1345 4416 non
1364 4366 1444 4419 nobis
1457 4380 1500 4420 ex·

289 4433 384 4492 borum
395 4479 402 4504 ‚
415 4455 476 4507 quse
487 4442 580 4494 forsan
597 4442 751 4496 adhibuerit
764 4449 888 4496 testatori
910 4443 1041 4498 hibentur
1054 4461 1060 4496 ι
1075 4447 1183 4511 species
1202 4448 1275 4518 enim
1288 4453 1500 4506 sacramentales

289 4519 402 4590 aliquis,
427 4525 557 4578 delinitur
583 4539 691 4581 sensus.
720 4528 772 4581 sed
796 4531 875 4595 panis
914 4531 1498 4604 tantumridemus‚corpusetsanguinem

316 4761 344 4815 (1)
355 4765 444 4810 Conium
457 4768 503 4810 loco
512 4769 550 4810 eit.
923 4775 950 4828 (a)
963 4775 979 4816 l.
989 4775 1064 4818 Com.
1073 4781 1104 4818 to.
1121 4777 1147 4830 (a)
1159 4777 1231 4820 l.Cor.
1242 4778 1268 4818 11.
1278 4782 1311 4828 ie,
1319 4782 1353 4830 ai,
1365 4782 1398 4821 28.
