3792 5550
686 564 758 617 cur.
778 563 798 614 l.
818 564 860 615 uu
879 558 1105 611 sncllhllllltl'o.
1475 566 1509 619 αὖ

290 686 483 753 apostolicum
509 677 624 746 muuns',
648 679 723 745 qnod
746 677 886 743 Philippus
921 674 1120 727 eratomulbus
1133 678 1273 741 exploratu
1286 678 1404 743 spiritus
1424 680 1511 732 sancti

292 782 427 839 peragere
444 782 501 822 nou
516 768 637 827 ualebat3
661 776 717 830 qno
734 767 827 815 tamma
846 762 887 814 iu·
921 760 1039 826 gratiam
1064 760 1104 813 sic
1135 760 1214 825 dari,
1241 774 1357 827 eamque
1385 762 1512 817 fidelibus
1551 770 1553 775 '

289 856 429 923 digebant
447 854 563 917 fideles,
575 857 606 905 ut
622 850 723 917 Spiritu
739 853 835 902 sancto
847 861 889 901 ro·
922 845 1069 909 omnibus,
1079 844 1217 911 Baptismo
1232 846 1352 910 renatis,
1364 860 1426 899 esse
1438 860 1513 901 com-

292 939 600 1003 borarentnr,ejusque
613 941 780 1003 augerentur
796 933 887 987 donis.
921 929 1127 983 mnnieandam.
1147 930 1271 983 Christus
1295 930 1378 997 igitur
1400 932 1437 984 ita
1458 937 1513 985 sta·

293 1026 374 1078 Nulla
394 1025 446 1077 alia
469 1024 519 1076 luit
536 1023 605 1075 ratio
626 1035 675 1075 cnr
694 1020 816 1087 Apostoli
837 1019 889 1071 iter
922 1014 1009 1069 tuisse
1028 1016 1183 1069 censendus
1199 1023 1255 1078 est;
1270 1030 1321 1069 nec
1344 1016 1417 1069 euim
1443 1016 1513 1069 alins

294 1111 485 1178 susciperent,
499 1107 610 1160 utillud
626 1106 734 1160 obirent
755 1106 802 1171 qui
820 1104 889 1157 alias
923 1101 1070 1167 quisquam
1088 1102 1176 1167 potuit
1190 1106 1293 1154 tantam
1307 1101 1436 1155 virtutem
1449 1102 1513 1155 ritui

296 1209 349 1249 nec
368 1200 444 1247 tanta
463 1208 528 1247 cum
548 1192 652 1246 fiducia
678 1204 777 1244 manus
802 1190 890 1255 impo-
923 1186 1121 1239 alicuiiudcre.

296 1282 420 1331 suissent
448 1282 476 1330 et
502 1283 645 1340 orassent,
669 1275 753 1330 veluti
773 1274 890 1341 Spiritus
957 1273 1113 1340 &insigne
1130 1272 1213 1325 etiarn
1223 1274 1378 1338 exemplum
1389 1272 1443 1324 alio
1452 1272 1513 1325 loco

296 1362 387 1416 sancti
409 1362 481 1416 dona
494 1374 528 1415 eo
547 1361 599 1414 ritn
620 1366 696 1414 certo
709 1359 889 1427 impetraturi.
922 1358 1048 1412 relcrtur.
1073 1360 1173 1411 Paulus
1194 1372 1257 1411 cum
1273 1360 1411 1424 Ephesum
1425 1358 1515 1413 venis·

298 1447 377 1512 Quod
394 1452 486 1499 antem
504 1459 555 1499 suo
573 1446 655 1501 veluti
668 1444 796 1507 arbitrio,
815 1444 890 1497 nulla
924 1449 983 1508 set,
994 1442 1251 1510 quosdaminvenit
1263 1444 1413 1510 discipulos
1426 1458 1433 1495 ι
1446 1462 1463 1491 u
1474 1443 1515 1495 di·

298 1530 556 1598 acceptaachristo
570 1530 685 1583 homino
700 1530 851 1594 potestate,
864 1533 892 1581 et
925 1529 1020 1594 xitque
1036 1529 1070 1581 ad
1091 1542 1139 1583 eos
1162 1544 1168 1580 :
1193 1529 1221 1581 Si
1239 1529 1369 1595 Spiritum
1391 1533 1515 1581 sanctum

295 1616 438 1683 jussione,
455 1615 484 1667 id
501 1615 554 1667 sibi
571 1614 781 1680 proposuerint,
795 1617 824 1665 ut
835 1626 893 1664 ma·
926 1614 1071 1680 accepistis
1093 1614 1255 1668 credentes?
1266 1614 1300 1661 »²
1318 1614 1414 1679 Liquet
1435 1612 1518 1679 igitur

299 1714 386 1755 nuum
396 1699 572 1765 impositione
583 1712 645 1751 curn
657 1711 738 1763 preco
748 1699 892 1761 conjuncta
926 1698 1055 1751 fidelibus
1075 1698 1204 1752 omnibus
1225 1698 1289 1751 illud
1312 1700 1434 1751 muneris
1457 1698 1516 1751 llari

297 1786 433 1852 Spiritum
456 1789 582 1837 sanctum
610 1783 739 1835 fidelibus
766 1782 894 1847 impetra·
927 1784 1120 1848 consuevisse,
1133 1790 1160 1837 et
1172 1787 1331 1851 Apostolum
1347 1785 1519 1837 maximeso-

298 1875 383 1933 rent,
411 1880 494 1921 nemo
518 1868 618 1933 poterit
644 1868 764 1933 cogitare
789 1867 895 1932 absque
928 1868 1034 1922 licitum
1057 1868 1162 1932 fuisse,
1186 1883 1221 1921 nc
1248 1870 1310 1935 quis
1335 1882 1369 1923 eo
1402 1874 1516 1921 careret.

300 1953 380 2021 gravi
396 1951 520 2018 ipsorum
534 1952 642 2019 injuria.
658 1955 695 2004 lte
705 1952 791 2018 gratia
809 1950 894 2005 divini
929 1953 1074 2017 Quomodo
1098 1960 1190 2005 autern
1212 1954 1450 2020 daretur,postea
1472 1954 1521 2007 de·

300 2038 377 2091 illius
391 2036 526 2102 Spiritus,
540 2050 595 2102 qua
608 2036 734 2089 homines
753 2036 894 2089 christiani
928 2040 1065 2092 claretur:
1079 2043 1226 2105 postquam
1239 2039 1343 2093 scilicet
1352 2039 1519 2105 baptismum

297 2122 417 2191 justitiae
434 2127 462 2175 et
479 2122 631 2175 sanctitatis
651 2121 801 2189 majoribus
814 2121 895 2175 donis
928 2122 1027 2176 christi
1040 2124 1152 2176 nominc
1161 2130 1348 2191 susceperant,
1357 2130 1436 2178 antea
1446 2124 1520 2177 enim

303 2214 458 2275 augentur,
483 2220 517 2260 eo
537 2206 590 2260 loci
616 2206 659 2273 agi
677 2211 805 2269 constat3
830 2220 895 2259 nam
928 2210 1040 2263 nonnisi
1059 2212 1174 2266 loannis
1197 2212 1335 2279 baptismo
1358 2212 1443 2265 abluti
1466 2212 1521 2266 fue·

302 2294 426 2347 charitas
444 2292 581 2358 imprimis
603 2291 631 2343 in
644 2291 775 2344 cordibus
792 2290 896 2345 nostris
929 2300 1006 2359 rant,
1031 2314 1047 2344 n
1066 2309 1130 2349 curn
1153 2296 1331 2363 imposuisset
1346 2297 1400 2349 illis
1421 2310 1520 2349 manus

302 2378 470 2433 diffunditur
486 2391 536 2444 per
557 2377 686 2443 Spiritum
704 2382 841 2441 sanctum,
852 2390 897 2429 cu·
929 2380 1048 2445 Paulus,
1067 2381 1143 2435 uenit
1160 2381 1276 2447 Spiritus
1304 2388 1416 2435 sanctus
1438 2396 1520 2449 snper

301 2467 350 2532 jus
367 2464 500 2530 templum
516 2462 669 2515 efficiuntur
684 2461 712 2514 iu
733 2462 834 2528 quibus
852 2462 898 2513 ha·
930 2477 995 2528 eos,
1010 2471 1037 2518 et
1049 2466 1232 2532 loquebantur
1242 2468 1357 2533 linguis,
1371 2469 1522 2533 etprophe·

304 2550 383 2607 bitat.
396 2549 492 2603 heneti
508 2547 619 2614 quidem
636 2552 714 2599 eraut
735 2546 829 2599 fideles
857 2546 898 2598 illi
931 2549 1036 2602 tabant.
1050 2567 1066 2598 n
1078 2549 1089 2583 ὅ
1100 2552 1226 2602 nanuum
1243 2551 1325 2617 igitur
1345 2552 1522 2617 impositione

305 2634 447 2701 Baptismo
467 2648 500 2688 eu
519 2646 590 2699 aqua
613 2638 641 2685 et
662 2632 764 2699 Spiritu
785 2638 897 2696 sancto,
932 2636 1050 2688 dabatur
1082 2635 1198 2702 Spiritus
1224 2618 1355 2701 sauctus,
1373 2650 1425 2689 nec
1453 2636 1522 2690 forte

302 2720 360 2774 scd
376 2719 499 2774 nondum
509 2719 537 2771 in
549 2711 716 2785 quemquam
728 2717 838 2769 illorum
851 2728 899 2769 ve·
931 2720 1051 2784 lortuua,
1063 2721 1113 2774 sed
1121 2726 1197 2777 certo
1207 2722 1246 2775 rei
1255 2720 1368 2776 ellectu:
1382 2734 1445 2775 nam
1459 2721 1522 2776 ideo

305 2813 406 2871 uerat,
430 2807 604 2874 praesentiam
632 2819 711 2858 suam
737 2803 899 2857 muneribus
933 2819 996 2859 eum
1019 2807 1125 2874 peregit
1143 2808 1226 2861 ritum
1244 2809 1360 2872 Paulus,
1383 2815 1522 2874 tamquam

304 2893 491 2959 amplioribus
516 2897 544 2946 et
560 2891 642 2946 donis
664 2889 897 2944 manifestaturus.
931 2891 1061 2946 effectum
1074 2893 1226 2968 indubitata
1238 2893 1337 2947 liducia
1349 2901 1521 2960 exspectans.

340 2981 367 3030 5.
385 2979 523 3032 Habentur
539 2991 573 3031 eo
594 2977 648 3030 loci
663 2976 756 3030 omnia
777 2987 839 3042 quac
863 2973 898 3045 ad
932 2973 1018 3044 Quod
1031 2985 1122 3032 autem
1142 2979 1296 3047 linguarum
1318 2981 1392 3033 douo
1414 2985 1441 3033 et
1458 2993 1524 3046 pro-

299 3067 477 3118 :Sacramenti
489 3064 638 3118 essentiam
655 3062 847 3128 requiruntur;
857 3063 900 3112 θδῐ
932 3066 1024 3132 phetia
1037 3067 1152 3132 Spiritus
1163 3067 1248 3120 sancti
1258 3067 1404 3134 praeseutia
1415 3067 1522 3119 adstan-

234 3189 242 3198 .
299 3149 384 3202 »euim
401 3150 469 3202 ritus
486 3155 629 3211 extemns,
648 3160 778 3199 manuum
795 3145 901 3198 scilicet
932 3150 1007 3203 tibus
1030 3149 1099 3202 lacta
1121 3152 1157 3203 sit
1175 3151 1334 3216 manifesta,
1350 3152 1464 3217 contigit
1473 3152 1524 3204 be-

302 3233 451 3300 impositio
464 3246 527 3286 eum
537 3231 661 3285 oratione
673 3245 680 3280 :
692 3229 779 3294 gratia
785 3228 900 3294 Spiritus
933 3234 1099 3300 niguissimo
1112 3236 1159 3287 liei
1172 3236 1309 3299 consilio,
1330 3239 1359 3286 ut
1378 3235 1447 3286 ritus
1460 3233 1524 3287 effc-

300 3320 400 3374 sancti
417 3332 452 3373 eo
469 3317 627 3372 confertur:
644 3314 691 3378 qui
709 3311 823 3365 effectus
838 3312 902 3364 ritui
933 3322 995 3369 ctus
1014 3317 1172 3378 interiores,
1183 3317 1260 3370 inrei
1279 3317 1434 3370 christianae
1447 3330 1526 3370 exor-

301 3405 350 3458 u‘lli
363 3417 421 3458 uon
432 3403 522 3469 potuit
532 3401 592 3453 sola
603 3396 902 3464 apostolorumvolun·
935 3400 988 3452 diis
999 3438 1006 3465 ,
1019 3400 1239 3464 innotescerent,
1249 3401 1369 3455 externis
1378 3402 1432 3454 illis
1445 3402 1538 3456 donis·

300 3486 499 3553 ,tatealligari3
516 3484 669 3550 alligatum
698 3487 791 3535 tamen
816 3481 902 3534 luisse
935 3485 1117 3552 comprobati.
1135 3487 1251 3553 Spiritus
1269 3493 1381 3542 sanctus
1391 3488 1472 3542 datus
1484 3494 1526 3542 est
1578 3513 1580 3516 ·

298 3579 438 3637 constat,
451 3579 509 3625 tum
519 3584 554 3624 cx
566 3575 639 3625 certa
650 3568 751 3622 fiducia
770 3580 824 3634 qua
837 3580 899 3620 eum
934 3571 1070 3638 imprimis
1080 3573 1176 3638 procul
1194 3574 1278 3629 dnbio
1291 3576 1326 3627 ad
1337 3574 1455 3627 animaru
1471 3576 1526 3630 lieo

303 3663 476 3728 peregerunt
491 3656 615 3724 Apostoli
626 3693 634 3720 ‚
647 3662 677 3708 ut
695 3653 825 3721 Spiritum
840 3667 901 3706 sau·
935 3657 1085 3725 gratiorem
1109 3659 1299 3724 reddendam,
1326 3665 1353 3713 et
1378 3659 1526 3713 firmiorem

300 3751 385 3801 ctum
397 3743 523 3797 fidelibus
533 3740 785 3803 communicarent,
798 3745 857 3793 tum
869 3753 902 3792 cx
935 3750 1032 3798 contra
1049 3745 1182 3800 daemonis
1198 3749 1335 3813 impetus,
1346 3746 1395 3799 sed
1417 3747 1527 3798 adstan.

307 3833 428 3896 itiuere,
451 3845 484 3886 eo
505 3831 639 3894 consilio,
665 3832 812 3894 suscepto,
835 3831 904 3893 hpo·
934 3829 1009 3882 tibus
1025 3829 1158 3895 innotuit,
1172 3831 1249 3884 miris
1267 3831 1528 3897 quaeomnibuspa-

311 3919 393 3974 stolis
410 3918 554 3981 omuibus,
568 3917 615 3983 qui
627 3914 825 3980 Hierosolymis
837 3919 903 3966 tunc
936 3920 1047 3968 tuoruut
1059 3916 1173 3970 donis*
1197 3920 1250 3971 lies
1269 3918 1324 3970 illae
1342 3921 1427 3983 gestae
1448 3917 1528 3981 plane

308 4005 384 4061 torte
407 4006 537 4071 aderant,
552 4004 719 4058 auctoribus.
734 4001 743 4034 ¹
757 4000 842 4067 lgitur
857 4013 903 4052 res
936 3999 1071 4054 denotant
1103 4017 1226 4066 munus,
1256 4003 1331 4069 qnod
1364 4006 1529 4068 peregerunt

342 4285 388 4338 (sla
397 4283 458 4325 licet
467 4284 528 4325 ideis
537 4283 560 4324 iu
573 4281 650 4323 itinere
667 4277 805 4332 concipiendo
822 4277 908 4319 aemilii
942 4288 967 4324 ut
976 4282 1087 4336 llaptisma
1097 4289 1117 4324 et
1127 4283 1284 4325 institutionem
1292 4288 1419 4336 sequeretur
1427 4282 1529 4325 solemnio

315 4354 387 4397 mm
404 4353 483 4394 ‘nm
495 4363 539 4393 '¹⁰¹¹
554 4351 691 4398 ‘mmm’
707 4347 801 4400 ’ΨΜ
819 4353 909 4396 ”mna
946 4370 1051 4399 manuum
1060 4355 1178 4410 impositio.
1189 4356 1235 4396 vid.
1251 4344 1305 4396 llc'b.
1314 4355 1342 4397 vi.
1351 4361 1371 4396 ι.
1381 4355 1531 4397 Roseum'dllar

307 4424 461 4476 menpost
477 4423 592 4463 adveutum
606 4419 679 4461 statim
697 4429 773 4471 preces
791 4418 834 4458 lieo
849 4417 910 4457 adhi-
945 4410 968 4450 in
976 4410 1018 4450 10⁰·

316 4490 542 4544 &nomisma-itus
556 4489 693 4530 unctidona
706 4485 826 4539 impertiret
833 4485 909 4536 Sama·
968 4479 997 4531 (ι)
1007 4481 1053 4520 Act.
1062 4478 1103 4518 xix.
1113 4480 1132 4518 t.
1142 4477 1168 4530 (d)
1178 4476 1259 4518 Ibidem
1269 4483 1289 4517 o.

318 4561 376 4604 ritis.
391 4561 447 4601 Tun
467 4560 494 4601 ad
509 4558 627 4600 transitum
640 4557 663 4598 iu
678 4561 758 4597 cotun
774 4554 908 4596 Christiano-
969 4548 996 4602 (tl
1013 4550 1037 4589 lu
1053 4549 1139 4600 dialogo
1160 4559 1225 4600 quem
1246 4546 1377 4588 Oxonlenteo
1398 4545 1529 4595 ediderunt,

316 4643 369 4674 run
381 4642 424 4671 nou
433 4631 504 4672 solnm
517 4629 628 4682 baptisma
644 4627 810 4679 requirebatur,
819 4625 857 4665 sed
865 4624 910 4676 (ob-
946 4620 1049 4672 colloquii
1057 4621 1126 4662 instar
1134 4619 1300 4660 interloannom
1313 4617 1382 4658 Erant
1390 4621 1412 4656 ct
1418 4615 1532 4654 doctorem

313 4706 419 4744 terrama
427 4699 558 4741 Eichhornio
567 4699 590 4738 iu
600 4699 656 4749 Allg.
666 4697 721 4738 bibl.
731 4698 757 4737 Τ.
767 4695 799 4736 iii.
806 4706 829 4748 p.
838 4699 875 4735 ιιι
888 4698 910 4734 οι
946 4693 1094 4745 spencerum,
1110 4685 1230 4742 paroch'nm
1247 4697 1324 4736 tuum,
1341 4690 1366 4726 ut
1391 4683 1481 4732 dicunt,
1498 4691 1532 4720 ros

312 4771 373 4824 seq.)
385 4769 483 4823 Apostoli
492 4768 591 4820 remim
608 4767 640 4809 sic
651 4766 773 4808 instituisso
793 4763 909 4811 videntur,
944 4759 1036 4802 feliciter
1043 4758 1161 4800 exhibetur·
1171 4755 1212 4798 llic
1226 4755 1269 4796 ait:
1279 4769 1288 4792 ι
1300 4754 1367 4794 When
1383 4753 1420 4792 tho
1436 4748 1534 4791 doctrino
