3792 5550
597 607 667 658 CAP.
686 605 753 658 lllll.
773 604 815 656 hh
833 600 1036 656 stephanum
1054 597 1204 653 historin.
1458 605 1503 656 lll

326 722 386 774 884.
404 719 484 786 Rern.
495 719 599 774 lndicia
614 721 705 774 cultus
723 719 797 774 varia
809 718 882 774 exhi·
916 715 945 768 in
962 716 1122 782 Apocalypsi
1134 717 1230 784 augeli
1241 721 1269 772 et
1280 717 1510 799 seniorcsdicunt

295 807 409 871 hentur,
431 818 482 872 pro
500 811 654 872 temporum
668 805 798 860 vadente
811 842 819 869 ,
834 803 881 858 sed
914 801 1136 855 benedictionem
1160 801 1268 856 sedenti
1297 802 1326 856 in
1356 805 1456 858 throno
1482 812 1510 858 08

294 892 415 946 adoratio
428 890 530 944 Christi
541 890 569 944 in
586 891 755 944 Euchariston
774 902 883 955 semper
915 888 1002 952 hgno.
1018 885 1026 920 ¹
1041 888 1180 942 benedicit
1201 888 1283 942 etiam
1306 890 1437 943 sacerdos
1459 903 1509 957 po

294 976 384 1044 viguit,
392 976 431 1050 uti
442 977 528 1043 liqrrct
537 989 570 1030 ex
578 976 696 1030 laudatis
705 975 881 1030 testimoniis.
915 972 1000 1038 pulo,
1019 974 1091 1028 elato
1113 973 1140 1026 in
1165 976 1278 1029 modum
1300 975 1390 1030 crucis
1414 978 1509 1030 Sacra·
1593 1030 1595 1033 .

294 1063 439 1116 occasione
460 1063 601 1116 haereseos
624 1061 739 1128 contigit
754 1067 784 1114 ut
804 1061 882 1127 plura
914 1063 1032 1124 mento,
1063 1060 1147 1114 nullis
1180 1067 1272 1115 autem
1300 1061 1415 1135 prolatis
1448 1075 1507 1116 ucr-

293 1147 421 1200 darentur
439 1147 503 1200 lidei
523 1146 627 1200 dehoc
650 1146 780 1213 mysterio
801 1159 882 1214 argu·
915 1141 968 1196 bis.

293 1238 382 1287 menta
396 1271 402 1296 ,
416 1233 495 1296 sicut
508 1238 535 1286 et
544 1231 673 1287 diuinitas
685 1231 784 1286 christi
795 1231 882 1299 magis

292 1319 407 1382 claruit,
425 1318 487 1372 Ario
511 1331 570 1371 cam
584 1317 771 1385 impugnante.
791 1317 883 1370 orien-
1115 1315 1224 1368 CAPUT
1242 1317 1309 1368 lllll.

292 1402 384 1458 talium
404 1403 478 1469 quod
503 1407 607 1468 spectat
628 1415 737 1467 mores,
751 1415 765 1455 a
778 1403 881 1456 nostris

292 1488 402 1555 quidem
411 1489 558 1554 plurimum
570 1487 743 1554 discrepant,
757 1487 881 1552 quamvis
1038 1499 1071 1540 ur
1088 1499 1246 1541 stamnum
1261 1501 1380 1542 aurona.

292 1578 318 1626 et
334 1573 362 1626 hi
374 1573 518 1628 nobiscum
539 1573 652 1626 credant
664 1584 765 1638 corpus
778 1578 806 1626 et
819 1586 882 1626 san-

292 1657 402 1724 guinem
423 1657 523 1712 Christi
542 1657 655 1722 adesse,
668 1663 695 1710 et
707 1671 740 1710 ea
753 1669 881 1723 supremo
947 1660 1007 1712 888.
1022 1662 1059 1712 lix
1075 1660 1118 1713 his
1133 1674 1196 1726 quae
1212 1662 1283 1717 adeo
1295 1663 1358 1718 tuse
1372 1663 1508 1720 dissemi·

291 1743 381 1796 colant
399 1742 554 1811 obsequio,
575 1743 653 1808 cujus
673 1742 838 1796 documenta
854 1743 883 1795 in
915 1756 978 1796 rhus
988 1743 1075 1809 liquet
1088 1747 1285 1800 Eucharistiam
1297 1750 1391 1803 omnia
1408 1751 1509 1806 habere

290 1828 420 1895 liturgiis
434 1827 553 1892 plurima
566 1825 717 1880 attulimus.
915 1841 978 1894 quae
987 1841 1065 1882 novae
1077 1831 1157 1896 begis
1167 1833 1339 1888 constituunt
1350 1838 1507 1891 Sacramen-

320 1917 382 1967 588.
403 1913 463 1978 otj.
481 1915 507 1965 8.
525 1911 654 1966 tuentio
667 1913 775 1968 Christo
787 1913 814 1967 in
828 1917 883 1968 88-
918 1918 998 1966 tum:
1013 1919 1055 1966 est
1071 1914 1145 1966 enim
1157 1915 1226 1969 ritus
1234 1924 1364 1972 externus
1375 1933 1391 1972 a
1401 1921 1507 1975 Christo

288 2000 419 2054 charistia
448 1998 570 2066 praestita
598 1999 770 2054 adversatur·
786 2001 882 2054 Sacra·
915 1997 1072 2063 institutus,
1086 1998 1173 2065 ipsum
1193 2001 1289 2068 gratiae
1304 2007 1331 2055 et
1348 2004 1444 2058 salutis
1462 2019 1509 2059 au·

288 2085 374 2140 menti
401 2085 594 2140 institutioni:
619 2099 683 2138 nam
709 2089 833 2152 corporis
854 2092 882 2140 et
913 2089 1020 2138 ctorem
1031 2085 1192 2151 continens,
1209 2101 1292 2153 quern
1304 2089 1351 2154 qui
1364 2089 1447 2157 digne
1467 2105 1508 2146 re·

289 2170 430 2238 sanguinis
444 2171 568 2238 symbola
579 2171 656 2224 dedit
668 2171 879 2236 Christus,non
913 2171 1035 2237 cipiunt,
1052 2171 1152 2240 pignus
1182 2175 1285 2228 habent
1316 2177 1501 2230 certissimum

289 2257 331 2310 sui
343 2295 351 2322 ,
364 2262 392 2311 et
409 2256 569 2324 diuinitatis.
912 2257 976 2312 vitae
988 2263 1115 2322 aetcrnae,
1128 2265 1155 2312 08
1166 2261 1387 2329 coelestlbusjam
1398 2263 1506 2318 donan-

319 2345 380 2396 886.
399 2343 479 2408 licen.
504 2345 592 2406 Quum
616 2342 739 2398 christus
753 2343 826 2398 dicat
848 2356 879 2397 se
912 2347 958 2395 tur
970 2343 1141 2397 muneribus.
1160 2347 1223 2399 llaec
1241 2359 1275 2399 err
1292 2347 1328 2400 iis
1344 2361 1408 2414 quae
1425 2352 1507 2404 loan-

288 2428 354 2482 dare
371 2440 472 2495 corpus
491 2433 519 2482 et
539 2429 701 2496 sanguinem
721 2443 817 2494 suum,
836 2443 879 2484 se·
913 2439 963 2480 nes
977 2429 1086 2482 referta
1105 2428 1212 2483 Christo
1223 2430 1297 2484 dicta
1318 2439 1465 2499 constant,
1479 2444 1506 2489 ct

288 2514 382 2579 quitur
401 2515 564 2570 necessario¹
579 2528 643 2568 enm
664 2520 752 2568 toturn
764 2515 877 2569 adesse:
913 2527 947 2567 ex
965 2515 1025 2581 ipsa
1045 2517 1222 2570 Eucharistiae
1239 2524 1352 2584 natura,
1379 2527 1409 2574 ut
1427 2522 1509 2576 silea·

287 2612 351 2652 narn
367 2601 488 2652 humana
505 2601 564 2666 eius
574 2605 674 2652 natura
683 2599 783 2653 divinae
793 2599 881 2654 iadis-
914 2611 977 2653 mus
993 2601 1030 2654 de
1047 2606 1089 2655 tot
1110 2602 1265 2656 traditionis
1287 2605 1390 2660 divinas
1408 2619 1507 2660 monu-

286 2683 400 2738 solubili
413 2697 484 2736 nexu
495 2687 640 2750 coniuncta
658 2690 701 2738 est
712 2685 881 2752 hypostatica
914 2685 1019 2740 mentis
1039 2686 1068 2739 in
1087 2689 1191 2754 quihus
1209 2691 1415 2746 sacramentum
1431 2705 1509 2747 voca·

286 2770 404 2824 unione.
421 2769 507 2837 igitur
526 2769 651 2825 adoratio
669 2771 787 2826 debetur
799 2771 839 2839 ei,
851 2772 880 2827 in
913 2776 969 2836 tur,
982 2777 1010 2826 08
1022 2774 1134 2840 quidem
1146 2776 1316 2845 novaelegis
1328 2779 1506 2847 proecipuum.

287 2859 467 2933 sacramento
479 2870 542 2911 vero
557 2858 695 2925 praesenti.
913 2860 968 2912 ltee
988 2864 1086 2913 nabun
1109 2860 1278 2915 sacramenti
1307 2863 1412 2917 tollitur
1434 2869 1507 2918 tran·

450 2942 716 2997 Anintcrtuersa'oacs.
911 2944 1162 2999 substantiatione:
1177 2952 1290 3001 manent
1301 2947 1375 3001 enim
1387 2951 1505 3015 species,

320 3030 380 3081 887.
390 3030 491 3081 Praeter
503 3030 654 3083 solemnem
666 3030 878 3087 celebrationem
911 3044 974 3097 quae
988 3031 1058 3099 signi
1076 3034 1178 3087 habent
1194 3034 1348 3101 rationem,
1366 3036 1504 3091 christum

288 3114 470 3168 institutionis
487 3116 658 3169 sanctissimi
682 3118 763 3184 hujus
784 3121 879 3173 Sacra·
912 3117 1013 3171 animae
1024 3119 1116 3172 cibum
1128 3119 1292 3174 indicantes.

288 3200 372 3253 menti
385 3214 447 3267 quae
461 3200 527 3253 toria
541 3203 637 3267 quinta
652 3203 759 3269 llajoris
772 3204 878 3257 llebdo·
944 3204 1005 3254 cbo.
1014 3205 1129 3257 Motene
1144 3218 1177 3257 08
1190 3220 1245 3271 qua
1265 3206 1432 3260 llucharistia
1441 3220 1507 3261 con·

288 3285 377 3339 madae
398 3285 446 3347 iit,
461 3284 615 3337 institutum
632 3290 675 3339 ost
692 3286 792 3339 festum
802 3288 879 3351 quod
912 3285 1003 3339 licitur
1018 3288 1097 3353 panis
1118 3297 1161 3341 cst
1177 3297 1205 3343 08
1221 3290 1324 3345 uiuum.
1337 3294 1422 3343 lirant
1437 3294 1513 3355 olim,

286 3370 389 3424 dicitur
401 3370 504 3436 corpus
516 3368 646 3431 bomini,
659 3382 732 3423 anno
744 3370 827 3432 8888,
845 3370 879 3423 ab
913 3370 1034 3423 haeretici
1049 3371 1210 3438 Artotpritoe
1226 3373 1307 3436 dicti,
1319 3374 1366 3439 qui
1386 3387 1457 3440 panc
1475 3384 1503 3429 et

285 3453 881 3521 88088ορ8008080100880,8808·88888·
913 3468 995 3510 caseo
1022 3456 1051 3509 in
1081 3470 1114 3510 ea
1139 3456 1312 3513 conficienda
1335 3458 1503 3526 utebantur,

286 3552 396 3595 versam
411 3538 561 3593 Ecclesiam
581 3550 654 3593 anno
677 3539 743 3593 litia
758 3540 880 3595 extendit
912 3542 1017 3611 primos
1027 3543 1163 3609 homines,
1177 3544 1223 3611 qui
1235 3544 1270 3599 80
1281 3544 1415 3599 fructibus
1425 3551 1505 3601 terrae

287 3625 415 3679 llrhanus
436 3624 477 3677 lv.
496 3626 557 3678 lton
573 3628 678 3679 tanturn
697 3625 725 3677 iu
746 3626 877 3693 templis,
911 3629 1041 3684 etouium
1060 3628 1228 3694 offerebant,
1241 3630 1347 3685 imitati.
1359 3632 1371 3666 ¹
1384 3633 1505 3688 Gnostici

287 3711 336 3765 sed
358 3716 387 3763 ct
405 3722 454 3776 per
472 3709 548 3764 uicos
566 3710 683 3764 solemni
702 3724 801 3779 pompa
824 3711 878 3765 cir·
911 3716 1080 3771 horrendum
1088 3717 1195 3773 lacinus
1207 3723 1317 3786 patrare
1325 3720 1504 3775 consuevisse

286 3795 488 3853 cumierehatur
499 3796 588 3851 hostia
601 3810 694 3862 sacra,
706 3802 736 3851 nt
752 3798 878 3864 publicus
910 3801 1062 3857 dicuutur:
1082 3804 1291 3858 contundebant
1308 3806 1413 3860 scilicet
1427 3806 1505 3861 abor·

288 3884 377 3937 honor
389 3883 496 3937 Christo
509 3884 694 3948 tribueretur,
719 3886 791 3939 sicut
811 3887 877 3939 olim
911 3887 999 3942 tivum
1025 3890 1156 3943 infantem
1181 3890 1209 3943 in
1229 3891 1360 3944 mortario
1383 3890 1504 3956 pistillo,

289 3968 448 4023 solemniter
458 3970 584 4023 arcalata
597 3976 648 4023 est.
659 3971 877 4037 supplicationes
911 3972 992 4039 eique
1010 3975 1064 4027 mel
1077 3980 1105 4027 et
1124 3975 1203 4040 piper
1217 3988 1280 4027 cnm
1296 3974 1465 4029 aromatibus
1477 3982 1504 4028 et

289 4054 343 4108 illm
356 4055 447 4110 adhuc
463 4056 534 4109 flunt
553 4056 581 4109 in
597 4056 756 4123 regionibus
777 4058 876 4111 catho-
909 4058 1059 4122 unguentis
1078 4058 1288 4113 admiscebant:
1303 4065 1361 4112 tum
1379 4060 1406 4111 in
1418 4072 1503 4112 unum

288 4139 357 4194 licis.
851 4186 857 4199 ,
909 4142 1038 4205 collecti,
1057 4156 1073 4196 0
1089 4136 1262 4198 'comminuto
1282 4144 1446 4211 corpusculo
1463 4144 1505 4197 in·

320 4229 379 4280 888.
407 4224 560 4282 Berredz‘ctto
589 4227 759 4282 sanctissimi
783 4229 877 4282 Sacra·
909 4227 1005 4279 tantuli
1031 4228 1117 4295 digito
1159 4228 1334 4294 delibabant,
1354 4228 1503 4296 perlectum

290 4312 375 4366 menti
392 4313 446 4366 dici
459 4314 529 4368 solct
543 4313 611 4367 ritus
621 4313 712 4365 minus
727 4311 876 4377 solemnis,
912 4313 1013 4365 Pascha
1035 4312 1062 4365 id
1079 4314 1259 4380 appellantes.
1276 4313 1287 4347 ⁸
1302 4317 1339 4369 he
1358 4316 1504 4383 cataphry-

288 4408 343 4461 quo
365 4398 488 4451 Christus
509 4400 538 4450 in
558 4389 734 4451 ¹sacramento
757 4396 875 4461 colitur,
910 4400 991 4466 gibus
1003 4400 1086 4453 refert
1102 4400 1271 4468 Augustinus
1284 4416 1291 4453 :
1306 4405 1503 4457 «sacramenta

288 4480 465 4538 bencdictione
484 4484 508 4539 ei
526 4486 649 4552 prolata,
668 4498 701 4540 eo
722 4497 806 4539 sensu
820 4494 876 4551 quo
910 4483 1089 4550 perhibentur
1105 4485 1208 4539 habere
1230 4484 1336 4542 funesta
1353 4502 1361 4540 t
1381 4501 1444 4542 nam
1468 4490 1503 4542 80

315 4724 344 4776 (l)
358 4726 403 4767 Act.
419 4738 439 4768 v.
453 4732 485 4769 ic.

316 4796 345 4847 88]
355 4795 459 4849 Epiphan.
469 4798 520 4839 hur.
531 4797 580 4839 xlix.
589 4800 645 4851 hug.
658 4798 672 4839 l.
682 4799 708 4841 de
716 4800 768 4843 her.
780 4812 799 4842 e.
810 4800 883 4850 uelli.
936 4752 963 4805 (ὅ)
982 4750 1059 4804 Ep'ph‘
1070 4751 1123 4793 Μ’
1136 4763 1190 4793 ¹¹'¹’
