3792 5550
367 555 417 610 ata
725 549 840 602 Tasci.
859 546 924 598 xlv,
942 545 986 598 DE
1004 545 1227 598 conuitellum.
1447 541 1460 566 ²

492 667 658 732 objectiones
678 667 832 718 solventur.
994 661 1038 728 pia
1051 661 1096 714 illa
1108 659 1271 714 certissima.
1285 660 1322 712 lis
1331 662 1448 728 gratuita
1461 669 1586 728 peccato·

403 756 464 808 adl.
480 753 540 820 otj.
555 756 578 805 l.
596 773 609 798 α
622 755 651 804 ln
664 753 736 805 banc
747 761 883 803 summam
893 746 962 800 reci·
994 761 1056 800 rum
1077 747 1204 799 remissio
1221 746 1376 799 nullatenus
1410 749 1587 802 adversatur:

371 842 441 894 dunt
456 840 565 901 omnia,
578 851 630 890 nos
642 836 776 902 quidemn
786 834 833 886 liei
842 835 962 886 elemen-
995 846 1061 886 nam
1081 833 1167 900 protis
1190 833 1369 885 remittuntur
1380 833 1492 900 delicta,
1505 850 1589 902 quum

371 929 409 982 tia
431 928 592 980 delictorum
617 924 721 978 veniam
734 924 895 988 impetrare,
912 920 963 973 sed
995 918 1063 970 nihil
1082 918 1160 984 quod
1174 918 1277 970 nostris
1297 917 1401 971 viribus
1419 921 1483 984 flat,
1496 922 1589 975 ullate-

372 1013 559 1066 intcrcedente
591 1010 689 1062 merito
708 1021 839 1075 operum,
863 1006 964 1073 quibus
997 1018 1054 1058 nus
1079 1005 1169 1058 valeat
1193 1004 1384 1058 remissionem
1406 1007 1517 1058 mereri.
1548 1009 1593 1060 Est

370 1104 546 1164 peccalorum
573 1109 644 1149 noxa
668 1100 878 1159 compensetur,
907 1104 964 1156 ouo
997 1103 1073 1143 mera
1083 1097 1110 1143 et
1126 1103 1233 1143 summa
1246 1090 1293 1143 liei
1306 1090 1473 1156 liberalitas,
1496 1093 1589 1158 quod,

372 1182 465 1235 debita
475 1181 588 1248 justitiae
606 1180 653 1232 liei
665 1178 813 1232 satisfactio
825 1177 965 1244 persolva·
998 1176 1074 1228 nullo
1093 1189 1108 1228 a
1125 1175 1207 1228 nobis
1220 1175 1308 1240 pretio
1330 1176 1423 1230 oblato
1434 1215 1442 1241 ‚
1453 1177 1535 1230 detur
1547 1193 1590 1234 ve·

372 1275 425 1320 tur.
437 1288 450 1313 s
464 1267 474 1300 ¹
488 1269 525 1319 lta
538 1265 675 1319 Calvinus.
998 1261 1043 1314 nia
1055 1277 1061 1312 :
1073 1268 1116 1314 est
1137 1275 1245 1314 summa
1264 1264 1416 1316 servatoris
1438 1265 1590 1319 misericor·

405 1353 465 1405 2⁰2.
486 1354 565 1417 nese.
582 1355 641 1404 Non
659 1350 756 1402 merito
778 1362 892 1414 operum
922 1360 967 1399 ve·
1000 1347 1063 1409 dia,
1078 1346 1153 1412 quod
1165 1360 1196 1399 se
1207 1348 1278 1400 l‘atri
1292 1348 1431 1402 victimam
1445 1364 1497 1415 pro
1512 1353 1589 1405 nobis

373 1439 448 1492 niam
459 1435 717 1502 impetramus‚sed
734 1433 833 1485 christi
844 1430 965 1494 intuitu,
999 1433 1143 1498 obtulerit,
1161 1435 1250 1500 pretio
1267 1437 1367 1490 soluto.
1392 1440 1471 1491 Nulla
1491 1443 1591 1496 satisfa-

374 1516 964 1590 quipronobisjustitiaedivinaesatisfecit3
999 1520 1054 1574 ctio
1080 1526 1174 1574 nostra
1204 1529 1323 1576 meretur
1349 1524 1589 1593 justificationem,

375 1621 459 1675 opera
483 1614 575 1661 lamen
589 1613 652 1673 post
672 1606 781 1659 veniam
793 1605 966 1669 impetratam
1001 1605 1120 1671 ideoque
1150 1607 1237 1673 protis
1272 1609 1416 1674 justificari
1439 1611 1590 1676 dicimur3¹

374 1693 444 1746 lacta
460 1692 556 1759 gratiae
579 1691 679 1744 auxilio
701 1705 748 1756 per
769 1689 907 1742 Christum
923 1701 967 1742 va·
1001 1690 1126 1744 sednon
1149 1691 1213 1744 ideo
1239 1693 1422 1747 satisfaciendi
1448 1697 1486 1749 ob
1500 1711 1590 1764 poenas

375 1779 433 1832 lent
444 1779 479 1831 ad
490 1774 586 1844 poenas
599 1778 765 1842 temporales
778 1775 903 1828 luendas.
1001 1777 1168 1842 temporales
1190 1777 1319 1832 facultate
1340 1792 1478 1846 caremus,
1495 1785 1590 1838 Christi

411 1866 470 1916 205.
485 1862 545 1928 dij.
564 1864 590 1914 2.
609 1861 746 1914 «Talibus
756 1859 907 1913 mendaciis
920 1872 968 1924 op·
1002 1861 1088 1926 gratia
1100 1861 1195 1925 adjuti.

379 1961 454 2015 pono
467 1952 612 2016 gratuitam
631 1954 806 2014 peccatorum
827 1944 969 1999 remissio·
1035 1945 1096 1998 205.
1123 1946 1182 2011 obj.
1202 1952 1228 2000 5.
1252 1970 1265 1996 i
1284 1952 1371 2014 Quum
1387 1953 1591 2019 Scripturauni·

378 2048 458 2099 nem‚
482 2048 535 2100 qua
553 2035 620 2086 nibil
649 2035 677 2085 in
704 2033 842 2098 scriptura
868 2030 969 2084 clarius
1003 2043 1081 2084 versa
1113 2032 1302 2086 testimonium
1332 2037 1440 2089 christo
1463 2039 1588 2100 deferat,

378 2120 551 2185 praedicatur.
564 2117 845 2184 curprotisadditun
860 2115 913 2169 nisi
934 2115 969 2166 ad
1004 2116 1078 2182 quod
1096 2130 1146 2181 per
1167 2131 1268 2172 nomen
1288 2133 1347 2186 eJus
1376 2123 1413 2174 sit
1436 2124 1590 2189 accipienda

378 2204 529 2257 tollendam
555 2217 666 2256 omnem
685 2200 879 2255 satisfactionis
909 2200 971 2266 opi·
1003 2208 1179 2268 peccalorum
1197 2205 1343 2270 remissio,
1362 2220 1455 2262 nonne
1475 2209 1527 2262 alia
1544 2223 1590 2264 no·

378 2288 533 2340 nioneml»
550 2288 678 2340 Calvinus
696 2287 804 2339 ilerum.
1004 2286 1078 2339 mina
1092 2288 1228 2341 excludit?
1239 2291 1381 2352 Quomodo
1402 2293 1486 2359 igitur
1495 2309 1543 2361 per
1551 2309 1589 2348 sa·

413 2375 561 2439 adnitere.
582 2376 646 2437 Quae
658 2373 802 2439 Augustini
820 2371 903 2425 verba
923 2386 972 2423 su·
1004 2371 1191 2426 tisfactionum
1218 2387 1318 2428 nomen
1335 2378 1429 2444 accipi
1451 2379 1587 2434 decentii

378 2474 428 2526 pra
438 2459 593 2524 retulimus,
608 2459 689 2512 tacito
712 2465 823 2511 auctore
848 2462 974 2511 recenset
1008 2456 1164 2510 Calvinus.l

380 2547 523 2610 Calvinus,
537 2551 565 2599 et
580 2543 723 2598 mendacia
741 2542 972 2609 appellatprinci-
1038 2543 1187 2609 adedere.
1207 2546 1305 2599 Christi
1314 2548 1427 2602 nomine
1434 2550 1589 2615 praedicatur

381 2814 404 2853 in
418 2812 515 2865 porticu,
528 2812 566 2851 nbi
580 2815 664 2862 oportet
681 2821 732 2849 euni
740 2808 780 2859 qui
791 2808 888 2860 peccarit
902 2814 975 2859 stare,
1007 2807 1096 2849 arbitrio
1105 2808 1201 2851 delinire.

381 2894 451 2933 nsque
461 2882 489 2921 ad
498 2881 676 2929 catechumenos,
685 2884 706 2918 et
715 2878 774 2917 illinc
784 2878 869 2927 egredi:
880 2877 973 2918 Audiens
1032 2878 1074 2927 Qui
1090 2878 1112 2918 in
1121 2879 1188 2919 veteri
1197 2880 1308 2933 Ecclesia,
1321 2883 1423 2937 Episcopi
1433 2892 1471 2926 aut
1479 2886 1590 2939 presbyteri

380 2950 974 3005 enim,inquit,Scripturasetdoctrinam‚ejiciatur‚
1007 2946 1160 2999 poenitentiarii
1186 2949 1289 3002 judicio,
1315 2952 1425 3004 publicam
1450 2956 1591 3008 poenitentiam

381 3022 773 3077 etprecationeindignuscenseatur.
783 3021 974 3073 subJectioautern
1007 3015 1083 3065 utqui
1098 3016 1216 3068 debebant,
1234 3018 1256 3059 iu
1273 3020 1343 3073 capite
1358 3022 1454 3076 ieiunii,
1472 3037 1511 3066 seu
1528 3027 1592 3079 prima

381 3107 420 3137 seu
434 3093 613 3143 sebastensem,
623 3097 648 3132 ut
663 3091 718 3131 intra
736 3091 811 3143 templi
820 3095 905 3143 portam
914 3096 974 3131 stans
1007 3084 1182 3136 Quadragesimte
1191 3088 1239 3140 die,
1256 3090 1284 3131 ad
1301 3091 1401 3133 Ecclesia
1408 3094 1499 3145 januam
1513 3107 1592 3149 compa·

382 3176 432 3205 cum
449 3162 614 3205 catechumenis
630 3160 761 3213 egrediatur.
778 3159 922 3212 Congregatio
935 3171 975 3199 seu
1008 3154 1223 3210 rabant‚sordidsti‚
1236 3172 1276 3211 pro
1286 3172 1346 3202 more
1355 3163 1485 3214 lugentium.
1495 3167 1518 3207 ln
1529 3168 1593 3207 Eccle-

383 3233 533 3277 consistentia
541 3238 592 3283 est‚
607 3237 631 3272 ut
648 3243 698 3271 cunr
712 3230 975 3278 fidelibus'eonsistst‚ee
1007 3222 1063 3264 siam
1073 3226 1167 3277 ingressi
1174 3239 1199 3269 es
1206 3228 1306 3271 manibus
1316 3231 1418 3291 Episcopi
1433 3234 1526 3275 cinerem
1533 3236 1593 3289 capiti

382 3316 433 3345 cum
446 3302 612 3345 Cateebunrenis
630 3313 673 3341 non
690 3301 822 3352 egrediatur.
832 3315 842 3337 s
852 3299 974 3340 videetiam
1008 3293 1146 3347 inspersum,
1162 3303 1184 3341 et
1197 3298 1304 3341 cilicinam
1318 3308 1399 3343 restem
1412 3305 1593 3358 accipiebant‚se

383 3374 610 3426 Conc.Ancyranum‚
625 3371 770 3411 Camena.
786 3371 905 3420 Moenum,
921 3370 975 3411 Can.
1008 3364 1086 3414 quein
1108 3370 1187 3407 terrarn
1204 3370 1382 3422 prosternebant,
1397 3372 1450 3413 dum
1474 3374 1557 3414 aclero
1574 3380 1594 3414 et

383 3444 486 3482 suetis.
495 3444 570 3482 Postea
580 3439 741 3481 inOccidentali
750 3439 927 3479 Ecclesiaesdem
943 3437 975 3477 di·
1008 3434 1089 3487 populo
1106 3447 1146 3487 pro
1168 3436 1194 3477 iis
1212 3435 1352 3480 funderentur
1377 3452 1460 3493 preces.
1481 3444 1594 3497 Episcopus

383 3512 475 3563 seiplina
483 3511 650 3561 invaluigcujua
659 3508 758 3550 meminit
767 3509 853 3549 &Felix
861 3510 899 3548 ill.
906 3508 975 3560 Epist.
1008 3504 1122 3557 deinceps,
1131 3506 1188 3547 clero
1203 3514 1307 3549 canente:
1318 3527 1329 3549 ι
1349 3511 1374 3551 ln
1387 3514 1467 3554 sudore
1475 3515 1546 3555 vultus
1554 3514 1593 3564 tui,

385 3587 404 3621 7.
412 3584 439 3621 ad
448 3580 561 3620 universos
569 3580 689 3631 Episcopoa
700 3579 798 3631 scripta,
813 3579 976 3629 seculoquinto
1008 3581 1049 3615 etc.
1068 3588 1125 3617 »eos
1143 3589 1168 3617 es
1185 3579 1279 3619 Ecclesia
1296 3580 1409 3633 ejiciebat,
1429 3584 1488 3625 sicut
1507 3584 1595 3625 lasne

384 3651 485 3692 adfinem
502 3655 610 3701 vergente.
626 3649 714 3689 Flentes
727 3659 790 3689 sacco
807 3648 888 3697 induti,
904 3649 976 3690 cinere
1009 3646 1111 3687 Paradiso
1124 3648 1205 3700 eiectus
1212 3655 1251 3690 est.
1267 3650 1309 3701 Qui
1318 3650 1340 3691 in
1354 3652 1394 3693 boc
1404 3654 1594 3705 poenitentiastatu

385 3720 450 3772 capiti
466 3720 577 3771 insperso,
587 3719 671 3771 capillis
681 3723 701 3758 et
709 3718 777 3759 barba
786 3718 899 3771 promissis
909 3719 931 3758 in
940 3731 975 3760 se-
1008 3716 1155 3768 versabantur,
1164 3718 1222 3759 domi
1231 3720 1356 3772 manebant,
1363 3722 1464 3773 precibus
1471 3729 1492 3764 at
1500 3723 1594 3776 suspiriis

385 3788 466 3829 stibulo
475 3788 589 3828 manebant
599 3800 604 3827 :
613 3787 732 3827 audientes
738 3787 795 3827 intra
801 3794 886 3840 portam
895 3788 918 3828 in
927 3788 975 3829 loco
1007 3793 1115 3837 vacantem
1125 3788 1200 3829 diebus
1208 3789 1268 3829 festis
1276 3796 1298 3830 et
1306 3791 1441 3833 stationariis
1449 3794 1477 3834 ad
1484 3794 1596 3835 Ecclesiam

386 3860 424 3913 qui
439 3860 540 3901 nortbex
556 3870 595 3901 seu
605 3859 673 3899 ferula
682 3859 808 3909 dicebatur3
822 3859 930 3900 substrati
938 3871 976 3911 ge·
1007 3858 1100 3899 venturi.
1108 3859 1182 3900 stadio
1190 3860 1320 3912 poenitentias
1326 3860 1427 3913 decurso,
1435 3863 1598 3904 reconciliaban-

386 3928 466 3971 nnflesi
474 3928 540 3970 variis
556 3928 627 3982 poenis
639 3939 665 3969 ac
687 3928 797 3969 laboribus
810 3930 975 3980 uescebantur,
1009 3929 1084 3969 tursol
1092 3928 1114 3968 in
1124 3929 1289 3982 Parascere‚vel
1298 3930 1321 3970 in
1330 3930 1366 3971 die
1374 3932 1446 3973 Coena
1458 3932 1549 3983 Domini,
1557 3944 1596 3985 pro

386 3999 563 4052 accipiebsntque
571 4010 648 4039 manus
659 3998 820 4051 impositiones.
829 3998 975 4040 sacerdotibus
1008 3998 1069 4041 vario
1078 3998 1223 4039 Ecclesiarum
1232 4011 1299 4049 more;
1309 3999 1417 4054 Episcopo
1425 4012 1463 4041 eos
1472 4002 1598 4050 absolvente,

387 4080 427 4121 pro
436 4069 463 4109 iis
473 4068 595 4109 orantibus.
615 4068 695 4108 Eorum
714 4068 774 4108 locus
787 4068 828 4108 fuit
841 4068 862 4108 in
871 4080 896 4109 ea
905 4068 977 4109 Eccle-
1010 4073 1032 4107 et
1049 4068 1174 4109 restituente
1186 4069 1286 4111 Ecclesia
1299 4068 1456 4110 communioni.
1474 4071 1598 4110 llonomnes

388 4137 976 4190 sispartequaeadambonemusqueprotendebatur3
1010 4142 1082 4178 tamen
1097 4138 1278 4180 reconciliationis
1306 4138 1451 4190 impetrabant
1475 4138 1599 4179 beneficium

387 4208 451 4249 ambo
464 4212 536 4248 antem
551 4212 598 4247 arat
614 4207 720 4247 excelsius
731 4207 839 4258 quoddam
848 4213 978 4258 suggestum
1011 4214 1061 4261 post
1071 4219 1136 4248 unam
1151 4208 1357 4260 Quadrsgesimam:
1367 4208 1457 4260 plurimi
1467 4208 1525 4249 enirn
1534 4208 1600 4260 pluri·

388 4275 979 4330 intemplia‚adquodgradibusascendcbatur,etex
1011 4287 1097 4317 morum
1123 4287 1231 4317 annorum
1259 4276 1384 4329 paenitentia
1414 4277 1602 4328 adstringebsntur

388 4346 979 4397 quoEpistolaetEsangeliumlegebantur.00nsisten·
1010 4345 1070 4397 justa
1088 4356 1196 4396 canones,
1214 4356 1307 4397 quorum
1326 4344 1370 4387 vim
1382 4350 1455 4387 tamen
1471 4346 1602 4397 indulgentia

388 4422 421 4456 tes
434 4416 536 4468 deinceps
543 4427 613 4467 usque
622 4416 651 4456 ad
659 4415 812 4457 sanctuarinm
821 4428 871 4456 eum
878 4416 978 4457 fidelibus
1012 4414 1222 4466 relaxabantssepius
1235 4414 1335 4467 Episcopi
1345 4425 1422 4465 graves
1431 4413 1602 4455 obcansas.l'ide

388 4486 472 4525 casteria
478 4485 632 4537 miscebantur,
641 4486 802 4527 communionis
814 4491 896 4527 tantun
905 4497 979 4538 exper-
1010 4485 1073 4539 plura
1082 4485 1141 4536 apud
1153 4484 1287 4537 Sardagnam
1303 4483 1376 4525 Theoi.
1392 4484 1468 4536 Dogm.
1477 4482 1579 4525 Polemie.
1587 4488 1603 4521 t.

390 4560 430 4595 tes.
444 4556 491 4595 lion
500 4564 576 4593 omnes
590 4548 725 4607 poenitentiis·
733 4554 815 4607 gradus
829 4553 978 4605 singulispee
1011 4552 1090 4595 silide
1099 4554 1214 4596 Sael’oen.

388 4623 498 4665 catonibus
507 4633 632 4674 percurrere
644 4636 699 4676 opus
707 4625 759 4675 fuit,
767 4635 805 4664 nec
814 4622 871 4663 idem
877 4623 978 4665 omnibus
1036 4624 1065 4675 (l)
1074 4624 1127 4664 lnst.
1134 4625 1150 4664 l.
1159 4623 1191 4663 iii.
1200 4635 1220 4664 c.
1229 4623 1258 4665 ir.
1268 4635 1289 4663 n.
1298 4627 1331 4663 st.

389 4691 493 4745 temporis
511 4690 606 4741 spatium
625 4704 663 4743 per
678 4693 736 4744 quod
745 4697 881 4733 versarentur
889 4691 912 4731 in
925 4704 978 4732 uno·
1037 4693 1065 4745 (a)
1077 4693 1143 4733 Cone.
1153 4693 1212 4733 Trid.
1221 4694 1280 4735 Sess.
1289 4692 1317 4733 sl.
1326 4702 1373 4743 cap.
1384 4690 1428 4732 riii.

391 4771 478 4813 quoqne
487 4759 556 4811 gradu
565 4770 571 4798 τ
580 4760 617 4800 sed
626 4760 737 4812 Episcopis
755 4760 816 4801 licuit
825 4761 870 4802 bec
878 4761 979 4813 prudenti
1039 4764 1069 4814 lt]
1083 4762 1135 4803 lnst.
1144 4764 1159 4803 1.
1167 4761 1200 4803 iii.
1207 4774 1228 4804 c.
1237 4762 1265 4805 ir.
1274 4773 1295 4803 n.
1305 4765 1341 4802 at.
