3792 5550
679 508 682 513 '
728 514 1110 571 cnr.tx.nn1rruacus.
1482 523 1531 573 ,55

297 649 342 695 --et
360 639 429 706 apud
452 637 588 691 Ecclesias
609 635 676 687 alias
701 633 853 686 orientales
875 631 902 683 in
938 630 1054 695 gnitate,
1067 628 1191 695 nihilque
1203 632 1327 686 continet
1344 636 1420 701 quod
1432 636 1531 701 quinto

317 738 365 778 usn
377 731 444 776 erat.
459 721 555 775 Extitit
576 727 650 773 certe
663 726 726 772 ante
739 718 830 785 cyrilli
843 717 903 770 ilie·
938 715 1035 767 saltem
1045 715 1147 767 saeculo
1158 714 1194 767 sit
1206 717 1354 781 posterius.
1363 722 1531 775 Altercodex

314 808 499 876 rosolymitani
513 810 654 871 tempora,
673 805 720 871 qui
734 809 832 869 quarto
851 815 904 855 sae·
937 802 982 852 est
994 800 1163 865 celasianus,
1179 804 1286 857 Gelasio
1304 806 1394 871 primo
1406 814 1532 871 auctore,

293 925 297 931 -
315 894 374 947 culo
392 891 483 945 medio
500 890 609 952 iloruit;
624 904 656 943 ea
669 889 742 942 enim
764 902 831 941 usus
846 892 904 951 est,
938 884 1028 937 dictus
1046 885 1148 939 idcirco
1159 888 1258 940 celasii
1272 891 1530 945 sacramentarium.

315 978 353 1031 uti
369 977 454 1043 liquet
467 990 498 1029 ex
510 974 647 1028 catechesi
660 976 719 1040 ejus
730 973 824 1039 quinta
842 985 904 1025 cum
939 971 970 1021 ln
998 977 1054 1022 tres
1080 970 1254 1025 distribuitur
1282 975 1384 1039 libros,
1415 990 1532 1043 quorum

316 1063 432 1129 liturgia
452 1075 514 1127 quae
526 1066 653 1127 superest
664 1060 773 1113 collata.
793 1061 858 1111 Eam
877 1058 905 1109 in
939 1055 1045 1121 primus
1064 1056 1121 1123 agit
1140 1058 1172 1109 de
1191 1060 1341 1124 mysteriis,
1355 1074 1404 1113 seu
1420 1064 1452 1115 de
1465 1065 1534 1115 aaut

295 1180 296 1185 κ
318 1146 508 1212 compendium
535 1146 717 1211 redegerunt,
742 1145 903 1200 testantes.
938 1141 1123 1207 decemper
1135 1156 1217 1208 quem
1230 1146 1418 1210 celebrantur,
1438 1162 1534 1203 secun·

297 1264 304 1279 .,
317 1233 424 1296 Proclo,
439 1233 465 1283 S.
490 1230 605 1283 Basilius
627 1232 661 1282 lt.
687 1236 714 1282 et
735 1232 761 1281 S.
785 1231 905 1282 loannes
940 1225 993 1277 dus
1005 1227 1038 1278 de
1049 1226 1192 1281 thotttiis
1202 1228 1375 1294 Sanctorum,
1387 1233 1483 1285 tertius
1491 1239 1533 1286 est

318 1319 538 1384 chrysostomus.
568 1315 688 1383 liturgia
718 1315 905 1368 vetustissima
938 1324 987 1376 pro
999 1312 1152 1366 Dominicis
1161 1313 1256 1367 dietim
1266 1322 1329 1381 post
1341 1316 1531 1371 Pentecosten.

295 1415 377 1467 «quae
403 1402 430 1453 in
451 1401 521 1454 libro
549 1406 645 1454 octavo
674 1400 905 1453 constitutionum
939 1398 1047 1451 Tertius
1059 1399 1146 1451 codex
1163 1406 1206 1451 est
1217 1399 1287 1453 liber
1295 1404 1533 1455 sacramentorum

317 1487 533 1553 apostolicarum
554 1488 672 1554 legitur,
692 1494 756 1539 ante
768 1486 904 1539 llicaennm
940 1482 1060 1549 Gregorii
1074 1486 1123 1545 lt,
1137 1484 1184 1550 qui
1198 1486 1270 1551 apud
1291 1486 1436 1553 plerasque
1457 1489 1533 1541 ccci·

295 1572 489 1635 concilium,
508 1572 547 1625 nti
568 1572 668 1624 eruditi
689 1578 819 1634 censent,
842 1584 906 1624 con·
941 1567 1032 1620 dentis
1057 1569 1193 1622 Ecclesias
1218 1579 1380 1637 usurpatus,
1399 1573 1532 1639 plurimas
1626 1624 1629 1629 .

295 1698 297 1703 .
316 1658 431 1723 scripta,
442 1658 631 1723 praesupponit
641 1656 787 1722 liturgiam
801 1655 905 1708 iacobi.
941 1653 1088 1706 varietates
1100 1668 1199 1720 passus
1209 1664 1261 1709 est.

342 1743 401 1794 292.
424 1741 590 1807 liturgias.
618 1740 716 1802 llarci,
743 1742 771 1791 in
794 1741 908 1792 Alexan·
973 1738 1033 1789 aut.
1047 1737 1533 1808 Liturgiatmbrosianadiciturquae

295 1826 395 1879 dritta
413 1824 554 1887 Ecclesia,
577 1824 702 1876 adhiberi
719 1824 908 1877 consuevitsb
943 1820 971 1872 in
991 1822 1112 1873 Ecclesia
1139 1824 1336 1877 Mediolanensi
1364 1834 1533 1893 usurpatas
1612 1874 1618 1881 .

316 1910 509 1976 antiquissima
526 1914 623 1972 aetatc3
647 1908 807 1975 Eutychiani
819 1907 909 1971 enim,
943 1911 1047 1958 remota
1060 1907 1139 1960 valde
1151 1908 1313 1974 antiquitate
1325 1924 1340 1963 a
1351 1912 1378 1962 S.
1391 1912 1535 1966 Ambrosio

317 1996 364 2061 qui
377 1993 646 2048 lacooitaedicuntur
658 1994 692 2045 alt
705 1994 908 2057 annotatum
942 1989 1083 2056 recognita
1105 1997 1163 2053 est,
1178 1999 1206 2045 et
1225 1993 1253 2043 in
1265 1995 1391 2047 ordinem
1413 1995 1533 2050 redacta.

296 2082 541 2134 -cmlcedonense
553 2080 675 2133 habitum
689 2084 731 2132 est
743 2078 907 2141 concilium,
976 2076 1036 2127 298.
1053 2074 1174 2143 Liturgia
1198 2077 1334 2131 callicana
1357 2080 1457 2134 dicitur
1474 2096 1536 2147 quae

317 2167 351 2219 ab
363 2166 484 2221 Ecclesia
498 2166 636 2220 catholica
648 2165 762 2230 divulsi,
775 2178 806 2218 ea
819 2165 909 2217 adhuc
942 2166 1006 2213 ante
1029 2161 1119 2214 caroli
1137 2164 1228 2230 llagni
1264 2171 1388 2233 tempora
1414 2158 1535 2221 adhibita

317 2258 439 2305 utuntur.
942 2246 1024 2299 estin
1040 2247 1146 2309 calliis,
1158 2249 1208 2301 sed
1226 2251 1329 2315 cessit,
1343 2252 1404 2318 ipso
1420 2260 1534 2321 agente,

349 2338 409 2390 295.
431 2336 550 2402 Liturgia
575 2336 721 2390 Clementis
741 2336 856 2389 Romani
876 2348 907 2388 ea
942 2332 1080 2385 Romanae.
1091 2332 1231 2387 Habentur
1241 2336 1333 2400 plures
1344 2338 1403 2403 eius
1414 2339 1534 2402 codices,

300 2423 417 2477 dicitur
438 2436 499 2489 quae
527 2424 554 2475 in
579 2424 648 2476 liltro
680 2421 908 2476 constitutionum
942 2430 1061 2482 quorum
1088 2419 1173 2484 aliqui
1192 2421 1227 2472 ad
1249 2428 1375 2475 octavum
1402 2427 1534 2478 saeculum

316 2508 536 2573 apostolicarum
552 2507 676 2559 habetur.
942 2502 1114 2565 referuntur,
1127 2504 1170 2555 uel
1188 2503 1223 2556 ad
1235 2506 1393 2569 septimum.

348 2585 1534 2659 mmwmffimmaemmmmmmme

316 2676 433 2729 nomine
458 2676 603 2742 insignita,
629 2676 656 2728 in
674 2676 744 2728 libro
767 2676 847 2729 tertio
875 2677 910 2729 de
943 2669 1214 2737 llispanieadicitur‚
1228 2686 1260 2726 ea
1272 2680 1377 2741 estona
1390 2678 1536 2731 utebantur

299 2760 475 2816 ¹liierarchia
493 2759 677 2814 ecclesiastica
700 2760 826 2814 occurrit.
839 2760 908 2814 Scri·
943 2756 1071 2822 Hispani,
1084 2758 1218 2814 Arabibus
1231 2760 1450 2816 dominantibus:
1465 2766 1533 2819 sold

315 2855 394 2914 ptum
407 2848 460 2901 hoc
476 2860 547 2913 opus
556 2847 696 2901 nonnullis
708 2847 824 2900 eruditis
836 2848 909 2902 vide·
941 2841 1010 2896 bant
1026 2843 1099 2896 enim
1126 2844 1154 2897 ini
1179 2848 1366 2911 ttostarates.
1381 2851 1425 2902 vel
1446 2853 1534 2904 Moza·
1587 2870 1589 2880 ⁴

315 2939 361 2986 tur
378 2939 442 2986 ante
456 2933 577 2985 medium
589 2933 713 2998 qtrintum
732 2934 873 2985 saeoulum.
941 2929 1039 2992 tabes,
1061 2929 1197 2996 Hispanos
1218 2945 1333 2997 vocare,
1355 2935 1439 2988 veluti
1454 2942 1534 2991 extro

349 3019 409 3071 295.
441 3017 595 3086 Litargiaa
624 3019 724 3072 Basilio
754 3021 850 3086 llaguo
879 3019 906 3071 in
940 3015 1064 3079 Arados,
1090 3016 1129 3070 uti
1146 3030 1199 3070 vox
1215 3018 1260 3070 illa
1278 3019 1440 3084 explicatur.
1459 3021 1532 3075 Dicta

300 3118 420 3158 novum
447 3107 573 3159 ordinem
600 3105 734 3171 disposita
767 3106 906 3169 noscitur,
941 3105 984 3152 est
1001 3100 1085 3152 etiam
1109 3101 1367 3167 Gotho-hispanico,
1388 3110 1415 3156 et
1434 3105 1535 3158 Gotho-

313 3189 797 3254 sioutetachrysostomo,quarum
816 3195 906 3241 tamen
940 3185 1094 3248 misano,
1118 3185 1182 3248 unia
1205 3186 1301 3237 cothis
1326 3187 1533 3241 dominantibus

315 3274 427 3327 codices
462 3273 567 3338 aliquas
602 3272 705 3324 habent
733 3272 906 3324 varietates:
942 3267 1175 3331 antealiispaniis
1190 3273 1218 3320 et
1233 3268 1326 3320 calliae
1338 3270 1532 3334 meridionali,

313 3359 365 3412 sed
381 3365 497 3424 utraque
517 3357 634 3424 liturgia
653 3370 668 3409 a
690 3356 765 3409 mille
779 3356 908 3409 trecentis
941 3349 1068 3414 usurpari
1078 3351 1222 3403 cousuevit
1233 3367 1239 3402 :
1251 3364 1358 3417 magnac
1368 3353 1484 3418 proinde
1491 3365 1534 3419 est

314 3442 486 3508 etamplius
511 3441 591 3493 annis
615 3455 630 3494 a
657 3441 757 3494 craeois
785 3440 907 3494 adhibita
941 3431 1123 3500 antiquitatis·

297 3518 1532 3592 -mmmmmmmm0QWMwmmmm

313 3613 361 3664 451
393 3608 511 3673 divulsi,
540 3611 728 3678 chrysostomi
755 3612 904 3679 Liturgiam
940 3605 1038 3667 missa,
1057 3617 1140 3671 (ilfflm
1164 3621 1197 3659 θλ
1220 3608 1291 3660 libro
1304 3609 1339 3663 de
1360 3611 1480 3678 antiquis
1492 3613 1533 3666 ti

314 3695 443 3749 retinent.
584 3691 608 3732 Ἃ
938 3689 1036 3757 turgiis
1064 3703 1080 3743 a
1109 3690 1267 3746 Theobaldo
1307 3695 1436 3750 Lienhart
1468 3704 1532 3752 aute

347 3780 407 3832 296.
422 3778 637 3846 lnterLiturgias
649 3781 837 3835 occidentales
849 3782 904 3847 pri·
939 3787 1042 3840 paucos
1065 3788 1154 3830 ²⁰110⁸
1177 3779 1266 3842 edito,
1278 3778 1287 3812 ¹
1299 3782 1464 3846 t0¹¹¹l2011di0
1484 3785 1531 3835 da·

314 3877 391 3916 mum
409 3869 525 3928 occupat
538 3864 629 3916 locum
649 3867 789 3928 Romana,
804 3878 866 3930 quae
877 3867 904 3917 S.
939 3873 1018 3923 mus,
1032 3868 1224 3927 argumentum
1240 3863 1329 3929 ipsum
1339 3866 1375 3918 de
1388 3881 1417 3918 re
1432 3867 1531 3919 eucha-

300 3944 1530 4016 mwfflmwmmmmmmmmmmmfflm

305 4032 476 4098 composita.
490 4033 580 4085 codex
591 4033 794 4086 vetustissimus
806 4034 852 4086 ille
864 4040 906 4086 est
937 4030 1132 4095 exponendum
1148 4038 1199 4085 est.

313 4119 361 4184 utri
391 4118 491 4171 dicitur
514 4133 521 4169 :
548 4117 638 4172 codem
666 4117 904 4178 sacramentorum
1152 4117 1314 4182 propositio.

313 4209 391 4257 octus
415 4205 544 4258 Romame
568 4203 746 4267 Ecclesiam
768 4204 796 4256 S.
817 4202 905 4258 Leone
971 4201 1053 4264 Vera,
1072 4199 1174 4265 realis,
1198 4209 1227 4255 et
1249 4200 1439 4256 substantialis
1459 4216 1531 4269 prae-

314 4290 392 4355 Popo
414 4290 438 4342 1.
463 4289 608 4355 conlectos.
647 4291 762 4355 superat
790 4295 904 4343 oaeteros
939 4284 1026 4338 sentia
1052 4287 1177 4352 corporis
1201 4295 1229 4341 et
1254 4287 1396 4354 sanguinis
1422 4289 1529 4344 llomini

301 4384 413 4426 -omnes
430 4373 541 4426 codices
559 4374 713 4441 liturgicos,
736 4375 794 4428 sive
811 4375 904 4428 ttrien·
938 4371 1026 4425 nostri
1041 4374 1107 4426 lesu
1123 4375 1265 4428 christiin
1284 4377 1460 4430 sacramento
1480 4379 1531 4430 Eu·
1585 4403 1598 4418 ·

307 4459 399 4520 tales,
418 4457 476 4511 sive
494 4457 696 4523 occidentales,
708 4464 788 4514 aetate
799 4465 826 4513 et
836 4461 904 4514 inte·
938 4458 1096 4523 charistia,
1115 4465 1143 4513 et
1153 4460 1456 4521 transubstantiationis
1465 4461 1529 4528 dog-

335 4698 364 4750 (t)
375 4699 582 4750 argentariensem.
