3792 5550
596 513 666 564 ene.
684 510 750 563 uni.
769 496 812 561 nn
830 505 1002 562 naulaatnl
1019 506 1245 575 enuntiatone.
1477 510 1527 563 ser

317 631 462 687 oroimlms
481 630 584 692 sacris,
607 635 634 683 et
653 628 729 681 omui
740 627 811 680 sueri
827 624 905 678 mini·
955 658 957 660 -
1065 620 1230 687 aelectione
1248 625 1401 683 secantur.

316 719 391 773 sterii
402 731 526 771 munere.
968 705 1122 772 intonit.
1136 708 1529 775 Saltempraedicarepnssuut

344 807 406 858 arr.
420 805 589 859 arenarum.
608 817 644 858 ee
661 802 813 869 meum.
831 804 903 867 ipo·
933 791 1077 861 ‘mutieres
1089 791 1246 857 spinione
1258 798 1527 850 memoresnenam

315 893 403 946 stolum
413 892 508 959 juber:
523 912 535 937 tt
549 891 674 944 Mulieres
687 890 714 942 in
730 887 855 943 ecclesiis
867 893 905 939 ta»
935 875 1114 935 riretmaiier
1123 889 1208 930 uuum
1217 878 1319 933 suntin
1330 877 1439 931 christo
1450 880 1526 932 iesu.

314 960 394 1031 cenn‘t
407 992 413 1029 :
427 978 569 1031 nonenim
590 974 797 1043 permittituriis
811 971 902 1039 loqui,
954 963 1029 1017 283·
1043 964 1125 1029 Betp-
1140 962 1186 1015 l'ir
1201 969 1230 1018 el
1242 962 1341 1015 mulier
1358 976 1443 1019 unum
1463 971 1530 1019 sunt

316 1064 366 1116 sed
388 1062 513 1116 srrlrditas
533 1075 610 1125 esse,
629 1062 699 1114 sicut
720 1066 747 1113 et
767 1060 811 1113 lex
826 1057 903 1111 eicit.
936 1046 1094 1112 inaurato,
1106 1048 1530 1114 uuamnusuniqueeempetunt

315 1143 905 1214 siumauremvoruntaiseere‚u0mtviros
934 1133 1083 1199 iurauerit
1099 1132 1530 1199 iaiiseiaetiinimaesatutem

316 1246 382 1287 suos
393 1234 572 1306 interrogent.
586 1236 675 1299 Turpe
693 1237 736 1285 est
753 1230 826 1283 enim
843 1242 906 1281 mu·
937 1224 1003 1277 tulit
1019 1218 1189 1279 accesserim
1203 1232 1317 1274 munera
1336 1225 1428 1278 autem
1451 1232 1529 1276 saera

314 1319 373 1372 lieri
381 1319 455 1386 loqui
468 1318 495 1371 in
506 1317 635 1372 Ecclesia.
647 1338 659 1364 u
671 1316 680 1351 ¹
694 1337 707 1363 α
719 1316 815 1369 Mulier
831 1315 905 1368 insi·
937 1304 1074 1370 Ali⁰⁸l0li⁸
1102 1304 1201 1356 tradita
1218 1310 1298 1367 sunt,
1318 1317 1373 1358 11⁰⁰
1395 1305 1460 1359 item
1472 1319 1530 1359 mn-

317 1404 401 1457 rermo
429 1403 519 1457 uisum
542 1417 604 1456 eum
628 1402 705 1456 omni
724 1401 905 1468 suessonum.
937 1390 1068 1451 lienibus,
1087 1390 1234 1457 quinusue
1250 1391 1469 1475 neuerenurin
1482 1393 1529 1445 ic·

316 1491 418 1543 Docere
444 1496 534 1542 antem
553 1488 661 1543 mulieri
679 1500 735 1545 uon
760 1487 905 1555 permitto,
938 1476 1022 1533 etesia
1031 1475 1171 1544 prohibuit
1183 1478 1292 1532 Paulus.

315 1586 405 1640 neque
416 1574 551 1628 dominari
569 1574 597 1626 in
615 1574 724 1635 ulrum;
743 1573 791 1625 sed
803 1585 865 1625 esse
876 1572 905 1625 in
971 1560 1030 1617 284·
1045 1562 1105 1628 Olli.
1119 1564 1144 1615 2.
1161 1563 1309 1628 Apostolus
1328 1561 1418 1629 arguit
1435 1560 1529 1615 mulie·

314 1658 460 1713 strenuo.»
481 1658 493 1693 t
515 1679 528 1704 a
548 1659 753 1713 uurnresvnrs
765 1658 823 1711 suis
839 1658 903 1711 suu.
937 1648 1152 1714 resitentes,
1177 1662 1239 1715 que
1269 1648 1529 1713 interrogationibus

311 1744 378 1797 (litae
391 1744 464 1805 sint,
476 1744 548 1797 sicut
562 1744 677 1797 Domino
699 1758 706 1795 :
723 1743 853 1817 queniam
864 1744 906 1797 vir
937 1732 1103 1799 importunis
1112 1735 1266 1788 molestiam
1284 1736 1423 1789 creabant.
1435 1734 1447 1769 i
1460 1737 1530 1787 Con·

312 1834 395 1894 eaput
420 1834 463 1881 est
480 1828 616 1887 mulieris,
629 1828 701 1881 sieut
724 1828 848 1881 Christus
860 1841 905 1882 ca·
937 1824 994 1874 titii
1010 1825 1103 1873 antem
1114 1819 1413 1876 miifieretiaticinatas
1425 1833 1487 1872 este
1502 1825 1531 1872 et

313 1920 363 1980 put
375 1920 417 1967 est
427 1914 566 1967 Ecclesiae.
580 1932 591 1962 s
605 1912 712 1978 toruum
726 1926 776 1978 nee
786 1914 903 1979 docere,
938 1904 1120 1970 praedicasse,
1139 1918 1223 1970 quum
1238 1907 1332 1957 Petrus
1342 1902 1428 1957 loelis
1437 1902 1530 1956 vatici·

313 1998 449 2065 neeloqui
463 1998 490 2051 in
508 1999 627 2054 Ecclesia
655 1998 814 2052 mulieribus
842 2012 906 2065 per·
937 1990 1015 2044 ulum
1027 1990 1169 2056 impletum
1179 1989 1312 2049 affirmet:
1327 1992 1440 2055 «Super
1448 1988 1532 2041 ancil-

312 2085 460 2147 mienatur‚
469 2084 556 2151 liquet
564 2098 611 2137 aas
623 2085 657 2138 ai)
667 2084 741 2139 omne
753 2097 832 2139 sacro
845 2097 905 2138 mu.
935 2078 979 2131 las
991 2089 1082 2141 meus,
1094 2076 1122 2131 in
1134 2076 1232 2130 diebus
1260 2076 1315 2132 illis
1335 2074 1475 2129 effundam
1494 2075 1530 2129 de

314 2169 511 2224 nere-excludi.
937 2162 1041 2230 spiritu
1055 2175 1132 2228 mee,
1146 2167 1174 2215 et
1186 2162 1397 2229 prophetabunt.
1411 2160 1448 2210 »t

347 2255 406 2307 278.
421 2253 560 2309 Probatur
578 2254 604 2305 2.
626 2252 817 2308 annutritus.
839 2255 905 2311 Ten
972 2250 1031 2302 285.
1050 2247 1130 2315 lietu.
1152 2249 1300 2315 Apostolus
1316 2249 1421 2315 absque
1437 2246 1531 2300 discri·

313 2339 446 2394 tullianus
464 2338 503 2391 ait
526 2354 533 2390 ε
560 2341 645 2394 «lion
667 2340 832 2406 permittitur
849 2352 906 2391 mu·
936 2335 1013 2390 mine
1027 2348 1137 2393 emnem
1156 2336 1266 2402 publice
1279 2334 1411 2401 loquendi
1436 2339 1464 2386 el
1484 2332 1532 2387 tlo-

313 2423 374 2477 lieri
390 2424 418 2477 ln
441 2423 562 2477 Ecclesia
585 2424 661 2490 loqui
679 2438 688 2485 ;
707 2425 756 2481 sed
777 2437 829 2477 nee
856 2423 906 2476 do·
936 2421 1017 2478 cendi
1040 2421 1195 2476 facultatem
1211 2420 1374 2476 mulieribus
1395 2418 1529 2485 denegat,

309 2520 396 2573 cere,
421 2522 472 2561 uec
497 2509 618 2573 tingere,
651 2521 703 2561 nee
722 2507 834 2570 offerre,
854 2520 906 2560 nec
937 2518 991 2562 nec
1013 2505 1100 2559 nimia
1112 2503 1293 2569 quarumdam
1313 2503 1479 2569 loquacitate
1490 2501 1531 2554 in·

311 2593 398 2645 ullius
420 2591 507 2645 uirilis
528 2591 665 2656 mannis,
687 2592 788 2644 nedum
815 2603 905 2642 secer·
938 2590 1044 2646 nititur.
1068 2589 1144 2653 Quod
1162 2593 1253 2639 autem
1269 2587 1328 2639 ioel
1341 2586 1531 2652 dedonopru·

310 2675 414 2729 dotalis
456 2674 537 2728 officii
566 2679 668 2728 sortem
704 2675 757 2729 sibi
784 2674 905 2729 vindica
938 2671 1532 2743 phetiaemulieriliuscommunicandoenun·

311 2759 403 2814 rei‘
938 2756 1529 2825 tiauit‚munusdocendinenprobatzaliud

346 2847 406 2898 279.
422 2847 450 2898 s.
462 2845 631 2911 Epiphanius
656 2861 663 2898 τ
688 2865 701 2892 α
723 2846 750 2900 si
776 2847 906 2902 sacerdo
938 2851 982 2898 est
994 2845 1067 2897 enim
1086 2859 1119 2898 ex
1129 2845 1245 2911 Spiritus
1253 2844 1340 2898 sancti
1352 2842 1530 2909 inspiratione
1619 2832 1622 2838 ’

312 2931 382 2984 uum
398 2931 561 2985 mulieribus
580 2933 740 2986 mandatum
752 2933 839 2998 foret,
858 2940 906 2988 aut
939 2932 1083 2985 enuntiare
1103 2932 1207 2994 lutura,
1220 2931 1298 2998 quod
1318 2933 1428 2992 Earini,
1453 2929 1530 2982 naui

312 3017 476 3071 canonicum
494 3018 645 3084 quidquem
667 3025 798 3085 praestare
817 3020 858 3074 eis
875 3020 904 3072 ia
937 3018 1061 3083 Domini,
1074 3017 1189 3084 aliisque
1206 3017 1320 3085 contigit
1332 3032 1340 3068 ι
1353 3015 1530 3070 aliudaucto-

312 3103 434 3156 Ecclesia
446 3103 557 3167 liceret,
578 3104 645 3156 nulli
658 3105 839 3172 potiusquam
853 3108 905 3158 lla·
936 3104 1016 3156 ritate
1033 3104 1140 3156 tradere
1153 3103 1216 3156 linei
1232 3104 1374 3167 veritates,
1388 3101 1431 3156 uel
1451 3114 1529 3154 sacra

310 3190 362 3242 rlae
376 3187 444 3242 illue
456 3188 483 3241 iu
501 3200 572 3240 noro
584 3190 757 3243 testamento
771 3189 905 3244 committi
937 3187 1015 3242 obire
1027 3188 1130 3241 munia.
1409 3193 1418 3207 ⁴
1473 3246 1483 3268 ι

310 3273 465 3329 sacerdotis
489 3272 608 3326 officium
632 3274 741 3336 delinit;
760 3302 793 3314 -
808 3288 904 3328 uerum
970 3273 1029 3324 286.
1052 3271 1113 3336 oiri.
1136 3275 1163 3326 5.
1185 3270 1293 3336 tuipsa
1313 3271 1347 3325 ad
1372 3268 1529 3323 corinthios

311 3359 397 3426 longe
408 3355 463 3412 lieo
475 3357 554 3411 aliter
561 3365 604 3411 est
615 3358 714 3411 visum.
724 3380 737 3406 »
752 3359 763 3394 t
937 3358 1072 3424 epistola,
1084 3358 1112 3410 ia
1129 3371 1183 3424 qua
1208 3356 1327 3410 ioemlnae
1346 3357 1478 3421 loquaces
1487 3369 1530 3409 re

343 3445 406 3496 28⁰.
431 3446 459 3495 S.
494 3442 615 3498 loannes
641 3443 865 3513 ‚Chrysostomus
894 3427 1163 3508 z‘preneueuntur,
1184 3442 1330 3496 traduntur
1348 3440 1450 3508 regulae
1467 3440 1530 3507 qui·

312 3549 327 3577 a
346 3529 461 3592 Quando
478 3527 514 3582 de
532 3527 660 3581 Ecclesiae
677 3527 837 3594 preelectum
849 3531 905 3596 agi·
937 3527 1153 3594 hasdirigantur
1174 3528 1305 3582 mulieres
1330 3525 1441 3594 publice
1457 3538 1528 3592 prae·

312 3619 367 3676 tur,
376 3612 504 3667 universa
514 3612 625 3679 quidem
638 3613 781 3666 muliebris
793 3620 902 3680 natura,
936 3612 1061 3670 dicantes
1070 3619 1098 3667 et
1108 3621 1218 3669 erentes
1231 3627 1238 3664 ε
1251 3605 1344 3680 ergon
1361 3618 1453 3667 mente
1463 3616 1529 3679 ipe

312 3696 462 3754 functionis
485 3697 565 3751 istius
582 3697 648 3753 moli
666 3711 702 3752 ec
722 3698 904 3766 magnitudini
937 3698 1002 3753 stoli
1022 3698 1141 3752 alienum
1158 3698 1208 3753 luit
1234 3697 1269 3753 iis
1285 3699 1527 3766 veterepublicum

311 3781 567 3850 cedatoriortet.»i
936 3782 1218 3839 nerliimiuisterium.

346 3869 406 3922 ΞΜ.
415 3867 525 3922 Accedit
536 3867 594 3932 ipsa
604 3881 694 3922 aerum
702 3869 902 3934 conuenientia,
970 3869 1030 3921 287.
1042 3869 1120 3933 licen
1135 3870 1200 3931 Quae
1213 3868 1295 3921 tradit
1315 3868 1414 3921 Paulus
1434 3867 1470 3920 de
1481 3880 1528 3922 co·

310 3963 377 4017 quae
389 3949 474 4003 dictat
492 3949 635 4004 mulierem
663 3963 720 4004 nou
746 3953 848 4006 debere
874 3954 902 4007 in
936 3965 981 4007 ma
994 3953 1119 4010 colenda.
1131 3958 1159 4006 et
1169 3953 1204 4012 de
1213 3953 1275 4006 uelo
1288 3953 1384 4017 capitis
1395 3952 1528 4006 adnitten-

311 4033 401 4102 gmdu
423 4033 596 4088 eminentiori
614 4036 754 4100 constitui,
768 4038 814 4092 liei
829 4039 902 4094 vices
935 4035 990 4100 do,
1003 4048 1059 4088 non
1069 4040 1192 4101 spectant
1205 4035 1459 4099 oraedicationisvel
1470 4049 1529 4091 nra·

311 4118 462 4172 obeuntem
481 4117 509 4170 iu
527 4117 561 4192 iis
573 4131 635 4184 quae
648 4120 785 4187 pertinent
796 4123 903 4177 adani·
938 4121 1023 4176 tionis
1038 4135 1155 4186 munus,
1173 4122 1222 4176 sed
1243 4121 1486 4188 contessionem,
1498 4124 1526 4179 in

311 4204 501 4257 mmsalulem.
936 4206 1038 4274 quibus
1061 4207 1201 4274 quomedo
1222 4205 1352 4261 mulieres
1372 4220 1403 4264 se
1432 4221 1527 4276 gerere

339 4483 367 4534 ili
380 4483 446 4525 lCor.
456 4486 497 4527 1ir.
510 4493 541 4528 ot.
549 4487 580 4538 (1)
588 4487 604 4529 l.
614 4488 669 4530 Tim.
680 4488 703 4530 ii.
713 4495 743 4531 ll.
934 4503 1017 4534 women
1027 4502 1107 4543 among
1115 4490 1152 4532 the
1161 4490 1313 4542 Corinthiam,
1322 4493 1371 4533 ribo
1380 4493 1481 4536 trwlrled
1489 4493 1528 4535 ihc

334 4553 365 4602 tu
374 4553 429 4606 Epir.
439 4565 459 4594 r.
466 4557 498 4594 tt.
508 4556 535 4607 (t)
548 4556 605 4598 L-dc
614 4558 659 4598 Vel.
669 4558 723 4612 virg.
732 4572 752 4600 e.
761 4561 806 4602 riu.
934 4560 1048 4600 eharehol
1049 4560 1177 4601 Christrritlr
1185 4559 1240 4599 their
1246 4560 1389 4613 unprofltable
1395 4562 1527 4616 questionu

335 4622 366 4672 (ι)
377 4620 432 4661 llecr.
440 4622 493 4663 lau.
502 4625 530 4674 (ol
540 4625 563 4666 l..
572 4624 599 4666 ll.
609 4625 636 4668 de
645 4627 730 4670 sicem.
936 4631 1042 4683 Eareley,
1053 4630 1150 4683 Apology
1161 4641 1231 4682 ,prop
1251 4641 1271 4670 ι.
1278 4629 1297 4683 ξ.
1304 4631 1367 4674 aurii.

337 4691 370 4741 (7]
381 4704 390 4726 ι
400 4690 431 4730 'l'o
440 4701 530 4743 reptare
538 4693 575 4734 the
588 4693 742 4740 inconsiderate
751 4700 792 4742 end
801 4699 901 4742 tallativc
962 4699 990 4751 (a)
1005 4701 1050 4739 Act.
1058 4697 1081 4738 ii.
1092 4703 1123 4739 ti.
