3792 5550
387 564 443 626 *802
656 564 771 618 halcu.
788 563 856 618 llll.
875 563 905 614 P.
926 559 959 612 ll.
978 559 1021 613 Μ
1036 555 1143 611 BlSSAE
1161 558 1351 612 stcltlllcto.

392 700 443 755 pro
461 687 514 740 illis
531 683 658 742 omnihus
671 680 810 736 sacrifieiis
825 684 854 732 et
864 676 981 734 ohletlo·
1012 674 1114 730 visibili
1130 688 1245 728 munere
1261 675 1424 742 iungentes,
1435 675 1497 741 ipso
1509 674 1598 740 preci·

392 775 473 828 nihus
495 777 596 837 'corpus
614 770 673 836 ejus
685 767 808 831 offertur,
830 771 857 820 et
872 762 981 830 partiei-
1013 761 1231 828 menimento,
1250 762 1394 816 sacerdote
1418 761 1502 814 simul
1520 765 1547 812 et
1563 759 1598 813 ui·

390 854 735 928 pantihnsministraturs¹
1012 846 1105 900 clima·

425 947 466 998 78.
486 943 545 1008 dij.
562 943 602 996 ta.
621 941 731 994 confert
746 937 914 1006 Augustinus
926 938 979 989 Eu·
1045 935 1089 986 82.
1108 934 1168 1000 obj.
1187 935 1229 986 lt.
1243 935 1273 986 ln
1286 933 1368 985 llissd
1386 931 1462 984 nulla
1472 936 1516 984 est
1527 931 1598 984 ricti-

393 1029 549 1085 ohnristiem
570 1041 633 1080 cum
653 1026 828 1080 llehraeorum
840 1023 977 1078 uictimis:
1012 1014 1066 1072 mae
1075 1018 1212 1072 mentatio.

393 1136 406 1164 a
425 1114 529 1170 hehraei
539 1114 566 1167 iu
579 1112 695 1168 uictimis
704 1123 832 1178 pecorum
848 1110 979 1175 quaslleo
1044 1106 1087 1156 83.
1107 1105 1185 1168 liesp.
1204 1103 1284 1157 hissa
1302 1115 1359 1156 non
1379 1108 1422 1156 est
1436 1102 1596 1156 sacrificium

392 1200 544 1255 oderehent
554 1237 561 1263 ‚
571 1199 665 1252 multis
677 1204 705 1252 et
716 1196 798 1252 uariis
810 1196 911 1257 modis,
924 1195 979 1247 sic·
1013 1189 1099 1241 instar
1118 1189 1310 1264 illorumque
1327 1189 1391 1243 fuso
1403 1189 1539 1257 sanguine
1551 1189 1599 1241 im·

391 1295 421 1342 ut
433 1293 507 1340 tanta
530 1301 558 1339 ro
578 1286 692 1352 dignum
716 1287 793 1348 erat,
807 1283 979 1350 prophetiam
1011 1277 1187 1330 mdahentur
1200 1292 1207 1328 :
1220 1278 1324 1330 sedeat
1342 1279 1534 1341 incruentum,
1545 1291 1600 1343 my-

393 1371 689 1428 relehrnhsntluturae
709 1368 825 1424 viotimae
846 1380 928 1433 quern
949 1366 978 1420 in
1012 1363 1128 1428 sticum,
1147 1364 1434 1428 commemorantum,
1454 1376 1551 1417 rernm
1563 1370 1601 1415 ts-

391 1472 471 1513 oruoe
482 1458 606 1512 christus
622 1455 719 1510 ohtulit
738 1455 813 1521 :jam
834 1451 980 1506 Christiani
1013 1451 1283 1517 menetproprium‚
1295 1465 1381 1518 quum
1392 1449 1600 1513 innumeroso,

391 1544 494 1609 peracti
516 1542 640 1608 ejusdem
665 1540 789 1594 saoriheii
819 1538 979 1593 memoriam
1013 1544 1042 1591 et
1062 1541 1117 1592 lieo
1131 1535 1279 1604 oderetur,
1302 1538 1331 1591 in
1344 1551 1403 1592 suae
1414 1535 1566 1602 majestatis
1578 1541 1603 1588 et

391 1628 530 1684 celebrant
540 1631 712 1682 sacrosancta
734 1625 873 1680 oblatione
882 1630 909 1678 et
921 1637 980 1690 par·
1014 1624 1120 1679 arhitrii
1147 1626 1267 1692 supremi
1307 1625 1515 1688 testimonium,
1544 1633 1603 1689 que

391 1713 550 1780 tioipatione
562 1711 685 1779 corporis
695 1715 725 1765 et
740 1710 881 1779 sanguinis
905 1710 980 1764 Chri·
1008 1710 1202 1778 'precipunest
1217 1712 1344 1766 sacrificii
1362 1711 1460 1765 ratio.l
1470 1713 1513 1764 Fit
1525 1710 1603 1763 etiarn

392 1799 469 1853 sti.»⁸
865 1815 868 1820 ·
1012 1798 1126 1863 mystica
1146 1798 1388 1864 mactatio‚quum
1406 1798 1539 1850 distincta
1551 1798 1604 1849 ele-

425 1888 467 1938 ltl.
481 1888 559 1952 ltere.
572 1887 601 1938 ln
622 1898 655 1940 eo
668 1885 768 1952 posita
784 1891 827 1939 est
838 1895 980 1950 compara·
1012 1889 1170 1937 mentorum
1176 1885 1385 1938 consecratione
1395 1895 1499 1950 eorpus
1512 1889 1540 1936 et
1547 1897 1604 1936 san·

391 1971 475 2026 tionis
497 1971 555 2034 uis,
575 1971 650 2038 quod
672 1971 839 2026 Eucharistia
861 1969 980 2024 celebret
1012 1969 1231 2036 guiaponantun
1252 1969 1336 2024 veluti
1357 1983 1420 2022 ase
1434 1969 1553 2023 invicem
1564 1981 1603 2021 se·

392 2058 554 2112 sacrificium
575 2060 604 2109 in
621 2070 703 2110 cruce
726 2061 880 2122 peractum,
901 2055 980 2121 cujus
1012 2060 1162 2122 pamta‚ut
1177 2055 1358 2122 separationis
1374 2056 1457 2109 realis
1466 2059 1496 2108 in
1509 2069 1603 2117 cruce,

391 2142 487 2208 tigurse
499 2143 526 2194 in
537 2143 713 2196 llehraeorum
731 2141 848 2196 uictimis
861 2154 980 2208 praeees·
1013 2142 1124 2208 quando
1133 2141 1211 2195 fusus
1224 2147 1266 2196 est
1278 2142 1409 2208 sanguis,
1422 2143 1514 2208 imago
1530 2153 1603 2207 quae·

391 2232 485 2280 serant
505 2243 511 2278 z
530 2232 658 2280 caeterurn
677 2239 733 2280 non
751 2237 853 2279 meram
878 2239 982 2280 memo·
1012 2227 1076 2280 dam
1087 2228 1227 2281 hahentur.
1242 2228 1310 2282 ilinc
1329 2228 1545 2294 Chrysostomus
1563 2228 1604 2293 ju-

391 2311 477 2375 niam,
496 2311 544 2364 sed
555 2315 754 2366 sacrosanctam
775 2312 943 2366 oblationem
953 2318 981 2366 et
1013 2319 1118 2366 rautem
1137 2327 1187 2380 per
1208 2314 1294 2367 altare
1312 2313 1475 2380 increpans,
1486 2325 1544 2366 non
1558 2312 1603 2365 du·

390 2395 625 2461 participationem
642 2397 767 2462 eorporis
788 2401 815 2449 et
836 2397 980 2464 sauguinis
1012 2397 1081 2451 hitat
1090 2398 1195 2452 dicere:
1211 2399 1373 2466 «Quidagis,
1386 2401 1523 2453 ohomoi
1529 2399 1603 2466 juras

391 2479 489 2532 Christi
500 2480 623 2546 agnoscit
642 2481 818 2544 Augustinus.
967 2501 974 2512 ·
1014 2497 1213 2551 supersaersm
1226 2498 1368 2551 mensam,
1382 2485 1430 2539 uhi
1439 2490 1468 2539 et
1481 2484 1602 2537 Christus

396 2601 398 2604 -
424 2566 466 2617 80.
491 2565 551 2631 otj.
574 2568 614 2618 ld
630 2567 700 2620 Nulli
720 2573 784 2620 suut
796 2568 824 2621 in
840 2581 910 2622 nova
921 2570 981 2636 loge
1013 2573 1121 2626 occisus
1131 2573 1269 2640 inosti-⁸

391 2653 490 2716 praeter
510 2651 646 2706 Christum
668 2655 840 2716 sacerdotem
865 2658 979 2720 Aposto—
1046 2659 1088 2709 at.
1112 2658 1171 2724 obj.
1188 2660 1228 2709 ld.
1247 2657 1275 2708 Si
1300 2655 1424 2709 Christus
1447 2655 1602 2708 immoletur

390 2735 518 2791 luseninr
536 2737 571 2791 de
582 2741 696 2805 antiquo
713 2741 867 2795 sacerdotio
885 2741 953 2795 dicit
971 2757 978 2794 r
1012 2743 1121 2811 quoties
1132 2743 1213 2796 llissa
1224 2741 1387 2804 celebratur,
1403 2742 1462 2807 jam
1481 2739 1600 2793 donnica

390 2840 406 2870 r<
418 2821 468 2875 alii
481 2823 593 2888 quidem
603 2825 695 2889 plures
706 2825 843 2879 iactisunt
854 2829 980 2883 sacerdo
1012 2830 1109 2882 salutis
1129 2829 1219 2883 hostia
1237 2833 1382 2883 autument
1401 2844 1408 2879 ε
1432 2827 1601 2895 quodsinry·

390 2906 557 2971 tes‚ldcireo
570 2909 644 2975 quod
663 2916 752 2963 rnorte
769 2912 980 2976 prohiberentur
1012 2914 1081 2967 stioe
1105 2920 1210 2967 tanturn
1234 2915 1407 2975 immoletur,
1422 2927 1509 2967 sensu
1530 2911 1601 2965 latio

390 2993 722 3057 permanerezhicautem
736 2997 855 3063 eoquod
868 3005 979 3053 maneat
1011 2997 1051 3060 ri,
1081 3003 1110 3051 et
1128 2998 1220 3051 minus
1242 2998 1354 3065 proprio
1377 2998 1481 3053 dieitur
1498 2996 1600 3052 sacriti-

390 3074 418 3127 in
438 3080 580 3141 aeternum‚
591 3078 786 3144 sempiternum
797 3082 879 3136 hahet
891 3091 980 3138 saeer-
1010 3084 1093 3137 oium.

390 3162 550 3218 (loliumofl
1045 3173 1088 3223 85.
1104 3172 1183 3238 limp.
1205 3172 1364 3226 immolatur
1376 3170 1502 3224 christus
1513 3171 1599 3223 incru-

422 3249 464 3299 8l.
478 3250 555 3315 nep.
572 3252 758 3305 praestantiam
772 3253 869 3309 Christi
887 3268 979 3311 secer·
1012 3262 1093 3319 ente,
1117 3262 1144 3309 et
1164 3257 1294 3323 mystice,
1317 3269 1382 3310 vere
1404 3263 1512 3319 tamen,
1541 3256 1599 3322 quia

389 3333 608 3402 dotiinpostolus
618 3337 788 3395 demonstret
798 3378 804 3403 ,
816 3354 900 3407 quum
909 3356 978 3409 prae·
1012 3355 1112 3408 eorpus
1121 3344 1181 3409 eius
1191 3347 1221 3397 et
1232 3344 1346 3409 sanguis
1355 3343 1503 3407 presentia
1516 3344 1597 3403 liunt,

389 3418 494 3474 dicetur
504 3423 531 3473 in
540 3428 672 3475 aeternum
683 3425 812 3478 sacerdos
823 3429 976 3484 secundum
1011 3433 1039 3480 et
1049 3430 1102 3480 lleo
1116 3426 1278 3491 offeruntur,
1290 3427 1324 3480 nd
1337 3426 1460 3481 dinnem
1473 3428 1600 3494 majesta·

389 3504 513 3559 ordinem
535 3508 746 3571 Melchisedech3
766 3514 854 3563 Aaron
874 3515 977 3582 quippe
1011 3518 1064 3567 tem
1088 3510 1493 3580 colendamulpseoilerens,
1520 3513 1598 3567 idem·

389 3586 499 3640 brevem
520 3592 582 3643 vilse
602 3592 768 3648 curriculum
787 3608 838 3650 suo
861 3611 977 3653 munere
1010 3612 1068 3665 que,
1084 3599 1264 3666 hostia3ipse
1276 3602 1388 3665 dgnus,
1407 3600 1526 3665 ipseque
1545 3598 1598 3665 gla-

388 3673 548 3727 sacerdotali
561 3675 978 3745 iunctusest;quoevivissuh·
1009 3684 1597 3751 diusspiritus.u⁸ltaretusauctor,cujus

389 3756 462 3817 lato,
487 3758 532 3809 alii
550 3759 578 3812 in
598 3762 973 3826 ejuslocumsuttectisunt:
1008 3770 1096 3823 oratio
1130 3771 1203 3824 inter
1232 3771 1324 3838 cyrilli
1353 3767 1592 3837 liierosolymitanl

389 3840 511 3896 Christus
534 3850 638 3909 autem,
662 3849 789 3915 eoquod
810 3860 920 3908 maneat
947 3856 976 3909 ln
1009 3857 1177 3922 operaedlta
1190 3864 1242 3911 est.
1255 3858 1429 3924 igiturunioa
1443 3856 1597 3915 esthostie,

389 3930 745 4022 aeternum‚sempiternum
755 3935 837 3990 hahet
849 3942 977 3995 secerdo-
1009 3944 1148 4008 Christus,
1165 3946 1212 4012 qul
1231 3947 1317 4000 sernel
1338 3951 1454 4001 eruente
1477 3944 1598 4000 immola·

387 4017 470 4077 trum,
481 4015 556 4079 quod
575 4024 603 4070 et
616 4024 723 4071 exercet
739 4035 745 4071 r
759 4021 885 4077 homines
898 4026 971 4080 enlm
1006 4035 1069 4093 tus,
1085 4030 1224 4095 qnotidie,
1247 4031 1304 4084 imo
1327 4032 1383 4084 iere
1409 4031 1529 4098 singulis
1546 4038 1599 4081 mo

388 4098 498 4175 nonnisi
506 4100 622 4156 ministri
634 4104 693 4171 ejus
702 4110 850 4175 sunt‚ejus
863 4112 975 4167 nomine
1008 4115 1123 4178 mentis,
1140 4118 1195 4169 lieo
1205 4114 1343 4169 otiertnr.⁷
1353 4118 1453 4169 ilerum
1463 4115 1547 4169 etiem
1559 4118 1599 4167 est

416 4378 443 4429 (Ι)
453 4380 477 4420 L·
486 4384 569 4427 iulide
578 4386 618 4427 cir.
627 4386 663 4427 liei
672 4414 679 4436 ‚
688 4397 707 4428 a.
716 4398 748 4427 u.
1005 4408 1018 4437 e
1032 4396 1118 4449 hloyte,
1135 4397 1186 4438 Gen.
1200 4398 1230 4439 ir.
1247 4403 1266 4439 l.
1275 4399 1346 4440 hostia
1357 4393 1451 4440 docta·
1463 4400 1539 4442 Paulo.
1546 4399 1598 4439 lieh-

416 4450 443 4502 (ε)
452 4450 475 4489 L.
489 4464 521 4491 u.
528 4460 602 4494 contra
611 4456 715 4495 Faustum
723 4456 809 4497 enriii.
1005 4464 1034 4505 xi.
1051 4471 1071 4505 t.
1092 4466 1119 4517 lo)
1130 4467 1193 4506 llom.
1202 4478 1236 4507 xv.
1244 4468 1272 4507 ad
1281 4469 1396 4520 populum.

413 4524 440 4576 (a)
451 4524 504 4565 lleh.
513 4524 549 4565 rii.
566 4530 598 4565 an.
605 4528 638 4563 ll.
1032 4533 1059 4585 (o)
1069 4534 1132 4574 dom.
1142 4535 1168 4575 de
1177 4536 1258 4578 Christi
1265 4547 1359 4578 occursu
1368 4538 1392 4579 in
1404 4540 1496 4593 templo.

411 4593 550 4645 (dividentur
574 4594 693 4645 primorum
715 4592 828 4633 hominum
852 4595 972 4638 oblationes
1031 4602 1271 4657 (lleilarelsaidany
1286 4606 1349 4657 thing
1364 4612 1388 4647 to
1406 4619 1474 4648 cause
1489 4619 1532 4661 any
1550 4618 1600 4648 man

386 4670 509 4726 hujusmodi
524 4670 604 4726 luisse,
617 4682 665 4727 qum
678 4669 758 4713 idcirco
774 4670 852 4725 illul)
866 4671 969 4715 dicuntur
1001 4668 1135 4721 toimagine,
1144 4672 1190 4711 that
1207 4675 1216 4712 l
1230 4684 1326 4727 suppose
1335 4676 1416 4716 Cannar
1430 4677 1484 4717 tobe
1493 4675 1597 4717 crucifici

996 4738 1060 4793 again
1070 4749 1110 4791 ,ns
1118 4740 1175 4783 osten
1183 4752 1208 4783 as
1217 4743 1254 4786 the
1261 4744 1377 4793 Eucherist
1386 4745 1405 4791 is
1416 4746 1559 4791 celeummdt
