3792 5550
635 558 705 612 GAP.
725 559 744 610 l.
763 553 806 636 DE
823 558 993 613 saculrlcll
1012 556 1182 612 vuulla'lli.
1390 574 1393 579 ·
1465 564 1514 616 lab

308 671 395 725 criticii
413 671 686 742 historiam,populo
707 676 889 738 acclamante,
922 685 1039 740 corpus,
1058 685 1090 727 ac
1107 672 1257 739 pretiosum
1281 676 1441 743 sanguinem
1468 690 1513 730 su·

306 762 408 820 Amen,
434 759 563 814 sacerdos
587 765 714 827 precatur
736 777 743 813 ι
763 781 778 811 u
799 761 891 816 otieri-
923 765 989 812 mat.
1009 758 1051 807 »¹

306 855 364 896 mus
377 842 436 906 tibi,
450 843 581 914 bomine,
600 846 652 899 boc
664 845 828 900 sacrificium
840 861 890 902 ue·
956 848 998 898 48.
1013 844 1131 912 liturgia
1144 847 1171 898 S.
1186 845 1278 899 Basilii
1290 847 1396 902 usuoiis
1408 848 1437 900 iu
1448 859 1509 902 ora·

306 927 454 980 perandum
497 933 525 982 et
563 929 763 994 incruentum,
802 951 818 981 n
860 933 888 988 in
923 930 997 985 tione
1013 932 1219 997 propositionis,
1238 933 1343 986 scilicet
1363 933 1430 986 dum
1450 946 1511 986 ruu-

304 1012 386 1066 altero
403 1013 499 1068 codice
521 1029 527 1066 ι
546 1034 558 1062 α
577 1016 697 1070 terribile
720 1022 747 1070 et
765 1015 889 1076 incruen-
914 1029 989 1080 ,uera
1010 1017 1037 1070 in
1059 1017 1136 1070 altari
1154 1023 1309 1083 ponuntur,
1330 1019 1390 1078 baec
1406 1017 1509 1072 babet:

305 1101 368 1160 tum;
387 1117 400 1144 o
421 1103 450 1152 et
460 1100 549 1166 pergit
560 1112 638 1155 orare
658 1103 787 1168 proviuis
799 1109 827 1157 et
844 1104 889 1158 de
924 1123 937 1150 r
955 1104 1072 1158 benedic
1092 1105 1162 1158 banc
1174 1105 1391 1171 propositionem
1410 1109 1438 1158 et
1450 1116 1512 1158 eam

304 1182 409 1238 iunctis.
921 1189 1031 1256 suscipe
1044 1189 1072 1243 in
1085 1189 1274 1255 supcrcoelesti
1286 1197 1333 1242 tuo
1342 1189 1431 1242 altari.
1443 1224 1467 1241 ..
1480 1227 1487 1242 .
1502 1226 1511 1242 .

335 1269 374 1322 ib.
387 1271 416 1324 ln
425 1270 537 1324 S.llarci
544 1270 663 1339 liturgia
672 1273 738 1326 dum
755 1275 885 1332 sacerdos
920 1281 949 1328 et
961 1287 1012 1328 nos
1025 1275 1061 1328 ab
1079 1275 1156 1328 omni
1169 1275 1398 1330 condemnatione
1416 1277 1513 1328 immu-

304 1354 453 1424 ingreditur
471 1357 505 1410 ad
524 1359 625 1423 altare,
642 1366 702 1415 orat
715 1374 722 1412 :
736 1381 748 1406 o
762 1361 886 1428 bomine,
920 1372 971 1414 nes
992 1372 1143 1423 conserua,
1156 1359 1184 1412 in
1205 1359 1340 1414 sacridcio
1356 1360 1511 1416 diuinorum

301 1441 358 1508 ipse
367 1456 419 1496 uns
430 1440 694 1512 sanctitica‚nosque
707 1446 820 1514 dignare
831 1453 887 1501 tre·
920 1450 1029 1500 tuorum
1066 1444 1268 1513 mysteriorum.
1302 1466 1315 1492 a
1344 1445 1376 1496 ln
1404 1444 1513 1510 Coptioo

301 1529 400 1582 mendo
412 1534 459 1583 tuo
471 1530 636 1595 sacerdotio,
648 1545 756 1599 nosque
766 1533 833 1589 siste
842 1547 887 1588 uc·
920 1531 1040 1598 liturgia
1052 1536 1113 1586 orat
1124 1531 1255 1585 sacerdos
1268 1544 1275 1581 ι
1292 1550 1305 1578 «
1318 1532 1370 1593 lu,
1387 1528 1511 1593 Domine,

300 1615 420 1668 nerando
433 1615 510 1668 altari
522 1621 578 1669 tuo.
596 1634 608 1666 ι
623 1617 653 1670 ln
672 1618 830 1684 praelatione
842 1619 888 1672 di·
921 1615 997 1668 effice
1010 1628 1061 1668 nos
1073 1616 1181 1683 dignos,
1195 1615 1382 1682 peruirtutem
1392 1614 1512 1682 spiritus

300 1697 435 1750 nitunt«
459 1697 605 1752 offerimus
634 1702 823 1756 rationabilem
861 1708 889 1758 et
921 1699 960 1752 tui
978 1701 1087 1764 sancti,
1106 1705 1135 1754 ut
1153 1701 1209 1756 boc
1227 1701 1410 1754 ministerium
1432 1700 1512 1768 perii·

298 1781 470 1838 incruentam
503 1789 612 1854 siquas
634 1799 684 1840 seu
720 1788 888 1844 oblationem
921 1786 1028 1839 ciamus
1064 1824 1070 1837 .
1108 1823 1115 1837 .
1152 1825 1158 1838 .
1196 1824 1203 1838 .
1237 1793 1266 1841 et
1290 1786 1438 1841 oderamus
1457 1787 1507 1840 tibi

298 1868 389 1932 banc,
416 1883 499 1935 quam
527 1869 646 1924 oderunt
662 1871 731 1936 tibi,
755 1873 888 1938 bomine,
921 1871 1085 1926 sacrificium
1109 1873 1162 1927 boc
1180 1872 1390 1928 benedictionis.
1409 1875 1446 1926 lla
1466 1885 1513 1935 uo

297 1966 395 2009 omnes
409 1961 504 2022 gentes
522 1956 557 2010 ab
575 1963 636 2012 ortu
658 1958 725 2014 solis
747 1960 887 2026 usquead
920 1957 965 2011 bis
985 1963 1015 2010 ut
1031 1957 1197 2012 sacrificium
1219 1962 1344 2012 nostrum
1368 1971 1462 2012 coram
1486 1964 1513 2012 te

296 2051 426 2094 occasum
437 2053 444 2102 ;
455 2054 470 2094 a
480 2043 672 2108 septentrione
682 2044 717 2098 ad
730 2043 885 2098 lleridicm:
920 2049 1064 2109 acceptum
1077 2042 1121 2107 sit,
1132 2055 1182 2110 pro
1195 2043 1315 2110 peccatis
1326 2042 1411 2106 meis,
1422 2049 1451 2097 et
1462 2055 1513 2109 pro

297 2125 359 2192 quia
372 2139 501 2194 magnum
517 2140 617 2182 nomeu
629 2130 745 2183 tuumin
758 2130 887 2184 omnibus
920 2125 1085 2192 incipiendis
1103 2125 1192 2193 plebis
1220 2130 1283 2180 tuan.
1307 2143 1323 2174 a
1348 2128 1379 2179 ln
1398 2127 1514 2179 alexan·

297 2212 445 2276 gentibus,
463 2218 491 2268 et
510 2213 539 2266 in
558 2214 632 2268 omui
656 2216 718 2270 loco
743 2215 885 2270 incensum
919 2212 1000 2265 drina
1023 2211 1142 2280 liturg-ia
1165 2211 1254 2266 oratio
1278 2211 1414 2278 reperitur
1428 2225 1461 2266 ex
1482 2211 1511 2266 S.

297 2285 409 2350 nacitur
422 2298 526 2352 nomini
546 2306 641 2354 sancto
658 2306 722 2366 tuo,
736 2308 763 2356 et
783 2302 887 2356 sacriti-
918 2298 1015 2352 iacobi
1037 2298 1159 2365 liturgia
1176 2297 1321 2362 desumpta
1341 2312 1348 2348 ι
1370 2316 1383 2343 ι
1409 2299 1448 2350 lle
1469 2310 1512 2351 re·

296 2381 384 2447 cium,
403 2389 431 2437 et
440 2385 553 2438 oblatio.
575 2387 736 2442 »sacerdos
757 2389 884 2455 mysteria
919 2383 1005 2448 pellas
1028 2395 1080 2436 nos
1103 2388 1282 2448 peccatores,
1299 2382 1348 2448 qui
1367 2380 1510 2436 oderimus

297 2476 389 2524 sancta
403 2471 545 2538 signaculo
554 2473 643 2527 crucis
657 2473 757 2542 signat,
770 2475 884 2530 diceus:
919 2468 968 2521 tibi
979 2469 1153 2523 tremendum
1170 2469 1223 2523 boc
1241 2473 1270 2522 et
1280 2468 1452 2523 incruentum
1466 2483 1512 2523 sa·

297 2589 304 2605 ·
341 2593 348 2607 .
386 2593 393 2607 .
431 2577 471 2609 ,ι
486 2560 554 2620 Fac,
577 2570 595 2613 o
616 2560 704 2623 lleus,
723 2564 753 2612 ut
774 2561 885 2625 plenum
919 2553 1061 2606 orificium.
1089 2573 1102 2599 ι

295 2652 407 2706 quoque
425 2641 524 2696 sithoc
538 2643 701 2697 sacrificium
717 2643 885 2698 benedictio·
951 2639 995 2689 lb.
1007 2640 1154 2704 P0⁸²tll¹³m
1174 2636 1339 2704 extilifflfflm
1352 2641 1395 2690 ³⁵²
1412 2649 1510 2704 ⁰0i90·

295 2737 331 2779 no
343 2729 389 2779 tua
402 2738 451 2791 per
463 2726 611 2783 adveutum
621 2725 787 2783 sanctissimi
801 2727 887 2797 spiri·
920 2722 993 2787 nale,
1006 2727 1066 2776 Orat
1077 2721 1225 2777 sacerd0⁵³
1241 2741 1254 2768 ι
1268 2724 1287 2777 F
1288 2735 1321 2777 ιθ
1339 2734 1384 2777 11¹³
1408 2721 1509 2779 virtute

297 2816 342 2865 tos
356 2810 404 2864 tui.
425 2830 438 2859 s
919 2810 1006 2863 sancti
1024 2809 1063 2863 tui
1075 2808 1190 2878 Spiritus
1211 2808 1359 2875 idoneum,
1371 2815 1401 2863 ut
1421 2822 1510 2864 sacer-

328 2898 370 2949 ld.
384 2897 414 2949 ln
429 2895 547 2963 liturgia
567 2910 629 2964 quaa
646 2898 675 2951 ln
698 2898 769 2953 libro
787 2906 883 2957 octavo
918 2894 985 2949 dotii
997 2895 1279 2964 gratiaiudutusbuic
1291 2902 1394 2951 sanctae
1405 2909 1509 2951 mensae

296 2982 526 3036 constitutionum
553 2984 770 3049 apostolicarum
801 2986 883 3041 reier·
917 2980 1065 3045 adsistam,
1078 2987 1106 3035 θῑ
1120 2988 1245 3035 sanctum
1269 2987 1346 3037 illum
1367 2988 1396 3036 el
1410 2982 1509 3037 immil-

295 3070 347 3128 tur,
363 3071 426 3135 post
439 3067 521 3121 verba
535 3068 672 3125 bominica
685 3071 813 3137 recitata,
825 3086 883 3139 per·
915 3067 1036 3123 colatum
1056 3080 1156 3134 corpus
1185 3074 1263 3121 tuum
1286 3073 1314 3121 et
1343 3068 1508 3135 sanguinem

295 3151 335 3217 git
350 3151 481 3207 sacerdos
494 3152 595 3219 gratias
606 3156 661 3207 lleo
673 3168 800 3223 agenszu
818 3160 882 3223 qula
917 3154 1068 3219 pretiosum
1089 3166 1261 3207 consecrem.
1298 3191 1305 3206 .
1351 3192 1358 3205 .
1403 3190 1411 3204 .
1446 3189 1455 3203 .
1499 3193 1505 3206 .

294 3247 345 3289 uos
373 3236 474 3305 dignos
503 3236 643 3299 habuisti,
671 3238 718 3305 qui
747 3245 882 3297 staremus
917 3237 1045 3301 tapnim
1062 3249 1093 3289 es
1113 3238 1160 3303 qui
1181 3236 1264 3291 offers
1285 3244 1313 3291 et
1336 3236 1452 3291 offerris.
1475 3266 1508 3276 —

293 3332 385 3374 eoram
410 3326 453 3385 te,
475 3334 509 3373 ac
524 3322 680 3378 sacerdotio
707 3323 883 3391 fungeremur
917 3341 944 3371 σν
967 3342 1014 3388 pap
1041 3325 1059 3369 o
1083 3325 1092 3369 t
1112 3336 1232 3389 ηοσφιρω
1259 3323 1298 3371 ul
1327 3337 1507 3389 ψεφιριμυω.

294 3404 358 3471 tibi;
379 3413 407 3461 et
430 3405 570 3473 poscimus
592 3412 639 3470 te,
665 3412 695 3460 ιιι
716 3420 800 3473 super
824 3410 884 3465 hacc
917 3405 976 3458 Tibi
993 3405 1111 3471 placeat,
1132 3405 1260 3465 Domine.
1281 3412 1310 3458 ιιι
1328 3406 1508 3459 simusmini-

293 3490 364 3545 dona
387 3492 416 3545 iu
438 3497 587 3557 conspectu
604 3496 652 3546 tuo
665 3494 805 3559 proposita
824 3497 883 3563 pla·
916 3491 966 3545 stri
1002 3528 1009 3543 .
1045 3529 1051 3543 .
1087 3529 1095 3543 .
1133 3530 1139 3545 .
1175 3491 1250 3559 digni
1276 3491 1323 3546 tibi
1343 3489 1508 3547 oilerreboc

291 3580 352 3629 cate
366 3574 517 3641 respicias,
536 3580 565 3629 tu
582 3578 627 3645 qui
653 3579 754 3633 nullius
775 3580 882 3649 indiges
915 3578 1047 3635 rationale
1072 3584 1099 3632 et
1124 3579 1296 3633 incruentum
1320 3578 1506 3644 sacrificium,

291 3663 375 3725 lleus,
396 3666 423 3714 et
444 3661 666 3729 beneplaceasin
678 3666 718 3720 eis
736 3666 769 3719 ad
791 3668 881 3723 bono·
916 3692 945 3705 —
965 3674 999 3716 na
1017 3667 1140 3735 vpacpipb
1157 3668 1192 3717 ool
1207 3688 1241 3717 m
1262 3668 1351 3733 stylum
1371 3669 1446 3718 raim
1466 3669 1507 3719 rel

292 3760 349 3801 rem
361 3746 459 3802 Christi
470 3747 525 3810 tui,
539 3754 621 3819 atqua
632 3764 714 3818 supra
733 3752 785 3809 hoc
795 3754 880 3810 sacri·
914 3754 1052 3817 areima
1083 3754 1168 3807 tvaim.
1198 3754 1227 3805 ln
1256 3752 1436 3807 alexandrina
1461 3753 1508 3806 Li·

292 3831 879 3905 flciummittassauctumtuumSpiritum.o
915 3840 1002 3906 turgia
1027 3845 1087 3893 orat
1118 3855 1125 3891 ε
1156 3859 1168 3886 ι
1193 3844 1223 3891 ut
1254 3838 1329 3904 digni
1357 3838 1506 3891 etilciamur

292 3919 321 3973 ln
345 3920 518 3977 ordinatione
547 3922 672 3989 Episcopi
693 3924 781 3977 oratio
808 3926 836 3978 ιιι
851 3929 881 3977 ut
914 3924 1014 3979 offerre
1027 3926 1076 3978 tibi
1088 3926 1161 3978 dona
1175 3931 1202 3977 et
1222 3925 1356 3977 sacrificia
1374 3936 1425 3990 pro
1442 3937 1505 3991 pcc·

293 4004 344 4059 lteo
358 4007 466 4072 placcat
487 4018 521 4057 :a
540 4005 681 4062 offerendo
696 4006 754 4061 libi
779 4021 878 4076 purum
913 4009 981 4063 eatis
998 4009 1100 4063 nostris
1121 4014 1148 4061 et
1164 4007 1258 4073 populi
1278 4007 1317 4059 tui
1332 4006 1503 4074 ignorantiis,

291 4094 317 4143 ot
331 4091 504 4145 incruentum
517 4092 720 4150 sacrificium.»
744 4092 752 4127 ¹
912 4098 940 4147 et
960 4093 995 4145 da
1021 4092 1102 4146 nobis
1119 4096 1150 4145 ut
1169 4105 1232 4145 cum
1255 4090 1329 4144 omui
1358 4092 1455 4145 umore
1475 4098 1504 4145 et

320 4177 362 4231 u.
383 4180 415 4231 ln
438 4178 508 4232 libro
526 4178 667 4242 secundo,
686 4178 809 4245 pluribus
830 4179 878 4233 de·
912 4178 1081 4235 conscientia
1105 4192 1171 4244 pura
1190 4175 1338 4231 offeramus
1359 4176 1409 4229 tibi
1426 4178 1505 4243 spiri·

291 4260 414 4331 seriptis,
427 4264 542 4319 dicitur:
556 4284 568 4311 ι
584 4267 649 4319 Post
659 4264 704 4317 illa
714 4264 876 4323 sacrificium
910 4264 985 4317 tuate
1000 4263 1054 4317 boc
1068 4268 1096 4315 et
1107 4262 1279 4317 incruentum
1295 4261 1467 4317 sacrificium.
1486 4277 1499 4313 ι

290 4343 350 4411 ilat,
380 4354 469 4405 stante
490 4350 564 4404 omni
590 4350 713 4417 populo,
740 4357 767 4405 et
794 4350 876 4407 tacite
910 4348 1150 4402 consecrationem
1182 4347 1348 4402 dominicam
1385 4348 1499 4412 recitat,

289 4439 441 4494 precante:
474 4448 591 4501 cumque
620 4435 742 4490 oblatum
771 4436 874 4501 suerit,
909 4440 937 4489 et
966 4433 1070 4501 peragit
1101 4432 1249 4495 sacerdos,
1267 4433 1356 4487 choro
1384 4440 1499 4488 canente

289 4518 475 4587 unusquisque
488 4521 693 4577 ordoseorsum
706 4521 874 4577 dominicum
908 4522 1018 4584 Amen5
1042 4520 1172 4587 deinceps
1193 4519 1259 4573 dicit
1278 4521 1496 4575 :recitaremus

315 4762 342 4822 (ι)
354 4764 376 4805 L.
384 4766 430 4811 viii.
439 4778 458 4807 e.
469 4779 488 4809 v.
499 4788 522 4802 -›·
532 4768 572 4810 xvi.
937 4768 965 4822 (a)
975 4768 999 4811 b.
1009 4766 1030 4807 ii.
1040 4778 1059 4808 c.
1068 4766 1114 4810 lvii.
