3792 5550
649 969 1023 1084 TRACTATUS
1056 981 1168 1088 XV.

719 1421 773 1489 uu
797 1423 1099 1527 rinocororus

504 2263 681 2304 censorium.
926 2253 1008 2306 melia
1032 2253 1218 2322 indulgentias
1245 2253 1514 2310 insumensl'raeive·

923 2342 986 2390 rant
1006 2338 1114 2406 utrique
1137 2339 1303 2393 waldenses
1321 2343 1349 2393 et
1365 2339 1514 2394 Wiclrleffr·

331 2434 354 2482 l.
368 2427 602 2496 indulgentiarum
614 2425 758 2480 occasione
772 2428 832 2479 orta
845 2430 887 2478 est
920 2426 982 2475 tae:
1015 2423 1102 2477 secuti
1123 2429 1188 2477 suut
1207 2425 1379 2490 lamoniam,
1411 2427 1512 2492 quibus

299 2517 411 2569 lutheri
424 2515 538 2568 haeresis
559 2529 566 2565 ε
588 2527 673 2580 quum
694 2511 768 2565 enim
787 2514 841 2564 Leo
854 2513 886 2562 x.
921 2507 1021 2561 merito
1051 2515 1213 2563 accensetur
1235 2512 1387 2576 Episcopus
1420 2512 1511 2566 infelix

296 2602 418 2655 fidelium
442 2600 563 2653 studium
592 2599 625 2650 ad
647 2598 836 2662 eleemosynas
857 2595 886 2646 in
919 2592 1235 2657 Pistoriensis‚liiecius
1272 2608 1335 2647 cum
1359 2609 1409 2647 sua
1432 2609 1512 2662 syno-

295 2687 428 2752 templis.
441 2683 512 2737 Petri
529 2682 695 2735 erectionem
706 2680 886 2734 conferendas
924 2677 961 2731 do
970 2691 977 2739 ;
987 2677 1014 2728 hi
1028 2677 1194 2732 scilicetrim
1208 2678 1439 2745 indulgentiarum
1451 2693 1512 2733 eva-

295 2778 326 2827 ut
347 2770 493 2834 excitaret,
519 2767 664 2822 obtulisset
686 2764 884 2833 indulgentias,
920 2767 1055 2828 conules,
1073 2763 1178 2819 desola
1191 2763 1330 2820 canonicae
1342 2765 1509 2833 poenitemiae

293 2860 344 2913 has
354 2857 548 2927 promulgandi
563 2856 590 2908 in
601 2855 717 2908 saxonia
727 2867 828 2907 munus
837 2855 885 2907 Te·
921 2849 1087 2904 relaxatione
1105 2864 1152 2905 eas
1164 2852 1308 2917 explicant.
1322 2853 1508 2919 oxonienses,

293 2945 361 2999 zelio
375 2958 409 2999 ex
429 2943 529 2997 Ordine
546 2944 573 2994 S.
596 2938 885 3004 liominici,etfratri·
923 2936 1125 3005 indulgentias,
1148 2940 1244 3005 quales
1269 2953 1344 2993 nunc
1368 2940 1509 3005 obtinent,

293 3030 347 3084 bus
359 3030 434 3093 suis,
446 3028 640 3082 demandatum
656 3031 698 3080 est
710 3026 745 3079 alt
757 3024 881 3089 Alberlo,
918 3024 1018 3079 dicunt
1027 3026 1171 3081 recentiori
1181 3040 1240 3081 aevo
1254 3040 1316 3081 esse
1326 3027 1510 3081 adiuuentas.¹

292 3116 503 3183 archiepiscopo
515 3113 690 3178 lloguntiu03
707 3124 823 3177 quaeres
834 3114 883 3163 Lu·
951 3112 977 3163 2.
1001 3114 1069 3165 Vera
1093 3113 1268 3179 indulgentiae
1282 3112 1374 3177 notio,
1389 3119 1471 3179 prout
1482 3114 1509 3165 in

294 3202 372 3257 thero
387 3202 504 3266 aliisque
516 3212 549 3251 ex
561 3198 687 3251 Eremitis
700 3199 727 3248 s.
740 3195 882 3262 Augustini
921 3196 1094 3249 documentis
1129 3198 1323 3251 ecclesiasticis
1344 3203 1509 3263 usurpatur,

291 3285 438 3340 offensioni
450 3284 508 3336 luit.
521 3287 600 3336 Anno
611 3285 675 3335 loll
688 3281 723 3333 ed
733 3281 815 3333 finem
825 3293 883 3335 ver·
917 3286 960 3335 est
972 3281 1098 3336 remissio
1112 3295 1201 3348 poenae
1220 3284 1379 3349 temporalis
1390 3284 1510 3348 peccatis

290 3377 387 3438 gente,
406 3357 473 3422 dum
483 3367 571 3421 turbae
581 3366 704 3433 undique
715 3366 884 3420 confluerent
915 3368 973 3431 jam
987 3367 1111 3421 remissis
1122 3368 1236 3430 debitae,
1249 3367 1318 3420 lacta
1330 3372 1405 3420 extra
1418 3369 1510 3421 Sacra·

292 3458 328 3510 ad
352 3456 538 3522 indulgentias
558 3453 773 3519 comparandas,
787 3454 885 3507 luthe-
911 3456 1042 3507 mentum
1056 3452 1091 3505 alt
1102 3465 1135 3506 co
1146 3452 1189 3506 cui
1200 3452 1315 3507 clavium
1330 3457 1450 3518 potestas
1458 3460 1510 3518 est,

291 3554 340 3595 rus
359 3539 539 3606 wittenbergi
562 3539 597 3592 de
617 3538 651 3592 iis
665 3539 759 3593 hebuit
774 3539 883 3594 concio·
917 3546 944 3594 et
953 3542 999 3607 jus
1010 3540 1168 3593 thesaurum
1179 3539 1308 3595 lleclesiae
1321 3541 1509 3607 dispensandi.

293 3641 378 3692 uem,
392 3628 421 3678 tn
433 3638 486 3700 quta
499 3625 533 3679 de
548 3638 642 3678 earum
662 3626 751 3679 abusu
769 3631 883 3693 questus
919 3625 1026 3680 Peccati
1038 3625 1164 3681 remissio
1174 3628 1248 3679 rrulla
1258 3626 1436 3695 indulgentiis
1446 3640 1509 3681 con-

291 3719 349 3777 est,
365 3717 394 3767 et
416 3724 510 3765 cerum
528 3710 720 3765 necessitatem
742 3710 884 3779 impugna·
917 3712 1046 3767 ceditur:
1066 3727 1128 3768 nem
1150 3714 1209 3767 haec
1219 3714 1321 3781 pendet
1340 3706 1373 3768 e‘x
1391 3712 1507 3769 clavium

292 3798 341 3863 vit,
355 3810 426 3852 nova
440 3797 580 3863 proposita
588 3796 753 3851 doetrinade
766 3797 820 3850 fide
829 3810 884 3863 qua
922 3812 975 3851 usu
992 3798 1018 3851 iu
1030 3799 1158 3853 tribunali
1174 3800 1359 3864 Poenitentiae3
1384 3801 1434 3854 sed
1450 3813 1507 3867 1)oe-

292 3884 360 3951 iusti
390 3881 556 3944 efficiamur,
587 3883 663 3935 nullo
700 3882 884 3936 satisfaciendi
918 3896 962 3936 uae
986 3890 1269 3951 peccatorumque
1292 3900 1366 3952 saepe
1394 3899 1506 3939 manere

294 3982 381 4024 onere
412 3967 533 4034 gravatI,
554 3968 630 4019 nulla
658 3967 774 4032 proinde
795 3979 885 4033 poeuae
919 3968 1316 4034 luendasdemonstravimus‚
1331 3970 1508 4036 indulgemus

193 4121 194 4124 Ἴ
294 4056 451 4124 indigentes
459 4053 631 4107 remissione.
644 4052 771 4109 credenti
787 4052 886 4106 christi
922 4053 1107 4107 remittuntur.
1121 4054 1198 4117 Quod
1216 4060 1306 4108 autem
1319 4054 1347 4107 in
1369 4053 1508 4107 nonnullis

290 4143 427 4209 justitiam
449 4140 577 4208 imputari
595 4142 703 4206 docuit,
721 4142 755 4195 ad
775 4142 885 4209 plenam
919 4139 1092 4194 documentis
1104 4140 1243 4195 veteribus
1260 4142 1339 4195 tertie
1362 4153 1425 4207 pars
1446 4153 1509 4207 pec·

290 4234 468 4294 peccatomm
479 4227 597 4283 veniam.
609 4226 733 4280 calvinus
742 4228 885 4294 ejuspres·
917 4230 1042 4280 catorum
1054 4226 1223 4293 indulgentia
1236 4226 1326 4293 eliqua
1336 4224 1451 4279 remissa
1468 4225 1509 4278 di·

297 4314 334 4368 sit
361 4314 491 4380 vestigia,
519 4319 548 4367 et
570 4314 715 4367 aemulatus
734 4319 776 4367 est
809 4314 882 4367 calu·
919 4318 1007 4378 catur,
1018 4312 1225 4381 intelligendum
1237 4317 1279 4367 est
1296 4313 1331 4366 dc
1341 4311 1429 4379 poenis
1439 4318 1508 4365 tem-

322 4681 349 4736 (t)
358 4684 430 4726 Treui.
440 4689 477 4738 ω,
484 4686 547 4729 reli.
