3792 5550
390 567 439 616 ⁶228
783 565 896 615 tuter.
916 563 978 613 lllv.
999 563 1040 612 bn
1060 562 1277 614 ΡΟΕΝΙΤΕΝΤΙΑ.

424 683 449 733 2.
461 678 629 734 Poenilentiae
641 678 726 731 virtus
744 678 771 730 in
784 691 817 732 eo
831 679 882 732 sita
895 683 936 730 est
949 683 979 730 ut
1021 677 1119 730 christi
1133 679 1245 732 nomine
1266 678 1408 746 largiendi.
1425 682 1510 734 llemo
1524 681 1604 734 etiam

393 771 455 835 quis
467 766 573 820 delictis
585 765 692 829 doleat,
711 766 747 817 ob
763 765 808 816 liei
827 763 979 826 offensam,
1014 771 1108 817 censet
1130 764 1287 828 bominem,
1309 778 1359 817 sua
1384 765 1468 819 veluti
1486 768 1605 821 auctori·

393 861 421 908 ct
434 852 527 906 efficax
547 851 637 904 loveat
660 850 830 916 propositum
843 863 874 902 ea
890 850 916 900 in
930 862 981 914 po·
1015 855 1069 916 tate
1081 852 1125 903 vel
1142 863 1190 916 pro
1210 850 1322 905 arbitrio
1340 863 1423 916 posse
1440 859 1555 917 peccata
1566 853 1605 904 di·

392 947 497 993 sterum
510 937 628 999 vitandi,
642 941 670 989 et
681 949 742 1002 quae
754 937 788 988 ad
801 949 833 988 ea
850 935 980 999 expianda
1016 937 1139 989 mittere:
1151 937 1223 1002 apud
1241 950 1338 990 omnes
1349 938 1422 990 enim
1439 927 1605 992 inconfesse

392 1023 546 1078 necessaria
571 1023 626 1075 sint
654 1022 779 1075 faciendi.
812 1023 893 1074 Recte
915 1020 991 1089 dicit
1015 1027 1057 1074 est
1069 1023 1179 1074 nonnisi
1189 1023 1290 1086 Deum,
1304 1023 1348 1076 vel
1360 1024 1502 1076 bominem
1512 1024 1603 1079 divino

392 1109 596 1163 Tertullianus:
619 1129 630 1154 a
650 1108 699 1160 Ubi
719 1107 873 1160 emendatio
891 1107 980 1168 nulla,
1016 1105 1144 1159 ma‘ndato
1169 1107 1368 1173 obsequentem
1386 1121 1469 1174 posse
1497 1110 1602 1162 veniam

393 1195 550 1261 poenitentia
565 1194 721 1248 necessario
733 1207 816 1256 vana,
831 1192 894 1258 quia
907 1196 982 1244 earet
1015 1191 1124 1258 largiri,
1136 1197 1162 1244 et
1181 1193 1214 1245 iis
1227 1198 1332 1245 tantum
1346 1205 1416 1258 quos
1429 1200 1603 1259 peccatorum

392 1282 480 1334 lructu
499 1293 551 1334 suo
561 1319 569 1344 ,
580 1279 623 1332 cui
637 1282 706 1332 lleus
717 1292 777 1332 cam
786 1277 868 1339 sevit,
881 1277 908 1328 id
921 1281 980 1339 est,
1014 1291 1078 1332 vere
1096 1278 1218 1343 poeuilet.
1302 1316 1305 1323 .

393 1366 512 1420 bominis
533 1366 623 1418 saluti.
645 1363 679 1411 »¹
702 1363 869 1416 Pcenitentiae
888 1365 981 1414 Sacra·
1047 1364 1073 1414 l.
1093 1364 1123 1414 ln
1152 1363 1278 1430 apologia
1301 1365 1488 1418 consessionis
1517 1369 1601 1434 hugu-

394 1447 515 1504 men'tum
537 1457 579 1504 est
605 1451 674 1502 ritus
693 1463 708 1501 a
726 1448 981 1501 Clrrlstcinstitutus
1016 1451 1101 1499 stanae
1126 1448 1201 1500 utria
1221 1450 1395 1502 Sacramenta
1415 1459 1602 1515 numerantur,

393 1549 448 1602 quo
469 1541 642 1601 peccatorum
663 1540 726 1600 post
748 1534 914 1600 Baptismum
932 1533 981 1585 ad·
1015 1532 1118 1584 scilicet
1139 1533 1312 1598 Baptismus,
1331 1537 1413 1587 coena
1431 1537 1561 1602 bomini,
1579 1545 1612 1591 et.

393 1619 540 1672 missorum
558 1617 697 1672 obtinetur
714 1619 792 1673 venia
808 1619 981 1672 sacerdotnm
1013 1617 1170 1681 absolutio,
1193 1632 1254 1684 quae
1273 1621 1308 1672 sit
1329 1622 1538 1674 sacramentum
1549 1625 1603 1676 1²oe-

393 1704 979 1759 ministeriozvelcumPerronedicamus:
1014 1705 1156 1768 nitentiae,
1189 1709 1270 1771 atque
1305 1719 1434 1771 expresse
1469 1707 1604 1760 adseritur

395 1813 407 1838 a
421 1795 468 1844 Est
485 1793 689 1844 Sacramentum
708 1805 724 1844 a
742 1793 850 1844 Christo
865 1792 979 1846 bomine
1014 1789 1088 1854 quod
1105 1803 1165 1842 vere
1186 1791 1242 1842 sint
1254 1791 1438 1844 Sacramenta.
1452 1792 1486 1838 »³
1499 1811 1515 1840 κ
1526 1793 1605 1846 llbso·

396 1877 617 1944 institutumque
639 1890 688 1944 per
694 1878 839 1943 juridicam
854 1877 982 1931 sacerdo·
1014 1874 1086 1930 lutio.
1098 1875 1208 1941 proprie
1222 1875 1276 1927 dici
1292 1883 1383 1941 potest
1398 1879 1603 1931 Sacramentum

394 1963 428 2016 tis
461 1963 661 2016 absolutionem
685 1963 788 2017 homini
811 1965 928 2017 contrito
955 1970 981 2016 et
1015 1957 1192 2012 poenitentiae.
1207 1959 1284 2012 »lln
1295 1960 1354 2026 ipsa
1367 1963 1607 2016 confessionellu-

344 2103 345 2106 ,
393 2047 519 2101 confesso
540 2047 715 2099 remittuntur
732 2054 842 2113 peccata
858 2051 980 2114 postBa-
1014 2049 1144 2112 gustana,
1167 2047 1278 2111 privatae
1312 2047 1495 2100 consessionis
1524 2055 1606 2116 atque

393 2133 523 2197 ptismum
544 2132 700 2184 commissa.
722 2152 733 2178 r
756 2134 788 2184 tlt
800 2133 896 2185 ordine
914 2147 981 2198 quo·
1015 2130 1195 2184 absolutionis
1217 2131 1360 2185 utilitatem
1380 2137 1607 2199 agnoveruutbu·

394 2219 456 2269 dam
479 2217 676 2283 procedamus,
697 2218 851 2271 remittendi
870 2225 981 2284 peccata
1015 2217 1606 2273 therani.⁶Calvinnsanimadvertit:ellide

394 2307 556 2368 potestatem
577 2315 591 2354 a
614 2303 722 2357 Christo
754 2306 891 2370 apostolis
915 2319 981 2360 con·
1016 2317 1077 2357 mus
1098 2309 1189 2356 tamen
1211 2304 1353 2356 ministros
1373 2305 1553 2372 ipsos,utde
1570 2321 1607 2360 re·

394 2400 519 2451 cossam,
533 2387 602 2440 etad
617 2389 773 2443 sacerdotes
783 2403 879 2443 omnes
893 2397 995 2456 trans-¹
1015 2388 1148 2442 missione
1157 2396 1332 2455 peccatorum
1343 2391 1476 2444 certiores
1486 2393 1603 2446 reddant

395 2473 505 2528 missam
524 2473 640 2541 primum
653 2477 797 2530 ostendere
807 2477 891 2541 juvat.
1017 2474 1217 2537 conscientias,
1238 2482 1323 2529 testes
1336 2477 1395 2543 ejns
1413 2490 1445 2529 ac
1454 2491 1604 2542 sponsores

1015 2559 1162 2624 constitui,
1174 2561 1243 2614 adeo
1262 2566 1291 2613 ut
1303 2561 1353 2626 ipsi
1369 2561 1499 2614 dicantur
1516 2564 1604 2616 remit·

614 2631 718 2702 CAPUT
737 2651 756 2700 l.
970 2638 972 2641 ’
1014 2651 1071 2700 tere
1084 2652 1194 2712 peccata
1206 2652 1232 2699 et
1248 2646 1354 2698 animas
1368 2648 1486 2700 solvere.
1500 2647 1542 2693 »⁵

1047 2735 1072 2785 5.
1094 2731 1234 2799 anglicani
1260 2737 1425 2798 potestatem
1447 2733 1603 2787 remittendi

436 2836 467 2873 na
487 2834 628 2873 rcrnsrlru
646 2834 797 2873 nnurrrmnr
815 2836 932 2875 aucerre.
1014 2825 1041 2871 et
1050 2818 1184 2872 retinendi
1197 2825 1306 2885 peccata
1319 2819 1347 2871 in
1365 2820 1482 2873 formula
1497 2821 1603 2875 ordina·

861 2926 863 2931 ·
1015 2904 1097 2983 tionis
1115 2905 1265 2971 presbyteri
1278 2906 1481 2968 annuntiant3⁶
1500 2913 1528 2959 et
1548 2908 1602 2973 ejus

426 2994 451 3043 5.
474 2992 586 3043 Constat
603 2993 748 3057 Apostolos
758 2991 856 3044 Christi
869 2992 980 3045 nomine
1015 2988 1174 3042 exercitium
1195 3002 1258 3055 erga
1271 2990 1325 3043 vita
1336 2990 1525 3055 periclitantes
1535 3004 1600 3057 prae-

395 3078 560 3143 praedicasse
588 3078 775 3144 poenitentiam
797 3084 824 3131 et
841 3078 981 3132 remissio·
1014 3072 1155 3136 scribunt,
1174 3074 1274 3139 lllael'ia
1295 3074 1406 3139 spetiali
1429 3082 1600 3140 peccatorum

395 3176 458 3215 nem
472 3169 667 3228 peccatcrnm3
692 3169 718 3217 et
746 3164 816 3217 inter
834 3164 980 3231 primarios
1014 3158 1187 3211 confessione
1198 3159 1281 3220 ,adeo
1291 3164 1321 3211 ut
1332 3159 1477 3226 presbyter
1489 3160 1562 3213 dieat
1573 3172 1599 3211 se

338 3283 341 3288 -
394 3247 456 3301 lidei
476 3250 606 3303 articulos
632 3262 646 3302 a
674 3250 829 3315 primordiis
853 3251 979 3304 Ecclesiae
1014 3244 1283 3299 Christiauctoritate
1305 3244 1358 3296 sibi
1378 3244 1545 3297 demandata
1565 3245 1595 3297 ab

392 3335 582 3388 remissionem
615 3341 787 3401 peccatorum
816 3337 977 3389 recensitam
1013 3328 1088 3384 omni
1099 3335 1211 3395 peccato
1220 3329 1415 3382 moribundum
1428 3329 1595 3384 absolverel

335 3466 338 3472 .
393 3434 454 3473 esse
469 3436 475 3472 :
490 3421 623 3487 reperitur
641 3422 712 3474 enim
736 3422 764 3473 in
787 3424 979 3487 Apostolorum
1013 3418 1123 3479 Quoties
1135 3415 1242 3481 publice
1260 3414 1466 3467 administratur
1482 3428 1597 3468 commu·

395 3505 533 3571 symbolo.
555 3507 613 3567 Quo
632 3511 722 3557 autem
737 3519 820 3558 sensu
841 3519 871 3557 ea
884 3508 980 3572 praedi·
1014 3502 1076 3565 nio,
1099 3502 1204 3554 lliluale
1229 3501 1406 3566 anglicanum
1431 3500 1515 3552 etiam
1536 3512 1598 3565 prae·

392 3593 470 3641 cetur
481 3594 508 3640 et
520 3588 655 3650 credatur,
666 3590 882 3643 controvertitur
894 3594 977 3646 Nemo
1014 3587 1122 3650 scribit,
1132 3586 1319 3652 presbyterum
1329 3585 1433 3637 hortari
1444 3585 1546 3638 debere
1554 3596 1597 3637 ecs

393 3672 504 3739 quidem
525 3671 631 3724 dubitat
644 3672 751 3725 veniam
777 3674 897 3739 promitti
920 3690 978 3742 poe·
1013 3672 1059 3738 qui
1077 3672 1111 3724 ad
1130 3686 1190 3725 eam
1204 3673 1340 3725 accessuri
1352 3675 1431 3735 sunt,
1447 3678 1477 3724 ut
1491 3672 1596 3737 diligen·

393 3758 508 3821 nitenti,
523 3758 621 3810 Christi
639 3758 738 3810 intuitu
759 3764 786 3812 et
803 3762 977 3826 auctoritate;
1013 3758 1074 3811 tiori
1089 3771 1146 3811 suae
1163 3756 1337 3812 conscientiae
1356 3756 1488 3823 indagine
1506 3770 1536 3809 se
1552 3767 1595 3821 pa·

393 3844 441 3897 sed
452 3844 619 3910 disceptatur
628 3850 717 3895 utrum
725 3846 861 3911 Evangelii
876 3861 978 3913 praeco·
1011 3853 1089 3910 rent,
1102 3852 1129 3899 et
1144 3847 1167 3898 si
1179 3860 1234 3899 non
1245 3846 1352 3898 valeant
1368 3844 1593 3898 conscientiaese·

394 3944 442 3985 nes
452 3936 586 3997 potestate
599 3930 728 3987 divinitus
737 3932 842 3999 praediti
853 3933 907 3988 sint
916 3949 976 3988 eam
1011 3933 1076 3985 dare
1089 3937 1195 3996 motus,
1220 3932 1254 3985 ad
1268 3944 1331 3983 eum
1341 3930 1395 3985 ‚rel
1415 3930 1499 3983 alium
1523 3926 1594 3979 mini·

419 4203 446 4254 (l)
462 4202 485 4241 L.
495 4202 521 4243 de
530 4212 587 4253 pren.
597 4212 615 4241 c.
624 4200 648 4241 ii.
1009 4200 1112 4245 retained.
1123 4201 1187 4241 »The
1196 4197 1331 4250 orderingof
1341 4197 1431 4238 Priests.

419 4272 447 4323 β)
458 4272 502 4309 Art.
515 4270 552 4310 vii.
561 4270 587 4310 de
594 4280 685 4309 numero
699 4276 721 4310 et
737 4282 780 4311 usu
789 4271 976 4314 sacramentorum
1039 4273 1064 4324 (l)
1073 4285 1084 4309 u
1094 4270 1139 4311 Orrr
1148 4269 1272 4309 Lordleous
1281 4268 1353 4307 Christ
1362 4268 1412 4307 robe
1426 4268 1479 4307 hath
1490 4268 1526 4307 lelt
1532 4276 1598 4319 porrer

393 4349 414 4389 p.
422 4339 521 4391 iobapud
531 4338 651 4378 Walchium
662 4340 779 4381 introduct.
792 4342 806 4380 l.
815 4342 856 4381 ic.
865 4342 892 4381 iv.
902 4355 923 4395 p.
934 4350 977 4385 ter.
1011 4347 1034 4382 to
1048 4340 1083 4379 his
1096 4338 1215 4379 Cburchto
1229 4336 1315 4376 absolve
1337 4336 1368 4393 all
1386 4335 1473 4377 sinuers
1490 4335 1598 4385 wbotruly

371 4417 373 4420 ’
421 4407 448 4458 {tl
458 4408 501 4447 hrt.
515 4418 535 4445 v.
544 4407 570 4446 de
578 4406 704 4458 ,penitentia
714 4420 735 4460 p.
747 4414 791 4449 lot.
1013 4414 1089 4461 repent
1097 4407 1138 4447 and
1146 4406 1229 4447 believe
1238 4405 1259 4444 in
1267 4405 1312 4444 him
1322 4433 1328 4456 ,
1337 4404 1361 4444 oi
1367 4405 1402 4445 his
1412 4411 1474 4456 great
1483 4416 1553 4457 merey
1562 4404 1600 4442 lor-

344 4478 347 4481 '
415 4478 497 4529 [illst.
516 4476 543 4515 xi.
561 4477 619 4527 apud
639 4476 805 4519 Walcbiuml.i.
821 4480 976 4535 c.iii.§miv.
1011 4480 1059 4532 rive
1074 4479 1122 4518 thee
1138 4476 1307 4518 thineollenees.
1328 4476 1373 4515 llud
1390 4476 1417 4528 by
1439 4476 1473 4515 his
1496 4474 1600 4523 authority

389 4558 411 4596 l‘·
421 4550 465 4585 ²⁰⁵·
1010 4548 1132 4590 committed
1143 4553 1164 4587 to
1172 4558 1205 4586 me
1224 4548 1232 4587 l
1246 4544 1332 4585 absolve
1341 4545 1390 4584 thee
1400 4546 1455 4584 irem
1466 4546 1493 4584 all
1503 4545 1539 4596 thy
1548 4544 1599 4585 sins.

414 4616 440 4663 (ill
451 4615 502 4653 lnst.
512 4613 526 4652 l.
535 4613 565 4652 iii.
574 4624 592 4653 e.
601 4613 628 4652 iv.
637 4626 657 4653 n.
674 4620 705 4655 li.
1011 4620 1033 4659 in
1045 4620 1082 4659 the
1093 4628 1156 4657 name
1173 4618 1198 4657 oi
1211 4616 1247 4656 the
1260 4616 1348 4661 father,
1364 4621 1404 4655 etc.
1421 4630 1430 4652 ι
1441 4616 1485 4656 'ibe
1501 4614 1568 4655 order
1579 4610 1604 4651 ci

415 4684 440 4734 (dl
453 4699 462 4719 ι
473 4684 552 4723 Whose
562 4684 606 4724 sins
616 4684 667 4724 tlrou
678 4686 726 4726 deust
735 4686 824 4738 forgive,
833 4688 881 4741 they
889 4674 925 4729 are
935 4690 976 4731 lor·
1012 4689 1049 4729 the
1062 4687 1177 4729 visitation
1186 4687 1211 4727 oi
1217 4687 1253 4727 the
1262 4684 1319 4726 Siclr.
1334 4699 1344 4721 ι

392 4752 453 4801 giren
465 4764 469 4791 :
480 4752 522 4793 and
531 4753 602 4793 whose
611 4753 657 4793 sins
669 4754 721 4793 tlrou
731 4755 779 4793 dost
793 4736 874 4807 ieraln,
884 4758 932 4809 they
940 4770 977 4798 are
