3792 5550
361 577 408 629 lto
615 569 729 622 runci.
748 567 814 620 lllll.
834 568 862 619 P.
882 561 913 616 ll.
934 565 977 616 ult
993 563 1099 618 lllssAE
1116 557 1303 621 sncltlltlcm.

348 687 394 743 'ru
427 687 587 759 aprelpmr.
617 705 629 732 a
665 686 720 738 lua
750 695 783 738 ex
811 681 865 735 tuis
899 679 948 734 tibi
981 687 1010 735 el
1021 689 1286 756 sanguinis,verum
1304 696 1332 745 et
1344 691 1497 759 proprium.
1520 689 1577 744 llo-

359 776 516 831 oiierentes.
536 794 548 820 o
979 773 1026 838 jus
1044 774 1107 827 tldel
1120 775 1223 828 nullum
1242 782 1334 842 potest
1346 776 1454 830 ostendi
1465 775 1576 829 initium

390 863 432 916 liti.
458 863 488 913 lu
513 858 630 924 liturgia
655 854 891 917 desudantium,
920 852 948 904 in
982 859 1137 923 apostolico
1158 873 1216 915 aero
1240 862 1387 928 posterius.
1407 865 1533 914 Attamen
1553 861 1577 912 si

269 962 270 966 ’
358 947 603 1014 Arretiumque
624 941 723 996 conoul
739 940 811 1007 apud
836 952 887 992 nos
906 951 948 991 re·
982 943 1018 995 al)
1027 944 1106 998 inltio
1115 947 1239 1013 symbola
1249 953 1355 1001 tautum
1366 948 1465 1001 Christi
1478 946 1579 1000 mortis

360 1035 492 1101 spondet,
506 1032 646 1084 adstantes
660 1029 755 1081 invitat
772 1027 900 1080 sacerdos
908 1025 955 1078 ad.
983 1029 1082 1083 adesse
1095 1032 1290 1093 crederentur3
1310 1039 1338 1086 et
1355 1033 1428 1086 nuda
1454 1045 1578 1087 comme·

360 1131 453 1172 secum
466 1115 617 1177 orandum,
631 1118 660 1167 ut
676 1134 689 1160 α
701 1111 865 1178 suscipiatur
877 1111 951 1164 oola·
983 1118 1100 1170 moratio
1112 1117 1170 1171 lieri
1180 1157 1188 1183 ‚
1198 1119 1302 1186 absque
1314 1119 1367 1172 ulla
1382 1119 1441 1172 ueri
1454 1118 1578 1172 nominis

360 1205 399 1258 tio
411 1205 470 1256 haec
483 1216 514 1255 ex
525 1201 654 1254 maninus
667 1197 860 1252 imbecillitatis
869 1209 947 1257 meae,
983 1201 1124 1254 oblatione
1144 1209 1171 1256 et
1191 1204 1342 1266 sacrificio,
1356 1217 1411 1259 non
1431 1204 1520 1271 potuit
1533 1217 1578 1256 sa-

360 1303 477 1360 prome,
490 1287 677 1355 provobis‚et
693 1296 743 1351 pro
764 1288 822 1336 toto
835 1293 950 1347 corpore
984 1285 1078 1339 eridoii
1090 1288 1147 1341 reri
1159 1287 1236 1343 notio
1255 1289 1402 1353 obtinere,
1416 1303 1469 1343 uec
1485 1289 1579 1342 cultus

361 1373 491 1428 Ecclesiae
503 1375 612 1442 lsanotae
628 1369 789 1424 'catholicas
811 1387 823 1414 n
848 1367 951 1420 deinde
984 1370 1084 1424 indicia
1098 1386 1161 1439 quae
1174 1373 1240 1426 illud
1260 1374 1395 1429 denotant
1406 1375 1490 1427 statui
1503 1389 1511 1425 t
1522 1375 1578 1427 sal·

359 1463 393 1516 ad
408 1464 494 1515 altare
508 1460 653 1514 inclinatus
672 1463 731 1512 orat
748 1458 831 1509 Deum
846 1471 853 1508 :
868 1475 884 1505 u
901 1469 951 1522 per
983 1462 1038 1508 tem
1052 1457 1158 1524 absque
1178 1460 1284 1527 magnis
1301 1460 1407 1519 turbis,
1420 1473 1490 1526 quas
1502 1466 1578 1513 retu·

361 1549 476 1616 gratiam
494 1545 703 1600 inenarrabilem
716 1543 853 1596 sanctifica
867 1541 951 1595 sacri·
983 1543 1060 1595 iisset
1072 1543 1195 1597 historia.
1221 1548 1291 1612 Ergo
1316 1545 1464 1598 dicendum
1494 1545 1578 1598 saeri-

361 1633 453 1688 licium
472 1631 556 1685 istud.
576 1651 588 1678 a
983 1628 1104 1682 dciiveri
1113 1631 1578 1698 rationeminEucharistiasemper

396 1721 439 1771 51.
458 1715 576 1783 Liturgia
597 1715 648 1768 sub
668 1710 780 1769 nomine
806 1716 832 1766 S.
860 1711 950 1780 cyrilli
984 1715 1102 1782 agnitam
1114 1715 1208 1768 luisse.

363 1805 436 1872 opud
466 1807 565 1869 Coptas
583 1815 781 1868 nonnunquam
808 1799 948 1863 adhibila,
1016 1802 1060 1853 sl.
1079 1801 1147 1854 lluic
1171 1805 1332 1868 argomento
1352 1815 1452 1868 magua
1471 1801 1580 1854 accedit

361 1896 424 1958 post
440 1891 571 1952 Sanctus,
594 1890 676 1942 lraoet
689 1889 841 1942 orationem
854 1887 881 1939 in
897 1897 949 1953 qua
982 1886 1025 1940 ris
1043 1899 1077 1940 er
1092 1889 1247 1941 oraecomm
1270 1892 1297 1940 et
1321 1885 1498 1941 orientalium
1518 1900 1579 1941 om-

363 1977 492 2030 sacerdos
511 1982 637 2042 precatur
651 1990 658 2025 :
674 1975 783 2040 «imple
802 1969 854 2026 ir'oc
869 1971 952 2024 sacri·
984 1972 1060 2024 nium
1073 1985 1221 2036 consensu,
1234 1971 1280 2039 qui
1299 1986 1332 2026 er
1347 1972 1478 2040 liturgiis
1487 1979 1578 2038 patet,

362 2063 454 2116 tioium
479 2067 569 2124 tuum,
601 2059 730 2123 liomiue,
760 2057 951 2112 benedictione
985 2064 1013 2112 et
1029 2058 1090 2112 aliis
1102 2059 1264 2112 certissimis
1273 2058 1448 2112 documentis
1462 2059 1580 2112 demon·

364 2161 453 2216 quaea
474 2152 501 2199 te
513 2151 636 2210 est,per
652 2143 778 2209 illapsum
791 2141 949 2208 superillud
986 2150 1097 2198 stratur.
1136 2144 1249 2198 concilii
1280 2143 1578 2210 constantinopolitani

364 2234 479 2300 Spiritus
494 2231 533 2284 tui
557 2228 681 2283 sancti.»
706 2228 842 2281 institutio
860 2230 953 2281 sacra·
986 2243 1059 2284 anno
1072 2233 1137 2283 lilio
1157 2231 1289 2284 adversus
1302 2231 1433 2297 cyrillum
1450 2229 1579 2288 Lurarim

363 2317 585 2382 mentideinceps
594 2314 731 2377 recitatur,
740 2315 841 2380 populo
852 2312 954 2378 sapius
987 2315 1087 2378 habiti,
1111 2315 1182 2368 sicut
1199 2321 1227 2368 et
1242 2316 1482 2382 ilierosolymitaui
1504 2327 1580 2369 anno

362 2406 538 2465 inclamante,
553 2403 650 2455 Amen.
988 2402 1070 2466 loli,
1082 2401 1191 2456 decreta
1209 2403 1324 2456 recitare
1341 2403 1419 2469 iurat
1431 2417 1438 2453 ε
1452 2403 1581 2469 «cyrillo

396 2491 437 2542 lii.
459 2491 487 2541 ln
507 2488 624 2555 liturgia
646 2489 766 2540 itomana
792 2491 954 2540 oratsaoor·
987 2488 1178 2554 dogmatizanti
1205 2528 1212 2541 .
1241 2528 1246 2541 .
1276 2529 1283 2543 .
1313 2526 1320 2540 .
1344 2502 1436 2555 neque
1454 2487 1580 2542 audienti

364 2577 415 2630 dos
437 2592 443 2626 :
468 2578 572 2639 «Quam
585 2574 753 2627 oblationem
766 2578 811 2633 tu,
826 2575 912 2635 lleus,
924 2571 952 2623 in
986 2573 1140 2628 divinorum
1158 2577 1265 2627 Patrum
1285 2578 1471 2628 trecentorum
1482 2575 1580 2627 decom

302 2685 303 2688 ¹
364 2663 694 2728 omnibus,quaesumus,
708 2657 953 2722 benedictam,ad-
986 2659 1584 2715 etoctolliceaeadunatorumeeclesiastices

365 2749 512 2815 scriptam,
526 2751 611 2800 ratam
625 2786 631 2809 ,
653 2743 859 2809 rationabilem,
878 2757 952 2797 aoce—
986 2745 1198 2800 constitutiones
1209 2745 1579 2801 hisverhisdeeernentium:

364 2832 549 2901 ptabtlemquo
567 2830 657 2885 iacere
673 2829 810 2897 digneris3
825 2834 854 2882 ut
872 2830 953 2882 nobis
986 2850 1001 2881 u
1015 2833 1080 2885 llide
1093 2832 1238 2888 credamus
1255 2846 1318 2886 osse
1340 2846 1425 2898 super
1445 2832 1517 2884 hano
1534 2844 1582 2884 sa·

363 2930 462 2985 eorpus
475 2922 501 2971 ot
517 2917 629 2981 sanguis
645 2916 692 2968 dat
711 2914 881 2969 dilectissimi
893 2914 953 2967 lilii
987 2933 1003 2965 a
1020 2930 1093 2970 cram
1111 2930 1236 2971 mensam
1259 2931 1359 2985 agnum
1379 2917 1426 2971 oet
1441 2916 1489 2983 qui
1509 2917 1583 2973 toll'tt

360 3006 400 3059 tui
420 3004 526 3057 Domini
546 3003 593 3056 liei
615 3002 704 3056 nostri
725 3004 790 3054 lesu
808 3000 917 3053 Christi.
936 3018 953 3049 >r
987 3020 1003 3051 n
1021 3008 1164 3070 peccatum
1176 3003 1289 3067 muudi,
1303 3002 1448 3055 incruente.
1461 3016 1476 3055 a
1488 3015 1582 3055 sacer·

361 3089 490 3143 sacrificii
503 3091 573 3142 ratio
584 3088 747 3154 indepatet:
762 3086 864 3140 oblatio
878 3086 952 3139 enim
986 3106 1004 3137 o
1019 3089 1581 3156 dotilrusimmolatum,ejusqueveneran-

363 3176 408 3228 illa
426 3173 620 3228 benedictione
644 3172 735 3228 divina
756 3174 785 3226 lit
805 3186 905 3241 corpus
925 3176 954 3225 et
986 3192 1003 3223 a
1019 3174 1581 3242 dumsangulnemetcorposreresumi.»

361 3262 473 3328 sanguis
499 3260 607 3314 Christi.
627 3262 690 3313 l‘ost
713 3260 951 3314 consecrationem
987 3263 1278 3315 -anatnema.»1ta
1302 3260 1583 3327 constantinopolita-

360 3353 441 3402 rocat
452 3361 512 3403 eam
530 3347 660 3401 sacerdos
677 3364 693 3395 u
712 3347 831 3401 hostiam
844 3360 951 3412 pumm,
987 3346 1224 3400 numconoilium.
1241 3345 1580 3413 liierosolymitanumau-

360 3436 477 3489 hostiam
498 3439 637 3499 sanctam,
659 3434 952 3487 hostiamimmaoula-
985 3436 1041 3484 tem
1060 3446 1068 3482 t
1089 3452 1102 3477 ι
1132 3430 1275 3483 credimus
1304 3444 1402 3485 rerum
1426 3443 1459 3484 ac
1482 3429 1582 3497 propia

362 3526 427 3573 tam.
444 3521 535 3572 »uitro
549 3520 576 3571 in
589 3519 713 3573 oratione
726 3531 809 3583 super
821 3518 911 3570 oltlala
923 3517 951 3568 in
986 3516 1124 3569 tiatorium
1141 3530 1204 3569 esse
1227 3514 1409 3580 sacrificium,
1427 3515 1503 3583 quod
1527 3528 1580 3581 pro
1606 3550 1609 3553 ·

362 3606 406 3659 die
420 3606 576 3671 Epiphaniae
589 3604 713 3657 dodonis
724 3604 824 3657 oblatis
837 3603 951 3655 dicitur:
984 3600 1113 3654 tidelibus
1140 3602 1290 3666 omnibus,
1318 3605 1374 3655 tum
1401 3601 1492 3665 vivis,
1519 3607 1578 3653 tum

364 3708 379 3738 u
397 3690 497 3755 quibus
520 3702 576 3742 non
602 3690 658 3755 jam
687 3701 801 3752 aurum,
820 3689 901 3752 thus,
924 3694 952 3742 et
985 3687 1136 3750 de‘luuetis,
1150 3698 1258 3743 necnon
1281 3693 1309 3741 et
1323 3700 1374 3755 pro
1391 3688 1510 3741 utilitate
1521 3700 1580 3740 om·

363 3774 470 3838 myrrha
488 3772 644 3839 protertur,
674 3772 723 3826 sed
749 3773 824 3839 quod
846 3774 951 3827 eisdem
985 3771 1062 3823 nium
1073 3771 1202 3836 offertur,
1213 3773 1254 3825 uti
1269 3776 1298 3825 et
1309 3772 1337 3824 in
1350 3773 1466 3839 hujusce
1484 3774 1578 3827 sacra-

365 3858 524 3912 muneribus
535 3858 954 3923 declaratur,lmmolatur,etsu·
984 3858 1069 3911 menti
1095 3860 1222 3925 procilius
1244 3857 1421 3926 exprimitur,
1440 3872 1511 3926 quas
1526 3872 1577 3924 pro

361 3945 443 3997 mitur
455 3947 534 3998 lesus
543 3942 675 4007 christus,
687 3942 818 3998 ltominus
831 3951 947 3999 noster.»
985 3958 1017 3998 ea
1030 3958 1112 4011 quarn
1131 3958 1146 3997 a
1169 3945 1283 3999 llomino
1303 3950 1466 4011 receperant
1486 3945 1578 4010 dispo·

393 4030 435 4084 55.
458 4029 596 4086 Probatur
611 4032 635 4081 l.
650 4034 809 4098 orcomento
825 4033 952 4096 proescrt-
984 4030 1067 4083 nendi
1082 4035 1217 4096 potestate
1233 4030 1355 4097 Apostoli
1375 4030 1506 4083 Ecclesia
1522 4036 1578 4081 tra·

360 4116 469 4181 titionis.
490 4116 657 4169 Eucharistia
671 4128 771 4182 magna
793 4129 854 4169 cum
879 4117 951 4169 sole·
985 4114 1087 4167 didere.
1102 4114 1139 4163 »¹

361 4192 473 4255 mnila'te
497 4201 599 4266 ubique
618 4215 668 4267 per
692 4207 777 4255 totam
798 4202 948 4254 Ecclesiam
1016 4202 1058 4252 oo.
1078 4201 1188 4253 locedio
1217 4200 1292 4267 quod
1319 4202 1354 4255 ab
1381 4200 1460 4254 initio
1481 4197 1575 4251 muudi

360 4287 503 4340 consuerit
538 4286 691 4350 celebrari,
722 4298 783 4338 oum
819 4285 947 4338 omniltus
983 4284 1197 4338 lieussacrilioio
1214 4286 1577 4353 coloretur,quodsummae

362 4370 460 4421 summi
482 4371 571 4423 cultus
584 4370 709 4434 iudiciis,
722 4376 793 4423 etex
806 4376 879 4422 certa
893 4383 950 4423 om·
983 4372 1043 4436 eius
1062 4370 1212 4435 maiestatis
1231 4370 1363 4424 idoneum
1387 4375 1431 4423 est
1451 4368 1575 4422 testimo-

359 4454 434 4507 ulum
448 4455 626 4520 persuasione
637 4468 769 4509 comesse
781 4456 948 4510 oblationem
982 4455 1058 4507 nium
1072 4469 1079 4505 ε
1094 4466 1159 4520 ergo
1180 4454 1334 4509 verosimile
1364 4468 1420 4508 non
1440 4459 1483 4507 est
1501 4452 1575 4505 huuc

359 4551 468 4602 rerum,
490 4546 517 4593 ot
530 4540 691 4603 sacrificium
710 4540 807 4594 christi
822 4544 947 4607 eorporis
981 4539 1102 4602 cultum,
1127 4538 1234 4593 christo
1255 4540 1436 4605 adveniente,
1463 4536 1574 4606 penitus

986 4780 1033 4833 ·(ll
1042 4779 1095 4837 Gap.
1104 4780 1133 4826 ri·
1142 4792 1161 4825 o·
1172 4787 1204 4823 ll.
