<?xml version="1.0" encoding="UTF-8"?>
<!DOCTYPE html PUBLIC "-//W3C//DTD XHTML 1.0 Transitional//EN"
    "http://www.w3.org/TR/xhtml1/DTD/xhtml1-transitional.dtd">
<html xmlns="http://www.w3.org/1999/xhtml" xml:lang="en" lang="en">
 <head>
  <title>
</title>
<meta http-equiv="Content-Type" content="text/html;charset=utf-8" />
  <meta name='ocr-system' content='tesseract 3.04.00' />
  <meta name='ocr-capabilities' content='ocr_page ocr_carea ocr_par ocr_line ocrx_word'/>
</head>
<body>
  <div class='ocr_page' id='page_1' title='image "./theologiadogmat02kenrgoog_0150.png"; bbox 0 0 3792 5550; ppageno 0'>
   <div class='ocr_carea' id='block_1_1' title="bbox 356 548 1580 741">
    <p class='ocr_par' dir='ltr' id='par_1_1' title="bbox 356 548 1580 741">
     <span class='ocr_line' id='line_1_1' title="bbox 356 548 1259 625; baseline -0.016 -14"><span class='ocrx_word' id='word_1_1' title='bbox 356 560 404 611; x_wconf 77' lang='lat'><strong>¹56</strong></span> <span class='ocrx_word' id='word_1_2' title='bbox 662 556 778 610; x_wconf 80' lang='lat' dir='ltr'><strong>Tithdl&#39;.</strong></span> <span class='ocrx_word' id='word_1_3' title='bbox 796 556 912 625; x_wconf 58' lang='lat' dir='ltr'><strong>llllldlt.</strong></span> <span class='ocrx_word' id='word_1_4' title='bbox 934 558 953 609; x_wconf 94' lang='lat' dir='ltr'><strong>l.</strong></span> <span class='ocrx_word' id='word_1_5' title='bbox 973 558 1016 611; x_wconf 80' lang='lat' dir='ltr'><strong>hit</strong></span> <span class='ocrx_word' id='word_1_6' title='bbox 1033 548 1259 611; x_wconf 77' lang='lat' dir='ltr'><strong>nunnthrsthl.</strong></span> 
     </span>
     <span class='ocr_line' id='line_1_2' title="bbox 356 660 1580 741; baseline -0.01 -16"><span class='ocrx_word' id='word_1_7' title='bbox 356 674 462 739; x_wconf 85' lang='lat' dir='ltr'><strong>liquore</strong></span> <span class='ocrx_word' id='word_1_8' title='bbox 480 673 527 739; x_wconf 79' lang='lat' dir='ltr'><strong>qui</strong></span> <span class='ocrx_word' id='word_1_9' title='bbox 545 684 578 727; x_wconf 91' lang='lat' dir='ltr'><strong>eo</strong></span> <span class='ocrx_word' id='word_1_10' title='bbox 597 672 768 735; x_wconf 91' lang='lat' dir='ltr'><strong>continetur;</strong></span> <span class='ocrx_word' id='word_1_11' title='bbox 791 674 840 727; x_wconf 92' lang='lat' dir='ltr'><strong>sed</strong></span> <span class='ocrx_word' id='word_1_12' title='bbox 866 674 946 741; x_wconf 88' lang='lat' dir='ltr'><strong>panis</strong></span> <span class='ocrx_word' id='word_1_13' title='bbox 980 674 1048 727; x_wconf 90' lang='lat' dir='ltr'><strong>mini</strong></span> <span class='ocrx_word' id='word_1_14' title='bbox 1065 673 1125 726; x_wconf 87' lang='lat' dir='ltr'><strong>estt</strong></span> <span class='ocrx_word' id='word_1_15' title='bbox 1138 672 1174 719; x_wconf 69' lang='grc' dir='ltr'><strong>ι’</strong></span> <span class='ocrx_word' id='word_1_16' title='bbox 1192 674 1231 724; x_wconf 90' lang='lat' dir='ltr'><strong>lta</strong></span> <span class='ocrx_word' id='word_1_17' title='bbox 1245 685 1277 723; x_wconf 84' lang='lat' dir='ltr'><strong>ex</strong></span> <span class='ocrx_word' id='word_1_18' title='bbox 1288 667 1380 725; x_wconf 82' lang='lat' dir='ltr'><strong>divina</strong></span> <span class='ocrx_word' id='word_1_19' title='bbox 1391 660 1580 723; x_wconf 86' lang='lat' dir='ltr'><strong>institutione,</strong></span> 
     </span>
    </p>
   </div>
   <div class='ocr_carea' id='block_1_2' title="bbox 271 746 1584 825">
    <p class='ocr_par' dir='ltr' id='par_1_2' title="bbox 271 746 1584 825">
     <span class='ocr_line' id='line_1_3' title="bbox 271 746 1584 825; baseline -0.01 -13"><span class='ocrx_word' id='word_1_20' title='bbox 271 746 275 755; x_wconf 55' lang='lat'><strong>¹</strong></span> <span class='ocrx_word' id='word_1_21' title='bbox 355 766 383 813; x_wconf 89' lang='lat' dir='ltr'><strong>et</strong></span> <span class='ocrx_word' id='word_1_22' title='bbox 394 760 486 814; x_wconf 89' lang='lat' dir='ltr'><strong>vinnm</strong></span> <span class='ocrx_word' id='word_1_23' title='bbox 500 771 556 811; x_wconf 90' lang='lat' dir='ltr'><strong>non</strong></span> <span class='ocrx_word' id='word_1_24' title='bbox 573 764 638 813; x_wconf 89' lang='lat' dir='ltr'><strong>sunt</strong></span> <span class='ocrx_word' id='word_1_25' title='bbox 649 759 734 811; x_wconf 89' lang='lat' dir='ltr'><strong>instar</strong></span> <span class='ocrx_word' id='word_1_26' title='bbox 743 772 839 813; x_wconf 85' lang='lat' dir='ltr'><strong>vasum</strong></span> <span class='ocrx_word' id='word_1_27' title='bbox 850 799 858 825; x_wconf 91' lang='lat'><strong>,</strong></span> <span class='ocrx_word' id='word_1_28' title='bbox 871 760 947 815; x_wconf 92' lang='lat' dir='ltr'><strong>ideo·</strong></span> <span class='ocrx_word' id='word_1_29' title='bbox 981 765 1009 812; x_wconf 92' lang='lat' dir='ltr'><strong>et</strong></span> <span class='ocrx_word' id='word_1_30' title='bbox 1025 756 1147 824; x_wconf 78' lang='lat' dir='ltr'>Apostoli</span> <span class='ocrx_word' id='word_1_31' title='bbox 1164 756 1366 823; x_wconf 77' lang='lat' dir='ltr'>explicatione,</span> <span class='ocrx_word' id='word_1_32' title='bbox 1388 755 1500 805; x_wconf 86' lang='lat' dir='ltr'><strong>constat</strong></span> <span class='ocrx_word' id='word_1_33' title='bbox 1517 747 1584 813; x_wconf 86' lang='lat' dir='ltr'><strong>qui-</strong></span> 
     </span>
    </p>
   </div>
   <div class='ocr_carea' id='block_1_3' title="bbox 356 836 1630 4243">
    <p class='ocr_par' dir='ltr' id='par_1_3' title="bbox 356 836 1630 4243">
     <span class='ocr_line' id='line_1_4' title="bbox 357 836 1579 911; baseline -0.008 -14"><span class='ocrx_word' id='word_1_34' title='bbox 357 858 411 910; x_wconf 87' lang='lat' dir='ltr'><strong>que</strong></span> <span class='ocrx_word' id='word_1_35' title='bbox 426 858 482 897; x_wconf 93' lang='lat' dir='ltr'><strong>non</strong></span> <span class='ocrx_word' id='word_1_36' title='bbox 494 849 612 909; x_wconf 91' lang='lat' dir='ltr'><strong>possunt</strong></span> <span class='ocrx_word' id='word_1_37' title='bbox 624 844 736 911; x_wconf 85' lang='lat' dir='ltr'><strong>intelligi</strong></span> <span class='ocrx_word' id='word_1_38' title='bbox 749 846 833 898; x_wconf 86' lang='lat' dir='ltr'><strong>verba</strong></span> <span class='ocrx_word' id='word_1_39' title='bbox 846 847 945 899; x_wconf 79' lang='lat' dir='ltr'><strong>christi</strong></span> <span class='ocrx_word' id='word_1_40' title='bbox 981 845 1045 898; x_wconf 92' lang='lat' dir='ltr'><strong>dem</strong></span> <span class='ocrx_word' id='word_1_41' title='bbox 1074 855 1127 897; x_wconf 89' lang='lat' dir='ltr'><strong>nos</strong></span> <span class='ocrx_word' id='word_1_42' title='bbox 1157 854 1258 908; x_wconf 89' lang='lat' dir='ltr'><strong>corpus</strong></span> <span class='ocrx_word' id='word_1_43' title='bbox 1286 838 1395 894; x_wconf 86' lang='lat' dir='ltr'><strong>homini</strong></span> <span class='ocrx_word' id='word_1_44' title='bbox 1429 836 1579 901; x_wconf 84' lang='lat' dir='ltr'><strong>recipere,</strong></span> 
     </span>
     <span class='ocr_line' id='line_1_5' title="bbox 357 922 1582 999; baseline -0.008 -18"><span class='ocrx_word' id='word_1_45' title='bbox 357 930 432 983; x_wconf 91' lang='lat' dir='ltr'><strong>deiis</strong></span> <span class='ocrx_word' id='word_1_46' title='bbox 442 930 525 983; x_wconf 82' lang='lat' dir='ltr'><strong>veluti</strong></span> <span class='ocrx_word' id='word_1_47' title='bbox 539 930 743 984; x_wconf 82' lang='lat' dir='ltr'><strong>continentibus</strong></span> <span class='ocrx_word' id='word_1_48' title='bbox 753 944 854 999; x_wconf 89' lang='lat' dir='ltr'><strong>corpus</strong></span> <span class='ocrx_word' id='word_1_49' title='bbox 866 946 946 985; x_wconf 91' lang='lat' dir='ltr'><strong>snum</strong></span> <span class='ocrx_word' id='word_1_50' title='bbox 982 942 1061 995; x_wconf 83' lang='lat' dir='ltr'><strong>aeque</strong></span> <span class='ocrx_word' id='word_1_51' title='bbox 1077 942 1110 982; x_wconf 85' lang='lat' dir='ltr'><strong>ac</strong></span> <span class='ocrx_word' id='word_1_52' title='bbox 1136 927 1160 981; x_wconf 87' lang='lat' dir='ltr'><strong>si</strong></span> <span class='ocrx_word' id='word_1_53' title='bbox 1183 926 1264 994; x_wconf 85' lang='lat' dir='ltr'><strong>panis</strong></span> <span class='ocrx_word' id='word_1_54' title='bbox 1290 926 1318 977; x_wconf 91' lang='lat' dir='ltr'><strong>in</strong></span> <span class='ocrx_word' id='word_1_55' title='bbox 1342 922 1411 975; x_wconf 90' lang='lat' dir='ltr'><strong>illud</strong></span> <span class='ocrx_word' id='word_1_56' title='bbox 1434 925 1582 974; x_wconf 81' lang='lat' dir='ltr'><strong>converte-</strong></span> 
     </span>
     <span class='ocr_line' id='line_1_6' title="bbox 356 1011 1582 1082; baseline -0.01 -14"><span class='ocrx_word' id='word_1_57' title='bbox 356 1023 382 1068; x_wconf 91' lang='lat' dir='ltr'><strong>et</strong></span> <span class='ocrx_word' id='word_1_58' title='bbox 401 1016 571 1082; x_wconf 78' lang='lat' dir='ltr'><strong>sangninem.</strong></span> <span class='ocrx_word' id='word_1_59' title='bbox 981 1020 1073 1077; x_wconf 88' lang='lat' dir='ltr'><strong>retur,</strong></span> <span class='ocrx_word' id='word_1_60' title='bbox 1086 1026 1143 1067; x_wconf 91' lang='lat' dir='ltr'><strong>nou</strong></span> <span class='ocrx_word' id='word_1_61' title='bbox 1157 1011 1220 1065; x_wconf 88' lang='lat' dir='ltr'><strong>ideo</strong></span> <span class='ocrx_word' id='word_1_62' title='bbox 1240 1018 1331 1064; x_wconf 88' lang='lat' dir='ltr'><strong>tamen</strong></span> <span class='ocrx_word' id='word_1_63' title='bbox 1348 1019 1502 1062; x_wconf 90' lang='lat' dir='ltr'><strong>conversus</strong></span> <span class='ocrx_word' id='word_1_64' title='bbox 1514 1018 1582 1060; x_wconf 88' lang='lat' dir='ltr'><strong>cen-</strong></span> 
     </span>
     <span class='ocr_line' id='line_1_7' title="bbox 390 1096 1176 1165; baseline -0.003 -14"><span class='ocrx_word' id='word_1_65' title='bbox 390 1100 448 1151; x_wconf 73' lang='lat' dir='ltr'><strong>ato.</strong></span> <span class='ocrx_word' id='word_1_66' title='bbox 469 1100 528 1165; x_wconf 79' lang='lat' dir='ltr'><strong>otj.</strong></span> <span class='ocrx_word' id='word_1_67' title='bbox 541 1102 566 1152; x_wconf 73' lang='lat' dir='ltr'><strong>a,</strong></span> <span class='ocrx_word' id='word_1_68' title='bbox 580 1102 703 1155; x_wconf 83' lang='lat' dir='ltr'><strong>christus</strong></span> <span class='ocrx_word' id='word_1_69' title='bbox 715 1102 851 1157; x_wconf 87' lang='lat' dir='ltr'><strong>dicendo:</strong></span> <span class='ocrx_word' id='word_1_70' title='bbox 868 1106 947 1158; x_wconf 80' lang='lat' dir='ltr'><strong>«lice</strong></span> <span class='ocrx_word' id='word_1_71' title='bbox 981 1098 1085 1153; x_wconf 90' lang='lat' dir='ltr'><strong>sendus</strong></span> <span class='ocrx_word' id='word_1_72' title='bbox 1103 1096 1176 1151; x_wconf 72' lang='lat' dir='ltr'><strong>est.⁸</strong></span> 
     </span>
     <span class='ocr_line' id='line_1_8' title="bbox 356 1176 1581 1255; baseline 0.001 -16"><span class='ocrx_word' id='word_1_73' title='bbox 356 1190 399 1239; x_wconf 90' lang='lat' dir='ltr'><strong>est</strong></span> <span class='ocrx_word' id='word_1_74' title='bbox 411 1197 511 1251; x_wconf 89' lang='lat' dir='ltr'><strong>corpus</strong></span> <span class='ocrx_word' id='word_1_75' title='bbox 533 1200 669 1249; x_wconf 76' lang='lat' dir='ltr'><strong>meum;n</strong></span> <span class='ocrx_word' id='word_1_76' title='bbox 686 1189 819 1243; x_wconf 76' lang='lat' dir='ltr'><strong>certiores</strong></span> <span class='ocrx_word' id='word_1_77' title='bbox 835 1189 947 1255; x_wconf 86' lang='lat' dir='ltr'><strong>quidem</strong></span> <span class='ocrx_word' id='word_1_78' title='bbox 1015 1186 1076 1238; x_wconf 72' lang='lat'><strong>229·</strong></span> <span class='ocrx_word' id='word_1_79' title='bbox 1100 1186 1178 1249; x_wconf 67' lang='lat' dir='ltr'><strong>Rett-</strong></span> <span class='ocrx_word' id='word_1_80' title='bbox 1202 1180 1285 1234; x_wconf 61' lang='lat' dir='ltr'><strong>¹⁸³³?ss</strong></span> <span class='ocrx_word' id='word_1_81' title='bbox 1305 1190 1374 1233; x_wconf 67' lang='lat' dir='ltr'><strong>V⁰⁰e</strong></span> <span class='ocrx_word' id='word_1_82' title='bbox 1399 1176 1488 1229; x_wconf 62' lang='lat' dir='ltr'><strong>”fitur</strong></span> <span class='ocrx_word' id='word_1_83' title='bbox 1511 1176 1581 1240; x_wconf 67' lang='lat' dir='ltr'><strong>A1³0·</strong></span> 
     </span>
     <span class='ocr_line' id='line_1_9' title="bbox 359 1260 1582 1340; baseline -0.01 -16"><span class='ocrx_word' id='word_1_84' title='bbox 359 1271 421 1325; x_wconf 88' lang='lat' dir='ltr'><strong>lecit</strong></span> <span class='ocrx_word' id='word_1_85' title='bbox 441 1273 588 1337; x_wconf 83' lang='lat' dir='ltr'><strong>Apostolos</strong></span> <span class='ocrx_word' id='word_1_86' title='bbox 613 1286 643 1326; x_wconf 92' lang='lat' dir='ltr'><strong>se</strong></span> <span class='ocrx_word' id='word_1_87' title='bbox 667 1284 768 1340; x_wconf 90' lang='lat' dir='ltr'><strong>corpus</strong></span> <span class='ocrx_word' id='word_1_88' title='bbox 790 1288 871 1327; x_wconf 92' lang='lat' dir='ltr'><strong>snum</strong></span> <span class='ocrx_word' id='word_1_89' title='bbox 894 1274 948 1328; x_wconf 88' lang='lat' dir='ltr'><strong>illis</strong></span> <span class='ocrx_word' id='word_1_90' title='bbox 982 1273 1071 1326; x_wconf 84' lang='lat' dir='ltr'><strong>stolus</strong></span> <span class='ocrx_word' id='word_1_91' title='bbox 1089 1271 1188 1324; x_wconf 86' lang='lat' dir='ltr'><strong>usitata</strong></span> <span class='ocrx_word' id='word_1_92' title='bbox 1212 1273 1240 1321; x_wconf 90' lang='lat' dir='ltr'><strong>et</strong></span> <span class='ocrx_word' id='word_1_93' title='bbox 1261 1264 1387 1318; x_wconf 78' lang='lat' dir='ltr'><strong>familiari</strong></span> <span class='ocrx_word' id='word_1_94' title='bbox 1415 1262 1525 1315; x_wconf 88' lang='lat' dir='ltr'><strong>ratione</strong></span> <span class='ocrx_word' id='word_1_95' title='bbox 1543 1260 1582 1313; x_wconf 91' lang='lat' dir='ltr'><strong>oh</strong></span> 
     </span>
     <span class='ocr_line' id='line_1_10' title="bbox 358 1351 1613 1425; baseline -0.007 -16"><span class='ocrx_word' id='word_1_96' title='bbox 358 1363 422 1409; x_wconf 86' lang='lat' dir='ltr'><strong>vere</strong></span> <span class='ocrx_word' id='word_1_97' title='bbox 443 1357 527 1419; x_wconf 86' lang='lat' dir='ltr'><strong>dare;</strong></span> <span class='ocrx_word' id='word_1_98' title='bbox 549 1358 598 1411; x_wconf 89' lang='lat' dir='ltr'><strong>sed</strong></span> <span class='ocrx_word' id='word_1_99' title='bbox 628 1359 702 1424; x_wconf 86' lang='lat' dir='ltr'><strong>qnod</strong></span> <span class='ocrx_word' id='word_1_100' title='bbox 729 1359 810 1412; x_wconf 91' lang='lat' dir='ltr'><strong>simul</strong></span> <span class='ocrx_word' id='word_1_101' title='bbox 837 1360 949 1413; x_wconf 90' lang='lat' dir='ltr'><strong>daretur</strong></span> <span class='ocrx_word' id='word_1_102' title='bbox 982 1351 1583 1425; x_wconf 79' lang='lat' dir='ltr'><strong>speciemextemam.caeterumsatisosten-</strong></span> <span class='ocrx_word' id='word_1_103' title='bbox 1610 1385 1613 1386; x_wconf 19' lang='grc' dir='ltr'><em>ν</em></span> 
     </span>
     <span class='ocr_line' id='line_1_11' title="bbox 358 1434 1582 1511; baseline -0.007 -18"><span class='ocrx_word' id='word_1_104' title='bbox 358 1442 453 1507; x_wconf 88' lang='lat' dir='ltr'><strong>panis,</strong></span> <span class='ocrx_word' id='word_1_105' title='bbox 474 1456 518 1495; x_wconf 87' lang='lat' dir='ltr'><strong>res</strong></span> <span class='ocrx_word' id='word_1_106' title='bbox 538 1449 598 1496; x_wconf 87' lang='lat' dir='ltr'><strong>erat</strong></span> <span class='ocrx_word' id='word_1_107' title='bbox 619 1444 698 1498; x_wconf 86' lang='lat' dir='ltr'><strong>ohvla</strong></span> <span class='ocrx_word' id='word_1_108' title='bbox 719 1445 868 1509; x_wconf 87' lang='lat' dir='ltr'><strong>sensibus,</strong></span> <span class='ocrx_word' id='word_1_109' title='bbox 887 1458 949 1511; x_wconf 82' lang='lat' dir='ltr'><strong>quae</strong></span> <span class='ocrx_word' id='word_1_110' title='bbox 983 1444 1023 1497; x_wconf 93' lang='lat' dir='ltr'><strong>dit</strong></span> <span class='ocrx_word' id='word_1_111' title='bbox 1031 1444 1121 1509; x_wconf 90' lang='lat' dir='ltr'><strong>ipsum</strong></span> <span class='ocrx_word' id='word_1_112' title='bbox 1129 1440 1228 1494; x_wconf 81' lang='lat' dir='ltr'><strong>Christi</strong></span> <span class='ocrx_word' id='word_1_113' title='bbox 1237 1452 1338 1505; x_wconf 88' lang='lat' dir='ltr'><strong>corpus</strong></span> <span class='ocrx_word' id='word_1_114' title='bbox 1347 1448 1495 1491; x_wconf 74' lang='lat' dir='ltr'><strong>essetnec</strong></span> <span class='ocrx_word' id='word_1_115' title='bbox 1505 1434 1582 1487; x_wconf 89' lang='lat' dir='ltr'><strong>enim</strong></span> 
     </span>
     <span class='ocr_line' id='line_1_12' title="bbox 358 1519 1584 1595; baseline -0.007 -18"><span class='ocrx_word' id='word_1_116' title='bbox 358 1527 432 1579; x_wconf 88' lang='lat' dir='ltr'><strong>nulla</strong></span> <span class='ocrx_word' id='word_1_117' title='bbox 452 1526 592 1595; x_wconf 78' lang='lat' dir='ltr'><strong>indigebat</strong></span> <span class='ocrx_word' id='word_1_118' title='bbox 620 1528 814 1584; x_wconf 74' lang='lat' dir='ltr'><strong>declaratione.</strong></span> <span class='ocrx_word' id='word_1_119' title='bbox 835 1534 873 1584; x_wconf 88' lang='lat' dir='ltr'><strong>lta</strong></span> <span class='ocrx_word' id='word_1_120' title='bbox 897 1533 951 1585; x_wconf 83' lang='lat' dir='ltr'><strong>Go-</strong></span> <span class='ocrx_word' id='word_1_121' title='bbox 984 1528 1062 1592; x_wconf 88' lang='lat' dir='ltr'><strong>alias,</strong></span> <span class='ocrx_word' id='word_1_122' title='bbox 1071 1540 1105 1581; x_wconf 92' lang='lat' dir='ltr'><strong>eo</strong></span> <span class='ocrx_word' id='word_1_123' title='bbox 1116 1531 1246 1592; x_wconf 88' lang='lat' dir='ltr'><strong>accepto,</strong></span> <span class='ocrx_word' id='word_1_124' title='bbox 1259 1522 1359 1577; x_wconf 80' lang='lat' dir='ltr'><strong>Christi</strong></span> <span class='ocrx_word' id='word_1_125' title='bbox 1374 1519 1501 1587; x_wconf 86' lang='lat' dir='ltr'><strong>eorporis</strong></span> <span class='ocrx_word' id='word_1_126' title='bbox 1516 1531 1584 1584; x_wconf 87' lang='lat' dir='ltr'><strong>par-</strong></span> 
     </span>
     <span class='ocr_line' id='line_1_13' title="bbox 358 1604 1583 1679; baseline -0.007 -16"><span class='ocrx_word' id='word_1_127' title='bbox 358 1612 467 1663; x_wconf 90' lang='lat' dir='ltr'><strong>sinns.¹</strong></span> <span class='ocrx_word' id='word_1_128' title='bbox 984 1614 1082 1679; x_wconf 89' lang='lat' dir='ltr'><strong>ticipes</strong></span> <span class='ocrx_word' id='word_1_129' title='bbox 1098 1624 1233 1665; x_wconf 85' lang='lat' dir='ltr'><strong>essemus.</strong></span> <span class='ocrx_word' id='word_1_130' title='bbox 1257 1612 1316 1663; x_wconf 82' lang='lat' dir='ltr'><strong>Non</strong></span> <span class='ocrx_word' id='word_1_131' title='bbox 1339 1607 1407 1661; x_wconf 90' lang='lat' dir='ltr'><strong>dicit</strong></span> <span class='ocrx_word' id='word_1_132' title='bbox 1430 1604 1583 1659; x_wconf 79' lang='lat' dir='ltr'><strong>occasione</strong></span> 
     </span>
     <span class='ocr_line' id='line_1_14' title="bbox 392 1687 1585 1767; baseline -0.008 -20"><span class='ocrx_word' id='word_1_133' title='bbox 392 1697 451 1747; x_wconf 72' lang='lat'><strong>927.</strong></span> <span class='ocrx_word' id='word_1_134' title='bbox 469 1698 546 1761; x_wconf 73' lang='lat' dir='ltr'><strong>rtem.</strong></span> <span class='ocrx_word' id='word_1_135' title='bbox 567 1698 663 1765; x_wconf 79' lang='lat' dir='ltr'><strong>Utique</strong></span> <span class='ocrx_word' id='word_1_136' title='bbox 673 1700 817 1766; x_wconf 79' lang='lat' dir='ltr'><strong>Apostolos</strong></span> <span class='ocrx_word' id='word_1_137' title='bbox 826 1700 950 1755; x_wconf 86' lang='lat' dir='ltr'><strong>christus</strong></span> <span class='ocrx_word' id='word_1_138' title='bbox 984 1697 1063 1767; x_wconf 89' lang='lat' dir='ltr'><strong>panis</strong></span> <span class='ocrx_word' id='word_1_139' title='bbox 1080 1703 1187 1751; x_wconf 88' lang='lat' dir='ltr'><strong>tantum</strong></span> <span class='ocrx_word' id='word_1_140' title='bbox 1206 1695 1287 1749; x_wconf 91' lang='lat' dir='ltr'><strong>nohis</strong></span> <span class='ocrx_word' id='word_1_141' title='bbox 1295 1691 1460 1746; x_wconf 85' lang='lat' dir='ltr'><strong>heneficium</strong></span> <span class='ocrx_word' id='word_1_142' title='bbox 1473 1687 1585 1743; x_wconf 86' lang='lat' dir='ltr'><strong>centlu-</strong></span> 
     </span>
     <span class='ocr_line' id='line_1_15' title="bbox 359 1780 1586 1853; baseline -0.003 -22"><span class='ocrx_word' id='word_1_143' title='bbox 359 1780 422 1833; x_wconf 87' lang='lat' dir='ltr'><strong>tecit</strong></span> <span class='ocrx_word' id='word_1_144' title='bbox 446 1782 577 1835; x_wconf 88' lang='lat' dir='ltr'><strong>certiores</strong></span> <span class='ocrx_word' id='word_1_145' title='bbox 607 1794 764 1850; x_wconf 88' lang='lat' dir='ltr'><strong>se·eorpus</strong></span> <span class='ocrx_word' id='word_1_146' title='bbox 794 1798 874 1839; x_wconf 90' lang='lat' dir='ltr'><strong>snum</strong></span> <span class='ocrx_word' id='word_1_147' title='bbox 896 1787 951 1840; x_wconf 89' lang='lat' dir='ltr'><strong>illis</strong></span> <span class='ocrx_word' id='word_1_148' title='bbox 985 1798 1069 1853; x_wconf 76' lang='lat' dir='ltr'><strong>gere,</strong></span> <span class='ocrx_word' id='word_1_149' title='bbox 1090 1785 1140 1837; x_wconf 88' lang='lat' dir='ltr'><strong>sed</strong></span> <span class='ocrx_word' id='word_1_150' title='bbox 1161 1785 1251 1849; x_wconf 92' lang='lat' dir='ltr'><strong>ipsum</strong></span> <span class='ocrx_word' id='word_1_151' title='bbox 1282 1780 1365 1834; x_wconf 91' lang='lat' dir='ltr'><strong>nohis</strong></span> <span class='ocrx_word' id='word_1_152' title='bbox 1385 1780 1482 1831; x_wconf 89' lang='lat' dir='ltr'><strong>datum</strong></span> <span class='ocrx_word' id='word_1_153' title='bbox 1507 1788 1586 1829; x_wconf 91' lang='lat' dir='ltr'><strong>com·</strong></span> 
     </span>
     <span class='ocr_line' id='line_1_16' title="bbox 359 1860 1585 1937; baseline -0.007 -18"><span class='ocrx_word' id='word_1_154' title='bbox 359 1867 440 1928; x_wconf 88' lang='lat' dir='ltr'><strong>dare,</strong></span> <span class='ocrx_word' id='word_1_155' title='bbox 456 1868 505 1921; x_wconf 93' lang='lat' dir='ltr'><strong>sed</strong></span> <span class='ocrx_word' id='word_1_156' title='bbox 524 1882 608 1934; x_wconf 72' lang='lat' dir='ltr'><strong>qurum</strong></span> <span class='ocrx_word' id='word_1_157' title='bbox 628 1869 656 1922; x_wconf 91' lang='lat' dir='ltr'><strong>id</strong></span> <span class='ocrx_word' id='word_1_158' title='bbox 673 1872 749 1937; x_wconf 85' lang='lat' dir='ltr'><strong>quod</strong></span> <span class='ocrx_word' id='word_1_159' title='bbox 764 1872 892 1927; x_wconf 86' lang='lat' dir='ltr'><strong>manibus</strong></span> <span class='ocrx_word' id='word_1_160' title='bbox 910 1880 960 1928; x_wconf 86' lang='lat' dir='ltr'><strong>te··</strong></span> <span class='ocrx_word' id='word_1_161' title='bbox 985 1871 1146 1925; x_wconf 84' lang='lat' dir='ltr'><strong>munionem</strong></span> <span class='ocrx_word' id='word_1_162' title='bbox 1171 1882 1233 1922; x_wconf 85' lang='lat' dir='ltr'><strong>esse</strong></span> <span class='ocrx_word' id='word_1_163' title='bbox 1260 1865 1385 1932; x_wconf 86' lang='lat' dir='ltr'><strong>corporis</strong></span> <span class='ocrx_word' id='word_1_164' title='bbox 1409 1860 1530 1915; x_wconf 85' lang='lat' dir='ltr'><strong>homini.</strong></span> <span class='ocrx_word' id='word_1_165' title='bbox 1554 1860 1585 1911; x_wconf 85' lang='lat' dir='ltr'><strong>Si</strong></span> 
     </span>
     <span class='ocr_line' id='line_1_17' title="bbox 360 1946 1585 2023; baseline -0.007 -18"><span class='ocrx_word' id='word_1_166' title='bbox 360 1954 444 2006; x_wconf 90' lang='lat' dir='ltr'><strong>uehat</strong></span> <span class='ocrx_word' id='word_1_167' title='bbox 462 1966 562 2021; x_wconf 88' lang='lat' dir='ltr'><strong>corpus</strong></span> <span class='ocrx_word' id='word_1_168' title='bbox 583 1955 650 2008; x_wconf 92' lang='lat' dir='ltr'><strong>illud</strong></span> <span class='ocrx_word' id='word_1_169' title='bbox 674 1970 736 2010; x_wconf 88' lang='lat' dir='ltr'><strong>esse</strong></span> <span class='ocrx_word' id='word_1_170' title='bbox 757 1958 875 2023; x_wconf 80' lang='lat' dir='ltr'><strong>dixerit,</strong></span> <span class='ocrx_word' id='word_1_171' title='bbox 894 1972 951 2013; x_wconf 91' lang='lat' dir='ltr'><strong>non</strong></span> <span class='ocrx_word' id='word_1_172' title='bbox 985 1956 1134 2020; x_wconf 70' lang='lat' dir='ltr'><strong>tentavit,</strong></span> <span class='ocrx_word' id='word_1_173' title='bbox 1149 1956 1209 2021; x_wconf 89' lang='lat' dir='ltr'><strong>ipso</strong></span> <span class='ocrx_word' id='word_1_174' title='bbox 1233 1954 1334 2006; x_wconf 85' lang='lat' dir='ltr'><strong>latente</strong></span> <span class='ocrx_word' id='word_1_175' title='bbox 1356 1946 1585 2012; x_wconf 85' lang='lat' dir='ltr'><strong>cosino‚verhis</strong></span> 
     </span>
     <span class='ocr_line' id='line_1_18' title="bbox 360 2033 1587 2110; baseline -0.004 -20"><span class='ocrx_word' id='word_1_176' title='bbox 360 2038 424 2092; x_wconf 89' lang='lat' dir='ltr'><strong>licet</strong></span> <span class='ocrx_word' id='word_1_177' title='bbox 436 2038 505 2093; x_wconf 90' lang='lat' dir='ltr'><strong>alias</strong></span> <span class='ocrx_word' id='word_1_178' title='bbox 527 2041 656 2103; x_wconf 83' lang='lat' dir='ltr'><strong>credere3</strong></span> <span class='ocrx_word' id='word_1_179' title='bbox 675 2043 770 2095; x_wconf 84' lang='lat' dir='ltr'><strong>hahuit</strong></span> <span class='ocrx_word' id='word_1_180' title='bbox 783 2044 856 2097; x_wconf 90' lang='lat' dir='ltr'><strong>enim</strong></span> <span class='ocrx_word' id='word_1_181' title='bbox 878 2050 953 2110; x_wconf 91' lang='lat' dir='ltr'><strong>pote·</strong></span> <span class='ocrx_word' id='word_1_182' title='bbox 986 2041 1110 2104; x_wconf 82' lang='lat' dir='ltr'><strong>homini,</strong></span> <span class='ocrx_word' id='word_1_183' title='bbox 1124 2045 1152 2094; x_wconf 91' lang='lat' dir='ltr'><strong>et</strong></span> <span class='ocrx_word' id='word_1_184' title='bbox 1170 2037 1292 2106; x_wconf 78' lang='lat' dir='ltr'><strong>Apostoli</strong></span> <span class='ocrx_word' id='word_1_185' title='bbox 1305 2036 1391 2100; x_wconf 91' lang='lat' dir='ltr'><strong>insit,</strong></span> <span class='ocrx_word' id='word_1_186' title='bbox 1413 2040 1445 2087; x_wconf 90' lang='lat' dir='ltr'><strong>ut</strong></span> <span class='ocrx_word' id='word_1_187' title='bbox 1465 2033 1503 2086; x_wconf 87' lang='lat' dir='ltr'><strong>de</strong></span> <span class='ocrx_word' id='word_1_188' title='bbox 1524 2044 1587 2098; x_wconf 85' lang='lat' dir='ltr'><strong>per·</strong></span> 
     </span>
     <span class='ocr_line' id='line_1_19' title="bbox 359 2117 1586 2192; baseline -0.007 -15"><span class='ocrx_word' id='word_1_189' title='bbox 359 2129 458 2177; x_wconf 83' lang='lat' dir='ltr'><strong>statem</strong></span> <span class='ocrx_word' id='word_1_190' title='bbox 476 2138 575 2191; x_wconf 89' lang='lat' dir='ltr'><strong>panem</strong></span> <span class='ocrx_word' id='word_1_191' title='bbox 592 2126 619 2176; x_wconf 91' lang='lat' dir='ltr'><strong>in</strong></span> <span class='ocrx_word' id='word_1_192' title='bbox 635 2138 735 2191; x_wconf 91' lang='lat' dir='ltr'><strong>corpus</strong></span> <span class='ocrx_word' id='word_1_193' title='bbox 754 2127 951 2192; x_wconf 85' lang='lat' dir='ltr'><strong>convertendi,</strong></span> <span class='ocrx_word' id='word_1_194' title='bbox 986 2128 1068 2191; x_wconf 88' lang='lat' dir='ltr'><strong>cepto</strong></span> <span class='ocrx_word' id='word_1_195' title='bbox 1093 2137 1209 2191; x_wconf 84' lang='lat' dir='ltr'><strong>corpore</strong></span> <span class='ocrx_word' id='word_1_196' title='bbox 1229 2121 1336 2177; x_wconf 85' lang='lat' dir='ltr'><strong>homini</strong></span> <span class='ocrx_word' id='word_1_197' title='bbox 1354 2119 1370 2173; x_wconf 82' lang='lat' dir='ltr'><strong>&#39;a</strong></span> <span class='ocrx_word' id='word_1_198' title='bbox 1391 2119 1476 2186; x_wconf 86' lang='lat' dir='ltr'><strong>digne</strong></span> <span class='ocrx_word' id='word_1_199' title='bbox 1492 2117 1586 2170; x_wconf 89' lang='lat' dir='ltr'><strong>susci—</strong></span> 
     </span>
     <span class='ocr_line' id='line_1_20' title="bbox 361 2203 1586 2277; baseline -0.005 -17"><span class='ocrx_word' id='word_1_200' title='bbox 361 2208 445 2274; x_wconf 85' lang='lat' dir='ltr'><strong>idque</strong></span> <span class='ocrx_word' id='word_1_201' title='bbox 458 2223 488 2262; x_wconf 89' lang='lat' dir='ltr'><strong>se</strong></span> <span class='ocrx_word' id='word_1_202' title='bbox 499 2210 597 2263; x_wconf 85' lang='lat' dir='ltr'><strong>fecisse</strong></span> <span class='ocrx_word' id='word_1_203' title='bbox 615 2224 647 2263; x_wconf 90' lang='lat' dir='ltr'><strong>ex</strong></span> <span class='ocrx_word' id='word_1_204' title='bbox 658 2211 751 2265; x_wconf 83' lang='lat' dir='ltr'><strong>vernis</strong></span> <span class='ocrx_word' id='word_1_205' title='bbox 767 2213 827 2277; x_wconf 89' lang='lat' dir='ltr'><strong>ejus</strong></span> <span class='ocrx_word' id='word_1_206' title='bbox 839 2213 952 2266; x_wconf 92' lang='lat' dir='ltr'><strong>omnino</strong></span> <span class='ocrx_word' id='word_1_207' title='bbox 986 2210 1166 2276; x_wconf 88' lang='lat' dir='ltr'><strong>pientihussit</strong></span> <span class='ocrx_word' id='word_1_208' title='bbox 1176 2208 1334 2263; x_wconf 88' lang='lat' dir='ltr'><strong>omnimoda</strong></span> <span class='ocrx_word' id='word_1_209' title='bbox 1341 2203 1490 2267; x_wconf 91' lang='lat' dir='ltr'><strong>certitudo,</strong></span> <span class='ocrx_word' id='word_1_210' title='bbox 1501 2215 1586 2268; x_wconf 81' lang='lat' dir='ltr'><strong>aeque</strong></span> 
     </span>
     <span class='ocr_line' id='line_1_21' title="bbox 360 2293 1585 2365; baseline -0.001 -20"><span class='ocrx_word' id='word_1_211' title='bbox 360 2293 492 2359; x_wconf 84' lang='lat' dir='ltr'><strong>sequitur.</strong></span> <span class='ocrx_word' id='word_1_212' title='bbox 507 2295 629 2350; x_wconf 81' lang='lat' dir='ltr'><strong>Proiecto</strong></span> <span class='ocrx_word' id='word_1_213' title='bbox 642 2297 670 2349; x_wconf 91' lang='lat' dir='ltr'><strong>in</strong></span> <span class='ocrx_word' id='word_1_214' title='bbox 680 2311 710 2351; x_wconf 90' lang='lat' dir='ltr'><strong>re</strong></span> <span class='ocrx_word' id='word_1_215' title='bbox 728 2298 794 2350; x_wconf 91' lang='lat' dir='ltr'><strong>tanti</strong></span> <span class='ocrx_word' id='word_1_216' title='bbox 805 2300 953 2365; x_wconf 80' lang='lat' dir='ltr'><strong>momenti,</strong></span> <span class='ocrx_word' id='word_1_217' title='bbox 988 2312 1020 2351; x_wconf 88' lang='lat' dir='ltr'><strong>ac</strong></span> <span class='ocrx_word' id='word_1_218' title='bbox 1032 2298 1055 2351; x_wconf 90' lang='lat' dir='ltr'><strong>si</strong></span> <span class='ocrx_word' id='word_1_219' title='bbox 1067 2299 1147 2365; x_wconf 88' lang='lat' dir='ltr'><strong>panis</strong></span> <span class='ocrx_word' id='word_1_220' title='bbox 1159 2311 1223 2352; x_wconf 84' lang='lat' dir='ltr'><strong>vere</strong></span> <span class='ocrx_word' id='word_1_221' title='bbox 1236 2299 1264 2349; x_wconf 89' lang='lat' dir='ltr'><strong>in</strong></span> <span class='ocrx_word' id='word_1_222' title='bbox 1277 2296 1345 2350; x_wconf 90' lang='lat' dir='ltr'><strong>illud</strong></span> <span class='ocrx_word' id='word_1_223' title='bbox 1355 2299 1585 2353; x_wconf 85' lang='lat' dir='ltr'><strong>converteretur;</strong></span> 
     </span>
     <span class='ocr_line' id='line_1_22' title="bbox 362 2377 1630 2450; baseline -0.002 -19"><span class='ocrx_word' id='word_1_224' title='bbox 362 2377 397 2431; x_wconf 91' lang='lat' dir='ltr'><strong>de</strong></span> <span class='ocrx_word' id='word_1_225' title='bbox 422 2390 475 2444; x_wconf 83' lang='lat' dir='ltr'><strong>qua</strong></span> <span class='ocrx_word' id='word_1_226' title='bbox 504 2380 648 2435; x_wconf 89' lang='lat' dir='ltr'><strong>universos</strong></span> <span class='ocrx_word' id='word_1_227' title='bbox 673 2383 814 2436; x_wconf 85' lang='lat' dir='ltr'><strong>christiani</strong></span> <span class='ocrx_word' id='word_1_228' title='bbox 834 2386 954 2440; x_wconf 88' lang='lat' dir='ltr'><strong>nominis</strong></span> <span class='ocrx_word' id='word_1_229' title='bbox 988 2384 1083 2449; x_wconf 87' lang='lat' dir='ltr'><strong>utique</strong></span> <span class='ocrx_word' id='word_1_230' title='bbox 1096 2385 1214 2450; x_wconf 88' lang='lat' dir='ltr'><strong>prohant</strong></span> <span class='ocrx_word' id='word_1_231' title='bbox 1224 2381 1386 2447; x_wconf 90' lang='lat' dir='ltr'><strong>simpliciter</strong></span> <span class='ocrx_word' id='word_1_232' title='bbox 1406 2385 1434 2433; x_wconf 90' lang='lat' dir='ltr'><strong>et</strong></span> <span class='ocrx_word' id='word_1_233' title='bbox 1454 2378 1586 2431; x_wconf 88' lang='lat' dir='ltr'><strong>absolute</strong></span> <span class='ocrx_word' id='word_1_234' title='bbox 1627 2401 1630 2405; x_wconf 94' lang='lat'>·</span> 
     </span>
     <span class='ocr_line' id='line_1_23' title="bbox 362 2456 1588 2533; baseline -0.002 -16"><span class='ocrx_word' id='word_1_235' title='bbox 362 2464 532 2529; x_wconf 85' lang='lat' dir='ltr'><strong>professores</strong></span> <span class='ocrx_word' id='word_1_236' title='bbox 542 2480 592 2532; x_wconf 92' lang='lat' dir='ltr'><strong>per</strong></span> <span class='ocrx_word' id='word_1_237' title='bbox 603 2468 720 2533; x_wconf 89' lang='lat' dir='ltr'><strong>plurima</strong></span> <span class='ocrx_word' id='word_1_238' title='bbox 733 2456 833 2524; x_wconf 79' lang='lat' dir='ltr'><strong>secuta</strong></span> <span class='ocrx_word' id='word_1_239' title='bbox 843 2472 954 2527; x_wconf 85' lang='lat' dir='ltr'><strong>obvium</strong></span> <span class='ocrx_word' id='word_1_240' title='bbox 988 2473 1194 2523; x_wconf 86' lang='lat' dir='ltr'><strong>sacramentum</strong></span> <span class='ocrx_word' id='word_1_241' title='bbox 1218 2479 1281 2520; x_wconf 88' lang='lat' dir='ltr'><strong>csse</strong></span> <span class='ocrx_word' id='word_1_242' title='bbox 1302 2478 1403 2531; x_wconf 85' lang='lat' dir='ltr'><strong>corpus</strong></span> <span class='ocrx_word' id='word_1_243' title='bbox 1421 2463 1588 2525; x_wconf 81' lang='lat' dir='ltr'><strong>homini‚et</strong></span> 
     </span>
     <span class='ocr_line' id='line_1_24' title="bbox 361 2546 1588 2623; baseline -0.002 -23"><span class='ocrx_word' id='word_1_244' title='bbox 361 2548 508 2603; x_wconf 86' lang='lat' dir='ltr'><strong>verborum</strong></span> <span class='ocrx_word' id='word_1_245' title='bbox 524 2564 637 2605; x_wconf 91' lang='lat' dir='ltr'><strong>suornm</strong></span> <span class='ocrx_word' id='word_1_246' title='bbox 654 2568 766 2608; x_wconf 90' lang='lat' dir='ltr'><strong>sensum</strong></span> <span class='ocrx_word' id='word_1_247' title='bbox 780 2558 954 2623; x_wconf 85' lang='lat' dir='ltr'><strong>amplexuros</strong></span> <span class='ocrx_word' id='word_1_248' title='bbox 989 2568 1086 2609; x_wconf 90' lang='lat' dir='ltr'><strong>omnes</strong></span> <span class='ocrx_word' id='word_1_249' title='bbox 1110 2553 1178 2606; x_wconf 92' lang='lat' dir='ltr'><strong>illud</strong></span> <span class='ocrx_word' id='word_1_250' title='bbox 1206 2549 1404 2616; x_wconf 82' lang='lat' dir='ltr'><strong>suscipientes,</strong></span> <span class='ocrx_word' id='word_1_251' title='bbox 1432 2547 1518 2601; x_wconf 90' lang='lat' dir='ltr'><strong>etiam</strong></span> <span class='ocrx_word' id='word_1_252' title='bbox 1542 2546 1588 2598; x_wconf 92' lang='lat' dir='ltr'><strong>in·</strong></span> 
     </span>
     <span class='ocr_line' id='line_1_25' title="bbox 362 2632 1587 2708; baseline 0 -23"><span class='ocrx_word' id='word_1_253' title='bbox 362 2635 503 2700; x_wconf 84' lang='lat' dir='ltr'><strong>praevidit,</strong></span> <span class='ocrx_word' id='word_1_254' title='bbox 517 2647 574 2690; x_wconf 90' lang='lat' dir='ltr'><strong>non</strong></span> <span class='ocrx_word' id='word_1_255' title='bbox 586 2644 628 2691; x_wconf 90' lang='lat' dir='ltr'><strong>est</strong></span> <span class='ocrx_word' id='word_1_256' title='bbox 645 2640 814 2693; x_wconf 91' lang='lat' dir='ltr'><strong>censendum</strong></span> <span class='ocrx_word' id='word_1_257' title='bbox 834 2655 897 2695; x_wconf 90' lang='lat' dir='ltr'><strong>eum</strong></span> <span class='ocrx_word' id='word_1_258' title='bbox 918 2643 955 2695; x_wconf 85' lang='lat' dir='ltr'><strong>ita</strong></span> <span class='ocrx_word' id='word_1_259' title='bbox 989 2641 1080 2708; x_wconf 82' lang='lat' dir='ltr'><strong>digne,</strong></span> <span class='ocrx_word' id='word_1_260' title='bbox 1092 2640 1153 2705; x_wconf 76' lang='lat' dir='ltr'><strong>eius</strong></span> <span class='ocrx_word' id='word_1_261' title='bbox 1161 2652 1223 2691; x_wconf 89' lang='lat' dir='ltr'><strong>esse</strong></span> <span class='ocrx_word' id='word_1_262' title='bbox 1232 2636 1390 2703; x_wconf 86' lang='lat' dir='ltr'><strong>participes,</strong></span> <span class='ocrx_word' id='word_1_263' title='bbox 1403 2646 1468 2687; x_wconf 89' lang='lat' dir='ltr'><strong>reos</strong></span> <span class='ocrx_word' id='word_1_264' title='bbox 1479 2632 1587 2687; x_wconf 90' lang='lat' dir='ltr'><strong>idcirco</strong></span> 
     </span>
     <span class='ocr_line' id='line_1_26' title="bbox 363 2719 1588 2792; baseline 0.001 -22"><span class='ocrx_word' id='word_1_265' title='bbox 363 2720 518 2775; x_wconf 87' lang='lat' dir='ltr'><strong>locuturum</strong></span> <span class='ocrx_word' id='word_1_266' title='bbox 547 2722 650 2789; x_wconf 85' lang='lat' dir='ltr'><strong>luisse,</strong></span> <span class='ocrx_word' id='word_1_267' title='bbox 672 2726 696 2779; x_wconf 90' lang='lat' dir='ltr'><strong>si</strong></span> <span class='ocrx_word' id='word_1_268' title='bbox 725 2726 778 2780; x_wconf 86' lang='lat' dir='ltr'><strong>alia</strong></span> <span class='ocrx_word' id='word_1_269' title='bbox 807 2728 833 2780; x_wconf 90' lang='lat' dir='ltr'><strong>ei</strong></span> <span class='ocrx_word' id='word_1_270' title='bbox 859 2727 956 2782; x_wconf 81' lang='lat' dir='ltr'><strong>luisset</strong></span> <span class='ocrx_word' id='word_1_271' title='bbox 990 2726 1113 2792; x_wconf 89' lang='lat' dir='ltr'><strong>corporis</strong></span> <span class='ocrx_word' id='word_1_272' title='bbox 1141 2731 1168 2780; x_wconf 90' lang='lat' dir='ltr'><strong>et</strong></span> <span class='ocrx_word' id='word_1_273' title='bbox 1191 2722 1335 2791; x_wconf 82' lang='lat' dir='ltr'><strong>sanguinis</strong></span> <span class='ocrx_word' id='word_1_274' title='bbox 1358 2720 1478 2774; x_wconf 85' lang='lat' dir='ltr'><strong>homini.</strong></span> <span class='ocrx_word' id='word_1_275' title='bbox 1506 2719 1588 2784; x_wconf 78' lang='lat' dir='ltr'><strong>Quod</strong></span> 
     </span>
     <span class='ocr_line' id='line_1_27' title="bbox 363 2807 1588 2878; baseline 0.002 -24"><span class='ocrx_word' id='word_1_276' title='bbox 363 2817 451 2857; x_wconf 91' lang='lat' dir='ltr'><strong>mens.</strong></span> <span class='ocrx_word' id='word_1_277' title='bbox 471 2807 561 2860; x_wconf 79' lang='lat' dir='ltr'><strong>Potuit</strong></span> <span class='ocrx_word' id='word_1_278' title='bbox 578 2809 652 2861; x_wconf 91' lang='lat' dir='ltr'><strong>enim</strong></span> <span class='ocrx_word' id='word_1_279' title='bbox 673 2811 765 2863; x_wconf 88' lang='lat' dir='ltr'><strong>dicere</strong></span> <span class='ocrx_word' id='word_1_280' title='bbox 786 2826 793 2862; x_wconf 75' lang='grc' dir='ltr'><strong>ε</strong></span> <span class='ocrx_word' id='word_1_281' title='bbox 818 2815 875 2864; x_wconf 88' lang='lat' dir='ltr'><strong>Una</strong></span> <span class='ocrx_word' id='word_1_282' title='bbox 893 2825 957 2866; x_wconf 89' lang='lat' dir='ltr'><strong>cnm</strong></span> <span class='ocrx_word' id='word_1_283' title='bbox 989 2824 1089 2878; x_wconf 89' lang='lat' dir='ltr'><strong>panem</strong></span> <span class='ocrx_word' id='word_1_284' title='bbox 1110 2823 1223 2865; x_wconf 86' lang='lat' dir='ltr'><strong>manere</strong></span> <span class='ocrx_word' id='word_1_285' title='bbox 1237 2809 1310 2862; x_wconf 88' lang='lat' dir='ltr'><strong>dicat</strong></span> <span class='ocrx_word' id='word_1_286' title='bbox 1330 2807 1463 2870; x_wconf 81' lang='lat' dir='ltr'><strong>Cosmus,</strong></span> <span class='ocrx_word' id='word_1_287' title='bbox 1477 2819 1512 2858; x_wconf 85' lang='lat' dir='ltr'><strong>ex</strong></span> <span class='ocrx_word' id='word_1_288' title='bbox 1525 2817 1588 2857; x_wconf 92' lang='lat' dir='ltr'><strong>sen·</strong></span> 
     </span>
     <span class='ocr_line' id='line_1_28' title="bbox 365 2887 1589 2959; baseline 0.004 -20"><span class='ocrx_word' id='word_1_289' title='bbox 365 2887 417 2940; x_wconf 94' lang='lat' dir='ltr'><strong>hoc</strong></span> <span class='ocrx_word' id='word_1_290' title='bbox 437 2902 523 2954; x_wconf 89' lang='lat' dir='ltr'><strong>pane,</strong></span> <span class='ocrx_word' id='word_1_291' title='bbox 547 2897 574 2944; x_wconf 92' lang='lat' dir='ltr'><strong>et</strong></span> <span class='ocrx_word' id='word_1_292' title='bbox 594 2892 667 2946; x_wconf 92' lang='lat' dir='ltr'><strong>illius</strong></span> <span class='ocrx_word' id='word_1_293' title='bbox 692 2895 793 2959; x_wconf 86' lang='lat' dir='ltr'><strong>instar,</strong></span> <span class='ocrx_word' id='word_1_294' title='bbox 822 2897 858 2950; x_wconf 94' lang='lat' dir='ltr'><strong>do</strong></span> <span class='ocrx_word' id='word_1_295' title='bbox 876 2898 957 2951; x_wconf 86' lang='lat' dir='ltr'><strong>vohis</strong></span> <span class='ocrx_word' id='word_1_296' title='bbox 990 2912 1070 2951; x_wconf 91' lang='lat' dir='ltr'><strong>suum</strong></span> <span class='ocrx_word' id='word_1_297' title='bbox 1092 2895 1249 2951; x_wconf 90' lang='lat' dir='ltr'><strong>testimonio</strong></span> <span class='ocrx_word' id='word_1_298' title='bbox 1267 2892 1531 2958; x_wconf 84' lang='lat' dir='ltr'><strong>derivat,.quo,in</strong></span> <span class='ocrx_word' id='word_1_299' title='bbox 1554 2904 1589 2944; x_wconf 89' lang='lat' dir='ltr'><strong>re</strong></span> 
     </span>
     <span class='ocr_line' id='line_1_29' title="bbox 364 2978 1591 3039; baseline 0.005 -16"><span class='ocrx_word' id='word_1_300' title='bbox 364 2983 465 3036; x_wconf 90' lang='lat' dir='ltr'><strong>eorpus</strong></span> <span class='ocrx_word' id='word_1_301' title='bbox 477 2987 579 3026; x_wconf 90' lang='lat' dir='ltr'><strong>meum.</strong></span> <span class='ocrx_word' id='word_1_302' title='bbox 592 2978 679 3039; x_wconf 81' lang='lat' dir='ltr'><strong>Quum</strong></span> <span class='ocrx_word' id='word_1_303' title='bbox 690 2983 782 3030; x_wconf 88' lang='lat' dir='ltr'><strong>autern</strong></span> <span class='ocrx_word' id='word_1_304' title='bbox 795 2979 886 3033; x_wconf 89' lang='lat' dir='ltr'><strong>dicat:</strong></span> <span class='ocrx_word' id='word_1_305' title='bbox 900 2983 957 3035; x_wconf 90' lang='lat' dir='ltr'><strong>lloc</strong></span> <span class='ocrx_word' id='word_1_306' title='bbox 991 2983 1122 3038; x_wconf 86' lang='lat' dir='ltr'><strong>divinitus</strong></span> <span class='ocrx_word' id='word_1_307' title='bbox 1146 2988 1221 3038; x_wconf 85' lang='lat' dir='ltr'><strong>extra</strong></span> <span class='ocrx_word' id='word_1_308' title='bbox 1243 2982 1371 3036; x_wconf 89' lang='lat' dir='ltr'><strong>ordinem</strong></span> <span class='ocrx_word' id='word_1_309' title='bbox 1396 2986 1505 3032; x_wconf 85' lang='lat' dir='ltr'><strong>naturae</strong></span> <span class='ocrx_word' id='word_1_310' title='bbox 1523 2990 1591 3031; x_wconf 93' lang='lat' dir='ltr'><strong>con·</strong></span> 
     </span>
     <span class='ocr_line' id='line_1_30' title="bbox 363 3062 1590 3141; baseline 0.007 -34"><span class='ocrx_word' id='word_1_311' title='bbox 363 3062 406 3108; x_wconf 88' lang='lat' dir='ltr'><strong>est</strong></span> <span class='ocrx_word' id='word_1_312' title='bbox 423 3069 524 3124; x_wconf 88' lang='lat' dir='ltr'><strong>corpus</strong></span> <span class='ocrx_word' id='word_1_313' title='bbox 548 3072 658 3124; x_wconf 90' lang='lat' dir='ltr'><strong>meum;</strong></span> <span class='ocrx_word' id='word_1_314' title='bbox 679 3063 746 3116; x_wconf 89' lang='lat' dir='ltr'><strong>illud</strong></span> <span class='ocrx_word' id='word_1_315' title='bbox 767 3069 824 3118; x_wconf 93' lang='lat' dir='ltr'><strong>toto</strong></span> <span class='ocrx_word' id='word_1_316' title='bbox 854 3069 956 3122; x_wconf 90' lang='lat' dir='ltr'><strong>mentis</strong></span> <span class='ocrx_word' id='word_1_317' title='bbox 992 3075 1101 3141; x_wconf 80' lang='lat' dir='ltr'><strong>suetum</strong></span> <span class='ocrx_word' id='word_1_318' title='bbox 1112 3071 1212 3136; x_wconf 89' lang='lat' dir='ltr'><strong>posita,</strong></span> <span class='ocrx_word' id='word_1_319' title='bbox 1222 3068 1272 3122; x_wconf 89' lang='lat' dir='ltr'><strong>niti</strong></span> <span class='ocrx_word' id='word_1_320' title='bbox 1285 3081 1342 3121; x_wconf 91' lang='lat' dir='ltr'><strong>non</strong></span> <span class='ocrx_word' id='word_1_321' title='bbox 1355 3070 1475 3133; x_wconf 87' lang='lat' dir='ltr'><strong>oportet,</strong></span> <span class='ocrx_word' id='word_1_322' title='bbox 1490 3069 1590 3118; x_wconf 88' lang='lat' dir='ltr'><strong>contra</strong></span> 
     </span>
     <span class='ocr_line' id='line_1_31' title="bbox 364 3139 1591 3222; baseline 0.008 -30"><span class='ocrx_word' id='word_1_323' title='bbox 364 3139 498 3206; x_wconf 88' lang='lat' dir='ltr'><strong>obsequio</strong></span> <span class='ocrx_word' id='word_1_324' title='bbox 510 3143 675 3211; x_wconf 88' lang='lat' dir='ltr'><strong>excipimus,</strong></span> <span class='ocrx_word' id='word_1_325' title='bbox 686 3151 744 3215; x_wconf 88' lang='lat' dir='ltr'><strong>ejus</strong></span> <span class='ocrx_word' id='word_1_326' title='bbox 755 3150 855 3218; x_wconf 89' lang='lat' dir='ltr'><strong>verbo,</strong></span> <span class='ocrx_word' id='word_1_327' title='bbox 868 3155 958 3222; x_wconf 81' lang='lat' dir='ltr'><strong>magis</strong></span> <span class='ocrx_word' id='word_1_328' title='bbox 991 3151 1050 3212; x_wconf 77' lang='lat' dir='ltr'><strong>vim&#39;</strong></span> <span class='ocrx_word' id='word_1_329' title='bbox 1064 3157 1173 3212; x_wconf 85' lang='lat' dir='ltr'><strong>obviam</strong></span> <span class='ocrx_word' id='word_1_330' title='bbox 1193 3156 1340 3211; x_wconf 82' lang='lat' dir='ltr'><strong>verborum</strong></span> <span class='ocrx_word' id='word_1_331' title='bbox 1363 3152 1490 3217; x_wconf 86' lang='lat' dir='ltr'><strong>homini,</strong></span> <span class='ocrx_word' id='word_1_332' title='bbox 1506 3158 1591 3218; x_wconf 86' lang='lat' dir='ltr'><strong>prout</strong></span> 
     </span>
     <span class='ocr_line' id='line_1_32' title="bbox 363 3228 1590 3310; baseline 0.011 -35"><span class='ocrx_word' id='word_1_333' title='bbox 363 3237 447 3290; x_wconf 87' lang='lat' dir='ltr'><strong>quam</strong></span> <span class='ocrx_word' id='word_1_334' title='bbox 464 3228 592 3282; x_wconf 88' lang='lat' dir='ltr'><strong>sensibus</strong></span> <span class='ocrx_word' id='word_1_335' title='bbox 607 3233 726 3298; x_wconf 88' lang='lat' dir='ltr'><strong>nostris,</strong></span> <span class='ocrx_word' id='word_1_336' title='bbox 743 3235 868 3290; x_wconf 81' lang='lat' dir='ltr'><strong>fidentes.</strong></span> <span class='ocrx_word' id='word_1_337' title='bbox 880 3241 958 3294; x_wconf 84' lang='lat' dir='ltr'><strong>Nulla</strong></span> <span class='ocrx_word' id='word_1_338' title='bbox 992 3242 1125 3310; x_wconf 84' lang='lat' dir='ltr'><strong>cyrillus,</strong></span> <span class='ocrx_word' id='word_1_339' title='bbox 1143 3244 1370 3309; x_wconf 81' lang='lat' dir='ltr'><strong>chrysostomus,</strong></span> <span class='ocrx_word' id='word_1_340' title='bbox 1385 3242 1414 3292; x_wconf 92' lang='lat' dir='ltr'><strong>et</strong></span> <span class='ocrx_word' id='word_1_341' title='bbox 1431 3237 1479 3291; x_wconf 89' lang='lat' dir='ltr'><strong>alii</strong></span> <span class='ocrx_word' id='word_1_342' title='bbox 1492 3240 1590 3290; x_wconf 83' lang='lat' dir='ltr'><strong>Patres</strong></span> 
     </span>
     <span class='ocr_line' id='line_1_33' title="bbox 364 3311 1271 3394; baseline 0.018 -32"><span class='ocrx_word' id='word_1_343' title='bbox 364 3311 423 3373; x_wconf 83' lang='lat' dir='ltr'><strong>ejus</strong></span> <span class='ocrx_word' id='word_1_344' title='bbox 441 3312 625 3372; x_wconf 86' lang='lat' dir='ltr'><strong>declaratione</strong></span> <span class='ocrx_word' id='word_1_345' title='bbox 638 3331 709 3386; x_wconf 91' lang='lat' dir='ltr'><strong>opus</strong></span> <span class='ocrx_word' id='word_1_346' title='bbox 727 3322 778 3375; x_wconf 86' lang='lat' dir='ltr'><strong>tuit</strong></span> <span class='ocrx_word' id='word_1_347' title='bbox 791 3326 955 3392; x_wconf 80' lang='lat' dir='ltr'><strong>uthpostoll</strong></span> <span class='ocrx_word' id='word_1_348' title='bbox 992 3327 1130 3394; x_wconf 86' lang='lat' dir='ltr'><strong>sapienter</strong></span> <span class='ocrx_word' id='word_1_349' title='bbox 1147 3333 1271 3382; x_wconf 88' lang='lat' dir='ltr'><strong>monent.</strong></span> 
     </span>
     <span class='ocr_line' id='line_1_34' title="bbox 364 3405 1590 3481; baseline 0.009 -34"><span class='ocrx_word' id='word_1_350' title='bbox 364 3409 468 3461; x_wconf 90' lang='lat' dir='ltr'><strong>panem·</strong></span> <span class='ocrx_word' id='word_1_351' title='bbox 485 3414 547 3456; x_wconf 90' lang='lat' dir='ltr'><strong>esse</strong></span> <span class='ocrx_word' id='word_1_352' title='bbox 568 3405 752 3472; x_wconf 87' lang='lat' dir='ltr'><strong>aestimarent,</strong></span> <span class='ocrx_word' id='word_1_353' title='bbox 766 3410 856 3475; x_wconf 85' lang='lat' dir='ltr'><strong>qualis</strong></span> <span class='ocrx_word' id='word_1_354' title='bbox 880 3413 956 3466; x_wconf 88' lang='lat' dir='ltr'><strong>vide·</strong></span> <span class='ocrx_word' id='word_1_355' title='bbox 1025 3415 1082 3466; x_wconf 70' lang='lat' dir='ltr'><strong>toti.</strong></span> <span class='ocrx_word' id='word_1_356' title='bbox 1092 3413 1151 3481; x_wconf 78' lang='lat' dir='ltr'><strong>Olp&#39;.</strong></span> <span class='ocrx_word' id='word_1_357' title='bbox 1159 3415 1185 3465; x_wconf 82' lang='lat' dir='ltr'><strong>l.</strong></span> <span class='ocrx_word' id='word_1_358' title='bbox 1193 3413 1270 3465; x_wconf 85' lang='lat' dir='ltr'><strong>Falso</strong></span> <span class='ocrx_word' id='word_1_359' title='bbox 1280 3409 1381 3462; x_wconf 88' lang='lat' dir='ltr'><strong>dicitnr</strong></span> <span class='ocrx_word' id='word_1_360' title='bbox 1392 3421 1409 3460; x_wconf 90' lang='lat' dir='ltr'><strong>a</strong></span> <span class='ocrx_word' id='word_1_361' title='bbox 1420 3405 1590 3461; x_wconf 84' lang='lat' dir='ltr'><strong>Bellarmiuo</strong></span> 
     </span>
     <span class='ocr_line' id='line_1_35' title="bbox 365 3480 1591 3563; baseline 0.012 -33"><span class='ocrx_word' id='word_1_362' title='bbox 365 3480 464 3532; x_wconf 86' lang='lat' dir='ltr'><strong>hatur:</strong></span> <span class='ocrx_word' id='word_1_363' title='bbox 479 3485 528 3536; x_wconf 89' lang='lat' dir='ltr'><strong>sed</strong></span> <span class='ocrx_word' id='word_1_364' title='bbox 542 3491 688 3554; x_wconf 84' lang='lat' dir='ltr'><strong>postquam</strong></span> <span class='ocrx_word' id='word_1_365' title='bbox 701 3493 880 3548; x_wconf 85' lang='lat' dir='ltr'><strong>affirmaverat</strong></span> <span class='ocrx_word' id='word_1_366' title='bbox 897 3503 957 3550; x_wconf 85' lang='lat' dir='ltr'><strong>cor·</strong></span> <span class='ocrx_word' id='word_1_367' title='bbox 992 3499 1108 3563; x_wconf 86' lang='lat' dir='ltr'><strong>aliisque</strong></span> <span class='ocrx_word' id='word_1_368' title='bbox 1124 3499 1207 3551; x_wconf 84' lang='lat' dir='ltr'><strong>verha</strong></span> <span class='ocrx_word' id='word_1_369' title='bbox 1225 3494 1332 3548; x_wconf 83' lang='lat' dir='ltr'><strong>Domini</strong></span> <span class='ocrx_word' id='word_1_370' title='bbox 1349 3491 1591 3546; x_wconf 72' lang='lat' dir='ltr'><strong>transubstantia-</strong></span> 
     </span>
     <span class='ocr_line' id='line_1_36' title="bbox 367 3575 1590 3637; baseline 0.011 -23"><span class='ocrx_word' id='word_1_371' title='bbox 367 3578 419 3628; x_wconf 93' lang='lat' dir='ltr'><strong>pus</strong></span> <span class='ocrx_word' id='word_1_372' title='bbox 438 3578 517 3620; x_wconf 87' lang='lat' dir='ltr'><strong>sunm</strong></span> <span class='ocrx_word' id='word_1_373' title='bbox 536 3582 617 3635; x_wconf 90' lang='lat' dir='ltr'><strong>esse,</strong></span> <span class='ocrx_word' id='word_1_374' title='bbox 635 3575 692 3637; x_wconf 84' lang='lat' dir='ltr'><strong>jam</strong></span> <span class='ocrx_word' id='word_1_375' title='bbox 714 3588 770 3627; x_wconf 92' lang='lat' dir='ltr'><strong>non</strong></span> <span class='ocrx_word' id='word_1_376' title='bbox 792 3579 870 3630; x_wconf 90' lang='lat' dir='ltr'><strong>licuit</strong></span> <span class='ocrx_word' id='word_1_377' title='bbox 888 3581 957 3634; x_wconf 87' lang='lat' dir='ltr'><strong>alias</strong></span> <span class='ocrx_word' id='word_1_378' title='bbox 992 3582 1092 3634; x_wconf 84' lang='lat' dir='ltr'><strong>tionem</strong></span> <span class='ocrx_word' id='word_1_379' title='bbox 1110 3582 1268 3635; x_wconf 88' lang='lat' dir='ltr'><strong>necessario</strong></span> <span class='ocrx_word' id='word_1_380' title='bbox 1287 3592 1382 3631; x_wconf 90' lang='lat' dir='ltr'><strong>secum</strong></span> <span class='ocrx_word' id='word_1_381' title='bbox 1406 3579 1502 3631; x_wconf 83' lang='lat' dir='ltr'><strong>ferre:</strong></span> <span class='ocrx_word' id='word_1_382' title='bbox 1523 3589 1590 3628; x_wconf 89' lang='lat' dir='ltr'><strong>nam</strong></span> 
     </span>
     <span class='ocr_line' id='line_1_37' title="bbox 372 3648 1592 3732; baseline 0.011 -34"><span class='ocrx_word' id='word_1_383' title='bbox 372 3648 483 3701; x_wconf 90' lang='lat' dir='ltr'><strong>sentire.</strong></span> <span class='ocrx_word' id='word_1_384' title='bbox 994 3665 1022 3717; x_wconf 89' lang='lat' dir='ltr'><strong>id</strong></span> <span class='ocrx_word' id='word_1_385' title='bbox 1039 3665 1138 3718; x_wconf 81' lang='lat' dir='ltr'><strong>divinae</strong></span> <span class='ocrx_word' id='word_1_386' title='bbox 1151 3663 1357 3732; x_wconf 70' lang='lat' dir='ltr'><strong>omnipotentiae</strong></span> <span class='ocrx_word' id='word_1_387' title='bbox 1369 3664 1497 3730; x_wconf 82' lang='lat' dir='ltr'><strong>derogat,</strong></span> <span class='ocrx_word' id='word_1_388' title='bbox 1509 3661 1592 3728; x_wconf 84' lang='lat' dir='ltr'><strong>quasi</strong></span> 
     </span>
     <span class='ocr_line' id='line_1_38' title="bbox 372 3732 1591 3824; baseline 0.015 -43"><span class='ocrx_word' id='word_1_389' title='bbox 372 3814 378 3824; x_wconf 27' lang='grc' dir='ltr'>ι</span> <span class='ocrx_word' id='word_1_390' title='bbox 402 3732 460 3782; x_wconf 81' lang='lat' dir='ltr'><strong>ate.</strong></span> <span class='ocrx_word' id='word_1_391' title='bbox 481 3735 541 3800; x_wconf 77' lang='lat' dir='ltr'><strong>Ohj.</strong></span> <span class='ocrx_word' id='word_1_392' title='bbox 559 3741 584 3788; x_wconf 77' lang='lat'><strong>3.</strong></span> <span class='ocrx_word' id='word_1_393' title='bbox 604 3741 702 3793; x_wconf 82' lang='lat' dir='ltr'><strong>Paulus</strong></span> <span class='ocrx_word' id='word_1_394' title='bbox 721 3744 820 3797; x_wconf 82' lang='lat' dir='ltr'><strong>ohristi</strong></span> <span class='ocrx_word' id='word_1_395' title='bbox 838 3752 958 3802; x_wconf 88' lang='lat' dir='ltr'><strong>mentem</strong></span> <span class='ocrx_word' id='word_1_396' title='bbox 995 3753 1066 3802; x_wconf 86' lang='lat' dir='ltr'><strong>heus</strong></span> <span class='ocrx_word' id='word_1_397' title='bbox 1084 3740 1140 3802; x_wconf 87' lang='lat' dir='ltr'><strong>non</strong></span> <span class='ocrx_word' id='word_1_398' title='bbox 1157 3756 1253 3816; x_wconf 91' lang='lat' dir='ltr'><strong>posset</strong></span> <span class='ocrx_word' id='word_1_399' title='bbox 1271 3762 1371 3814; x_wconf 89' lang='lat' dir='ltr'><strong>corpus</strong></span> <span class='ocrx_word' id='word_1_400' title='bbox 1396 3748 1498 3801; x_wconf 81' lang='lat' dir='ltr'><strong>Christi</strong></span> <span class='ocrx_word' id='word_1_401' title='bbox 1518 3758 1591 3812; x_wconf 90' lang='lat' dir='ltr'><strong>prae·</strong></span> 
     </span>
     <span class='ocr_line' id='line_1_39' title="bbox 371 3818 1590 3895; baseline 0.018 -31"><span class='ocrx_word' id='word_1_402' title='bbox 371 3820 407 3866; x_wconf 84' lang='lat' dir='ltr'><strong>ita</strong></span> <span class='ocrx_word' id='word_1_403' title='bbox 421 3818 554 3883; x_wconf 89' lang='lat' dir='ltr'><strong>explicat,</strong></span> <span class='ocrx_word' id='word_1_404' title='bbox 568 3829 596 3874; x_wconf 92' lang='lat' dir='ltr'><strong>ut</strong></span> <span class='ocrx_word' id='word_1_405' title='bbox 609 3827 687 3889; x_wconf 89' lang='lat' dir='ltr'><strong>panis</strong></span> <span class='ocrx_word' id='word_1_406' title='bbox 701 3827 736 3880; x_wconf 93' lang='lat' dir='ltr'><strong>sit</strong></span> <span class='ocrx_word' id='word_1_407' title='bbox 747 3833 959 3890; x_wconf 89' lang='lat' dir='ltr'><strong>communicatio</strong></span> <span class='ocrx_word' id='word_1_408' title='bbox 995 3849 1061 3889; x_wconf 91' lang='lat' dir='ltr'><strong>sens</strong></span> <span class='ocrx_word' id='word_1_409' title='bbox 1073 3836 1187 3895; x_wconf 83' lang='lat' dir='ltr'><strong>sistere.</strong></span> <span class='ocrx_word' id='word_1_410' title='bbox 1201 3842 1229 3889; x_wconf 94' lang='lat' dir='ltr'><strong>et</strong></span> <span class='ocrx_word' id='word_1_411' title='bbox 1250 3835 1278 3887; x_wconf 93' lang='lat' dir='ltr'><strong>in</strong></span> <span class='ocrx_word' id='word_1_412' title='bbox 1302 3837 1482 3889; x_wconf 85' lang='lat' dir='ltr'><strong>sacramento</strong></span> <span class='ocrx_word' id='word_1_413' title='bbox 1502 3833 1590 3894; x_wconf 86' lang='lat' dir='ltr'><strong>dare,</strong></span> 
     </span>
     <span class='ocr_line' id='line_1_40' title="bbox 374 3903 1593 3987; baseline 0.02 -41"><span class='ocrx_word' id='word_1_414' title='bbox 374 3903 472 3951; x_wconf 52' lang='lat' dir='ltr'><strong>„saecvla</strong></span> <span class='ocrx_word' id='word_1_415' title='bbox 490 3907 613 3970; x_wconf 87' lang='lat' dir='ltr'><strong>corporis</strong></span> <span class='ocrx_word' id='word_1_416' title='bbox 640 3912 761 3978; x_wconf 78' lang='lat' dir='ltr'><strong>Christi,</strong></span> <span class='ocrx_word' id='word_1_417' title='bbox 784 3915 888 3971; x_wconf 88' lang='lat' dir='ltr'><strong>scilicet</strong></span> <span class='ocrx_word' id='word_1_418' title='bbox 906 3935 962 3986; x_wconf 82' lang='lat' dir='ltr'><strong>qno</strong></span> <span class='ocrx_word' id='word_1_419' title='bbox 995 3927 1123 3974; x_wconf 89' lang='lat' dir='ltr'><strong>manente</strong></span> <span class='ocrx_word' id='word_1_420' title='bbox 1149 3922 1228 3987; x_wconf 89' lang='lat' dir='ltr'><strong>panis</strong></span> <span class='ocrx_word' id='word_1_421' title='bbox 1254 3920 1419 3973; x_wconf 85' lang='lat' dir='ltr'><strong>substantia.</strong></span> <span class='ocrx_word' id='word_1_422' title='bbox 1452 3923 1593 3972; x_wconf 73' lang='lat' dir='ltr'><strong>Praeterea</strong></span> 
     </span>
     <span class='ocr_line' id='line_1_41' title="bbox 372 3990 1594 4080; baseline 0.017 -45"><span class='ocrx_word' id='word_1_423' title='bbox 372 3997 473 4080; x_wconf 77' lang='lat' dir='ltr'><strong>corpus</strong></span> <span class='ocrx_word' id='word_1_424' title='bbox 497 3990 595 4042; x_wconf 82' lang='lat' dir='ltr'><strong>christi</strong></span> <span class='ocrx_word' id='word_1_425' title='bbox 622 3994 718 4058; x_wconf 87' lang='lat' dir='ltr'><strong>datur,</strong></span> <span class='ocrx_word' id='word_1_426' title='bbox 745 4005 772 4051; x_wconf 93' lang='lat' dir='ltr'><strong>et</strong></span> <span class='ocrx_word' id='word_1_427' title='bbox 791 4001 884 4055; x_wconf 88' lang='lat' dir='ltr'><strong>lideles</strong></span> <span class='ocrx_word' id='word_1_428' title='bbox 902 4006 962 4070; x_wconf 79' lang='lat' dir='ltr'><strong>eius</strong></span> <span class='ocrx_word' id='word_1_429' title='bbox 996 4006 1095 4060; x_wconf 71' lang='lat' dir='ltr'><strong>divinae</strong></span> <span class='ocrx_word' id='word_1_430' title='bbox 1107 4007 1379 4070; x_wconf 85' lang='lat' dir='ltr'><strong>benedictioni,qua</strong></span> <span class='ocrx_word' id='word_1_431' title='bbox 1405 4003 1451 4060; x_wconf 91' lang='lat' dir='ltr'><strong>res</strong></span> <span class='ocrx_word' id='word_1_432' title='bbox 1473 4018 1594 4059; x_wconf 88' lang='lat' dir='ltr'><strong>conser-</strong></span> 
     </span>
     <span class='ocr_line' id='line_1_42' title="bbox 377 4071 1594 4156; baseline 0.007 -24"><span class='ocrx_word' id='word_1_433' title='bbox 377 4071 522 4136; x_wconf 73' lang='lat' dir='ltr'><strong>participes</strong></span> <span class='ocrx_word' id='word_1_434' title='bbox 539 4074 606 4128; x_wconf 86' lang='lat' dir='ltr'><strong>hunt</strong></span> <span class='ocrx_word' id='word_1_435' title='bbox 618 4091 624 4126; x_wconf 77' lang='grc' dir='ltr'><strong><em>ε</em></strong></span> <span class='ocrx_word' id='word_1_436' title='bbox 636 4081 755 4145; x_wconf 86' lang='lat' dir='ltr'><strong>«Panis,</strong></span> <span class='ocrx_word' id='word_1_437' title='bbox 768 4096 849 4149; x_wconf 88' lang='lat' dir='ltr'><strong>quern</strong></span> <span class='ocrx_word' id='word_1_438' title='bbox 863 4087 964 4156; x_wconf 78' lang='lat' dir='ltr'><strong>frangi·</strong></span> <span class='ocrx_word' id='word_1_439' title='bbox 996 4095 1104 4153; x_wconf 88' lang='lat' dir='ltr'><strong>vantur,</strong></span> <span class='ocrx_word' id='word_1_440' title='bbox 1114 4091 1250 4143; x_wconf 90' lang='lat' dir='ltr'><strong>detrahit:</strong></span> <span class='ocrx_word' id='word_1_441' title='bbox 1265 4097 1292 4143; x_wconf 90' lang='lat' dir='ltr'><strong>et</strong></span> <span class='ocrx_word' id='word_1_442' title='bbox 1303 4091 1474 4144; x_wconf 81' lang='lat' dir='ltr'><strong>sacramenti</strong></span> <span class='ocrx_word' id='word_1_443' title='bbox 1483 4097 1594 4144; x_wconf 75' lang='lat' dir='ltr'><strong>naturte</strong></span> 
     </span>
     <span class='ocr_line' id='line_1_43' title="bbox 373 4161 1596 4243; baseline 0.02 -40"><span class='ocrx_word' id='word_1_444' title='bbox 373 4167 451 4217; x_wconf 89' lang='lat' dir='ltr'><strong>mus,</strong></span> <span class='ocrx_word' id='word_1_445' title='bbox 473 4169 564 4209; x_wconf 90' lang='lat' dir='ltr'><strong>nonne</strong></span> <span class='ocrx_word' id='word_1_446' title='bbox 584 4161 754 4230; x_wconf 89' lang='lat' dir='ltr'><strong>participatio</strong></span> <span class='ocrx_word' id='word_1_447' title='bbox 774 4173 896 4236; x_wconf 86' lang='lat' dir='ltr'><strong>eorporis</strong></span> <span class='ocrx_word' id='word_1_448' title='bbox 915 4178 965 4231; x_wconf 82' lang='lat' dir='ltr'><strong>ho-</strong></span> <span class='ocrx_word' id='word_1_449' title='bbox 997 4178 1148 4242; x_wconf 84' lang='lat' dir='ltr'><strong>repugnat,</strong></span> <span class='ocrx_word' id='word_1_450' title='bbox 1163 4175 1236 4241; x_wconf 88' lang='lat' dir='ltr'><strong>qnod</strong></span> <span class='ocrx_word' id='word_1_451' title='bbox 1250 4175 1329 4240; x_wconf 82' lang='lat' dir='ltr'><strong>signo</strong></span> <span class='ocrx_word' id='word_1_452' title='bbox 1342 4180 1369 4228; x_wconf 91' lang='lat' dir='ltr'><strong>et</strong></span> <span class='ocrx_word' id='word_1_453' title='bbox 1384 4189 1414 4228; x_wconf 95' lang='lat' dir='ltr'><strong>re</strong></span> <span class='ocrx_word' id='word_1_454' title='bbox 1436 4176 1596 4243; x_wconf 83' lang='lat' dir='ltr'><strong>significata</strong></span> 
     </span>
    </p>
   </div>
   <div class='ocr_carea' id='block_1_4' title="bbox 400 4426 1601 4509">
    <p class='ocr_par' dir='ltr' id='par_1_4' title="bbox 400 4426 1601 4509">
     <span class='ocr_line' id='line_1_44' title="bbox 400 4426 1601 4509; baseline 0.015 -32"><span class='ocrx_word' id='word_1_455' title='bbox 400 4426 426 4478; x_wconf 74' lang='lat'><strong>(¹)</strong></span> <span class='ocrx_word' id='word_1_456' title='bbox 443 4427 515 4468; x_wconf 64' lang='lat' dir='ltr'><strong>(3⁰³in·</strong></span> <span class='ocrx_word' id='word_1_457' title='bbox 536 4431 623 4488; x_wconf 61' lang='lat' dir='ltr'><strong>ffiWl</strong></span> <span class='ocrx_word' id='word_1_458' title='bbox 640 4440 664 4480; x_wconf 74' lang='lat'><strong>⁰5</strong></span> <span class='ocrx_word' id='word_1_459' title='bbox 679 4443 759 4497; x_wconf 81' lang='lat' dir='ltr'><strong>Pophh</strong></span> <span class='ocrx_word' id='word_1_460' title='bbox 776 4447 964 4492; x_wconf 76' lang='lat' dir='ltr'><strong>Transubatantia·</strong></span> <span class='ocrx_word' id='word_1_461' title='bbox 997 4453 1091 4509; x_wconf 73' lang='lat' dir='ltr'><strong>receiyet</strong></span> <span class='ocrx_word' id='word_1_462' title='bbox 1101 4454 1222 4496; x_wconf 76' lang='lat' dir='ltr'><strong>thohon&#39;s</strong></span> <span class='ocrx_word' id='word_1_463' title='bbox 1236 4454 1341 4506; x_wconf 77' lang='lat' dir='ltr'><strong>Bodp‚ae</strong></span> <span class='ocrx_word' id='word_1_464' title='bbox 1351 4453 1406 4494; x_wconf 79' lang='lat' dir='ltr'><strong>itha</strong></span> <span class='ocrx_word' id='word_1_465' title='bbox 1419 4455 1484 4496; x_wconf 68' lang='lat' dir='ltr'><strong>linem</strong></span> <span class='ocrx_word' id='word_1_466' title='bbox 1500 4455 1550 4496; x_wconf 77' lang='lat' dir='ltr'><strong>that</strong></span> <span class='ocrx_word' id='word_1_467' title='bbox 1560 4454 1601 4495; x_wconf 81' lang='lat' dir='ltr'><strong>the</strong></span> 
     </span>
    </p>
   </div>
   <div class='ocr_carea' id='block_1_5' title="bbox 374 4494 1603 4633">
    <p class='ocr_par' dir='ltr' id='par_1_5' title="bbox 374 4494 1603 4633">
     <span class='ocr_line' id='line_1_45' title="bbox 374 4494 1603 4576; baseline 0.024 -42"><span class='ocrx_word' id='word_1_468' title='bbox 374 4494 420 4568; x_wconf 76' lang='lat' dir='ltr'><strong>tion</strong></span> <span class='ocrx_word' id='word_1_469' title='bbox 429 4523 436 4546; x_wconf 88' lang='lat'><strong>,</strong></span> <span class='ocrx_word' id='word_1_470' title='bbox 444 4497 479 4537; x_wconf 82' lang='lat' dir='ltr'><strong>eh.</strong></span> <span class='ocrx_word' id='word_1_471' title='bbox 488 4510 508 4538; x_wconf 85' lang='lat' dir='ltr'><strong>v.</strong></span> <span class='ocrx_word' id='word_1_472' title='bbox 519 4499 545 4550; x_wconf 68' lang='lat' dir='ltr'><strong>(a)</strong></span> <span class='ocrx_word' id='word_1_473' title='bbox 555 4501 570 4540; x_wconf 91' lang='lat' dir='ltr'><strong>l.</strong></span> <span class='ocrx_word' id='word_1_474' title='bbox 581 4503 630 4546; x_wconf 78' lang='lat' dir='ltr'><strong>Cor.</strong></span> <span class='ocrx_word' id='word_1_475' title='bbox 640 4521 660 4549; x_wconf 78' lang='lat' dir='ltr'><strong>x.</strong></span> <span class='ocrx_word' id='word_1_476' title='bbox 671 4518 703 4554; x_wconf 74' lang='lat' dir='ltr'><strong>pp,</strong></span> <span class='ocrx_word' id='word_1_477' title='bbox 997 4522 1065 4562; x_wconf 80' lang='lat' dir='ltr'><strong>ltread</strong></span> <span class='ocrx_word' id='word_1_478' title='bbox 1076 4520 1096 4562; x_wconf 81' lang='lat' dir='ltr'><strong>ic</strong></span> <span class='ocrx_word' id='word_1_479' title='bbox 1111 4523 1263 4574; x_wconf 76' lang='lat' dir='ltr'><strong>substantiallp</strong></span> <span class='ocrx_word' id='word_1_480' title='bbox 1277 4521 1357 4562; x_wconf 88' lang='lat' dir='ltr'><strong>turned</strong></span> <span class='ocrx_word' id='word_1_481' title='bbox 1370 4521 1419 4562; x_wconf 89' lang='lat' dir='ltr'><strong>into</strong></span> <span class='ocrx_word' id='word_1_482' title='bbox 1431 4521 1460 4570; x_wconf 82' lang='lat' dir='ltr'><strong>it;</strong></span> <span class='ocrx_word' id='word_1_483' title='bbox 1470 4529 1508 4576; x_wconf 72' lang='lat' dir='ltr'><strong>pet</strong></span> <span class='ocrx_word' id='word_1_484' title='bbox 1517 4523 1536 4563; x_wconf 89' lang='lat' dir='ltr'><strong>it</strong></span> <span class='ocrx_word' id='word_1_485' title='bbox 1543 4523 1603 4564; x_wconf 74' lang='lat' dir='ltr'><strong>dotto</strong></span> 
     </span>
     <span class='ocr_line' id='line_1_46' title="bbox 402 4566 1603 4633; baseline 0.004 -7"><span class='ocrx_word' id='word_1_486' title='bbox 402 4566 430 4614; x_wconf 62' lang='lat'><strong>(³¹</strong></span> <span class='ocrx_word' id='word_1_487' title='bbox 439 4579 450 4603; x_wconf 80' lang='lat'><em>“</em></span> <span class='ocrx_word' id='word_1_488' title='bbox 460 4567 550 4620; x_wconf 69' lang='lat' dir='ltr'><strong>Th⁰¹¹ssh</strong></span> <span class='ocrx_word' id='word_1_489' title='bbox 561 4599 567 4620; x_wconf 69' lang='lat' dir='ltr'><strong>a</strong></span> <span class='ocrx_word' id='word_1_490' title='bbox 580 4573 606 4626; x_wconf 74' lang='lat' dir='ltr'><strong>bl</strong></span> <span class='ocrx_word' id='word_1_491' title='bbox 620 4579 657 4620; x_wconf 77' lang='lat' dir='ltr'><strong>the</strong></span> <span class='ocrx_word' id='word_1_492' title='bbox 666 4583 737 4626; x_wconf 85' lang='lat' dir='ltr'><strong>divine</strong></span> <span class='ocrx_word' id='word_1_493' title='bbox 747 4586 867 4627; x_wconf 81' lang='lat' dir='ltr'><strong>institution</strong></span> <span class='ocrx_word' id='word_1_494' title='bbox 877 4589 965 4630; x_wconf 64' lang='lat' dir='ltr'><strong>and&#39;the</strong></span> <span class='ocrx_word' id='word_1_495' title='bbox 998 4595 1035 4631; x_wconf 90' lang='lat' dir='ltr'><strong>not</strong></span> <span class='ocrx_word' id='word_1_496' title='bbox 1050 4591 1158 4631; x_wconf 78' lang='lat' dir='ltr'><strong>therefore</strong></span> <span class='ocrx_word' id='word_1_497' title='bbox 1172 4592 1243 4633; x_wconf 72' lang='lat' dir='ltr'><strong>tollore</strong></span> <span class='ocrx_word' id='word_1_498' title='bbox 1259 4591 1306 4630; x_wconf 81' lang='lat' dir='ltr'><strong>that</strong></span> <span class='ocrx_word' id='word_1_499' title='bbox 1322 4589 1360 4629; x_wconf 79' lang='lat' dir='ltr'><strong>the</strong></span> <span class='ocrx_word' id='word_1_500' title='bbox 1378 4589 1448 4630; x_wconf 78' lang='lat' dir='ltr'><strong>Bread</strong></span> <span class='ocrx_word' id='word_1_501' title='bbox 1465 4591 1485 4632; x_wconf 78' lang='lat' dir='ltr'><strong>ie</strong></span> <span class='ocrx_word' id='word_1_502' title='bbox 1495 4603 1521 4633; x_wconf 82' lang='lat' dir='ltr'><strong>eo</strong></span> <span class='ocrx_word' id='word_1_503' title='bbox 1530 4592 1603 4633; x_wconf 76' lang='lat' dir='ltr'><strong>chan·</strong></span> 
     </span>
    </p>
   </div>
   <div class='ocr_carea' id='block_1_6' title="bbox 372 4633 1603 4777">
    <p class='ocr_par' dir='ltr' id='par_1_6' title="bbox 372 4633 1603 4777">
     <span class='ocr_line' id='line_1_47' title="bbox 373 4633 1603 4713; baseline 0.018 -33"><span class='ocrx_word' id='word_1_504' title='bbox 373 4633 501 4712; x_wconf 55' lang='lat' dir='ltr'><strong>&amp;follettitss</strong></span> <span class='ocrx_word' id='word_1_505' title='bbox 518 4639 542 4676; x_wconf 76' lang='lat' dir='ltr'><strong>vs</strong></span> <span class='ocrx_word' id='word_1_506' title='bbox 553 4641 589 4680; x_wconf 88' lang='lat' dir='ltr'><strong>the</strong></span> <span class='ocrx_word' id='word_1_507' title='bbox 598 4647 696 4704; x_wconf 74' lang='lat' dir='ltr'><strong>epoche,</strong></span> <span class='ocrx_word' id='word_1_508' title='bbox 705 4667 767 4710; x_wconf 76' lang='lat' dir='ltr'><strong>every</strong></span> <span class='ocrx_word' id='word_1_509' title='bbox 777 4657 861 4696; x_wconf 83' lang='lat' dir='ltr'><strong>laithlul</strong></span> <span class='ocrx_word' id='word_1_510' title='bbox 869 4669 965 4700; x_wconf 89' lang='lat' dir='ltr'><strong>commu·</strong></span> <span class='ocrx_word' id='word_1_511' title='bbox 999 4659 1040 4711; x_wconf 71' lang='lat' dir='ltr'><strong>ped</strong></span> <span class='ocrx_word' id='word_1_512' title='bbox 1049 4660 1096 4699; x_wconf 75' lang='lat' dir='ltr'><strong>that</strong></span> <span class='ocrx_word' id='word_1_513' title='bbox 1109 4660 1137 4700; x_wconf 82' lang='lat' dir='ltr'><strong>its</strong></span> <span class='ocrx_word' id='word_1_514' title='bbox 1146 4661 1261 4701; x_wconf 75' lang='lat' dir='ltr'><strong>cnhcunce</strong></span> <span class='ocrx_word' id='word_1_515' title='bbox 1275 4659 1295 4700; x_wconf 80' lang='lat' dir='ltr'><strong>is</strong></span> <span class='ocrx_word' id='word_1_516' title='bbox 1303 4658 1365 4710; x_wconf 87' lang='lat' dir='ltr'><strong>quite</strong></span> <span class='ocrx_word' id='word_1_517' title='bbox 1373 4659 1431 4700; x_wconf 84' lang='lat' dir='ltr'><strong>done</strong></span> <span class='ocrx_word' id='word_1_518' title='bbox 1440 4671 1511 4713; x_wconf 73' lang='lat' dir='ltr'><strong>away.</strong></span> <span class='ocrx_word' id='word_1_519' title='bbox 1527 4674 1539 4700; x_wconf 76' lang='lat' dir='ltr'><strong>a</strong></span> <span class='ocrx_word' id='word_1_520' title='bbox 1556 4662 1603 4704; x_wconf 85' lang='lat' dir='ltr'><strong>Co·</strong></span> 
     </span>
     <span class='ocr_line' id='line_1_48' title="bbox 372 4709 1113 4777; baseline 0.027 -30"><span class='ocrx_word' id='word_1_521' title='bbox 372 4710 449 4747; x_wconf 73' lang='lat' dir='ltr'><strong>micant</strong></span> <span class='ocrx_word' id='word_1_522' title='bbox 465 4717 514 4758; x_wconf 74' lang='lat' dir='ltr'><strong>may</strong></span> <span class='ocrx_word' id='word_1_523' title='bbox 534 4709 560 4748; x_wconf 85' lang='lat' dir='ltr'><strong>he</strong></span> <span class='ocrx_word' id='word_1_524' title='bbox 581 4723 606 4753; x_wconf 77' lang='lat' dir='ltr'><strong>as</strong></span> <span class='ocrx_word' id='word_1_525' title='bbox 626 4724 730 4777; x_wconf 76' lang='lat' dir='ltr'><strong>nemnintp</strong></span> <span class='ocrx_word' id='word_1_526' title='bbox 752 4725 840 4766; x_wconf 84' lang='lat' dir='ltr'><strong>assured</strong></span> <span class='ocrx_word' id='word_1_527' title='bbox 863 4727 909 4766; x_wconf 88' lang='lat' dir='ltr'><strong>that</strong></span> <span class='ocrx_word' id='word_1_528' title='bbox 937 4727 965 4768; x_wconf 89' lang='lat' dir='ltr'><strong>he</strong></span> <span class='ocrx_word' id='word_1_529' title='bbox 997 4727 1039 4769; x_wconf 81' lang='lat' dir='ltr'><strong>ein.</strong></span> <span class='ocrx_word' id='word_1_530' title='bbox 1049 4727 1084 4768; x_wconf 89' lang='lat' dir='ltr'><strong>ch.</strong></span> <span class='ocrx_word' id='word_1_531' title='bbox 1093 4739 1113 4768; x_wconf 85' lang='lat' dir='ltr'><strong>v.</strong></span> 
     </span>
    </p>
   </div>
   <div class='ocr_carea' id='block_1_7' title="bbox 0 0 1919 5550">
    <p class='ocr_par' dir='ltr' id='par_1_7' title="bbox 0 0 1919 5550">
     <span class='ocr_line' id='line_1_49' title="bbox 0 0 1919 5550; baseline 0 0"><span class='ocrx_word' id='word_1_532' title='bbox 0 0 1919 5550; x_wconf 95' lang='lat' dir='ltr'><strong> </strong></span> 
     </span>
    </p>
   </div>
  </div>
 </body>
</html>
