3792 5550
525 539 595 593 CAP.
615 537 634 590 l.
653 539 695 593 [tlt
712 537 900 594 POTESTATE
916 539 1116 594 nocturnum
1133 542 1286 601 PECCATA.
1461 547 1512 602 235

344 655 384 709 to.
403 653 460 722 011.
479 659 505 709 5.
518 654 804 713 Alterolluttlraeiloco
816 653 892 708 cluri-
925 653 1046 708 enimse
1062 656 1128 712 rlare
1146 657 1201 712 illis
1220 658 1350 726 Spiritum
1370 668 1511 729 sanctum,

311 744 368 806 stus
379 742 515 808 Apostolis
534 741 635 810 ligendi
654 747 681 794 et
701 741 826 796 soluendi
844 752 892 806 po·
925 751 974 792 cos
986 740 1095 795 mittere
1104 755 1138 796 eo
1156 751 1237 810 pacto
1253 758 1308 810 quo
1324 746 1383 812 ipse
1401 760 1417 800 a
1434 750 1515 802 l‘atro

309 827 428 879 testatem
437 826 570 890 densius
581 825 691 880 dedisse
699 825 891 892 intelligendus
926 825 1029 877 missus
1052 826 1155 892 luerat,
1176 841 1281 896 eosque
1301 829 1363 883 tecit
1382 835 1513 886 certiores

308 914 465 976 cstpoensm
484 911 511 962 in
524 916 694 977 peccatorem
706 911 890 978 pertinacem,
926 916 1036 974 peccata
1057 913 1220 968 remittenda
1242 915 1343 981 quibus
1360 929 1392 969 ea
1405 917 1457 984 ipsi
1469 931 1512 970 re-

308 995 402 1062 tlequo
414 995 560 1062 agebatur.
575 994 758 1048 decernendi:
775 997 891 1064 «Queri
924 993 1073 1048 mitterent.
1094 999 1156 1051 llaec
1174 998 1209 1052 ad
1226 1005 1326 1054 statuta
1339 1001 1375 1054 de
1395 1003 1513 1056 1011011-

306 1093 416 1147 cumque
438 1081 577 1134 communi
596 1093 728 1134 conuerso
745 1079 892 1133 decreueri-
924 1080 1016 1145 pionis
1027 1080 1138 1146 reterre,
1156 1084 1199 1136 vel
1210 1085 1245 1136 au
1254 1085 1401 1151 spirituum
1409 1087 1514 1140 discre-

307 1166 355 1230 eu,
372 1167 745 1234 (detali-pcccatorclrctum
756 1164 892 1229 critopurt
924 1162 1054 1228 tionem,
1086 1167 1129 1219 rel
1147 1167 1182 1220 ad
1199 1168 1280 1222 alium
1311 1185 1514 1238 quamcumque

307 1253 401 1306 Deum.
415 1253 554 1306 sententia
567 1251 669 1306 avonis
679 1251 747 1315 lata,
759 1250 787 1316 (1.
799 1262 824 1304 e.
835 1261 891 1302 uon
923 1249 1114 1305 auctoritatem
1124 1289 1133 1316 ,
1145 1253 1189 1307 rel
1210 1254 1332 1322 donum,
1352 1259 1513 1312 exclusere·

308 1337 421 1392 decretis
432 1337 566 1402 Iudaicis,
580 1343 627 1391 eut
637 1339 778 1408 ptume,
789 1349 811 1389 s.
823 1336 892 1389 scri·
924 1335 1050 1389 mittendi
1068 1345 1179 1404 peccata
1203 1345 1359 1408 potestate,
1388 1357 1444 1396 non
1468 1349 1512 1396 est

308 1428 352 1489 pto
370 1424 440 1491 legis
455 1423 595 1487 llosaicae,
609 1423 658 1476 sed
677 1422 809 1476 ‹lectriuae
822 1433 890 1474 meae
924 1420 1091 1486 scripturum
1105 1422 1295 1491 interpretari,
1309 1427 1358 1481 sed
1368 1441 1418 1494 pro
1429 1433 1514 1482 serite

307 1509 804 1575 etpraeceptisrirtutisconsentanea)
818 1507 890 1574 apuu
923 1507 1107 1573 praeiudiciis,
1131 1511 1175 1564 rel
1198 1512 1263 1565 odio
1281 1512 1402 1567 veritatis
1414 1515 1513 1568 catho-

252 1645 257 1652 ,
306 1592 393 1660 ipsum
409 1597 493 1647 licum
512 1594 668 1648 ramerii.»
689 1594 889 1647 Rosenmiiller.
924 1589 1183 1659 licue,uetorquere.
1204 1597 1289 1659 Quam
1310 1597 1444 1651 rationem
1462 1598 1513 1650 aul·

336 1680 377 1732 to.
397 1679 476 1744 ltcsp.
495 1679 658 1746 lsiugulari
678 1692 744 1732 cusu
764 1679 798 1731 nd
816 1683 891 1744 pote-
927 1674 1002 1728 ducit
1030 1678 1220 1732 lioscnmtlller
1250 1680 1420 1747 ineptissima
1446 1688 1510 1742 est;

304 1767 400 1818 statem
411 1764 582 1830 upostuliset
590 1762 754 1816 Praesulibus
762 1762 891 1815 Ecclesiae
926 1759 1051 1824 quamvis
1072 1761 1145 1814 enim
1165 1763 1303 1817 remittere
1316 1771 1441 1830 peccate,
1460 1780 1512 1820 suo

302 1849 423 1902 dandam
441 1849 550 1902 transiit
569 1848 711 1912 christus,
734 1847 825 1902 vernis
836 1859 892 1899 am·
919 1843 985 1909 iure
997 1884 1003 1906 ,
1016 1845 1072 1897 lieo
1085 1845 1121 1898 sit
1134 1849 1275 1911 proprium
1286 1885 1294 1912 ,
1307 1848 1352 1901 illa
1364 1855 1456 1902 tamen
1465 1851 1511 1904 net

303 1935 438 2002 piissimis
455 1947 515 1988 earu
536 1934 685 2000 explicans.
698 1935 820 1986 Iusserat
832 1945 892 1998 pee-
924 1928 1036 1981 nomine
1055 1941 1088 1982 ac
1109 1929 1239 1984 mandato
1264 1932 1403 1986 remittere
1422 1935 1513 1987 homi·

302 2024 423 2074 outonem
442 2018 620 2086 pertinacem,
640 2018 824 2085 quillcclesie
835 2030 891 2072 non
925 2014 1008 2066 nibus
1025 2013 1060 2066 ab
1072 2013 1172 2079 ipsein
1186 2014 1214 2066 id
1233 2015 1356 2068 muneris
1378 2016 1514 2085 delegatis

302 2103 462 2166 obaudiret,
483 2110 621 2170 tamquam
642 2103 780 2157 ethnicum
794 2108 821 2157 et
841 2117 890 2170 pu·
923 2100 1060 2166 convenit,
1070 2100 1188 2169 ideoque
1200 2115 1256 2155 non
1268 2115 1351 2155 sensu
1364 2103 1511 2166 latissimo,

303 2189 439 2244 blicanum
452 2189 608 2242 habendum
619 2202 625 2240 :
637 2193 664 2241 et
675 2188 767 2241 stetim
779 2188 890 2254 subjun-
922 2187 973 2239 sed
985 2199 1051 2240 vero
1063 2191 1091 2240 et
1104 2187 1216 2253 proprio
1228 2187 1312 2240 tribui
1324 2194 1417 2254 potest
1438 2191 1509 2256 lpo-

302 2275 339 2329 xit
361 2277 438 2328 illam
456 2275 599 2341 potestatis
620 2274 750 2328 Ecclesiae
767 2274 901 2328 declara·
921 2271 1010 2336 stolis,
1023 2271 1118 2326 aliisve
1129 2272 1267 2340 legatione
1277 2273 1324 2326 liei
1337 2275 1371 2327 aul
1382 2274 1509 2329 nomines

301 2360 418 2426 tionem,
431 2373 493 2426 quae
505 2360 538 2412 nd
549 2360 640 2414 omnia
651 2359 732 2426 ligata
744 2359 786 2413 vel
798 2359 887 2412 soluta
920 2357 1109 2424 iungentibus.

300 2447 468 2510 extenditur,
490 2445 673 2512 promissione
698 2445 767 2499 tacte
798 2458 829 2498 ea
858 2445 886 2498 iu
952 2444 1510 2513 11.0115.113011110000110101100·

299 2532 374 2586 coelis
396 2531 497 2598 pariter
510 2531 619 2598 liganda
631 2535 658 2584 et
671 2529 809 2585 solvende.
824 2531 887 2583 llaec
919 2529 1004 2592 stoli,
1022 2542 1118 2594 poenus
1131 2529 1353 2596 delinquentibus
1366 2546 1400 2584 ex
1416 2531 1509 2586 dimne

294 2616 409 2684 quidem
422 2629 479 2669 uun
495 2614 607 2681 respicit
622 2615 709 2668 solam
730 2613 886 2665 remittendi
920 2611 1050 2664 instinctu
1075 2612 1245 2678 irrogantes,
1263 2614 1334 2667 sicut
1354 2618 1448 2667 Petrus
1460 2629 1509 2680 pu-

296 2707 323 2756 ct
340 2699 478 2754 retinendi
504 2703 614 2764 peccata
636 2702 815 2764 potestatem,
837 2698 886 2750 sed
919 2697 989 2750 nirit
1016 2697 1147 2749 Ananiam
1170 2704 1198 2751 et
1216 2698 1395 2765 sapphiram
1419 2700 1507 2753 solve·

295 2800 356 2841 cunr
377 2780 585 2851 complectitur,
599 2783 682 2838 utietr
695 2783 886 2850 promissionis
919 2784 1003 2845 bant,
1027 2785 1142 2838 morbos
1166 2787 1290 2842 sanando
1303 2788 1340 2842 01
1363 2793 1506 2854 peccatum

294 2872 454 2941 impletione
468 2871 562 2937 liquet
580 2871 685 2925 liirecte
695 2880 831 2925 censuras
841 2885 885 2926 cc·
916 2868 1067 2923 immissos.
1083 2871 1248 2926 «Pertinere
1261 2871 1508 2928 uncrideturvisi·
1568 2928 1571 2933 ,

294 2958 573 3021 ctesiasucassancit3
587 2958 775 3025 detisquippe
788 2958 885 3026 egebat
916 2954 974 3007 nile
1002 2955 1112 3023 siguum
1135 2957 1308 3012 remissionis
1330 2964 1506 3025 peccatorum

293 3044 496 3117 Gtrristus‚sed
507 3050 534 3097 ct
548 3056 631 3098 omne
644 3044 788 3111 potestatis
799 3046 885 3098 eccle
916 3042 1024 3095 sanatio
1035 3045 1211 3108 mortuorum,
1225 3046 1262 3099 01
1283 3052 1425 3111 peccatum
1438 3044 1508 3098 inlli-

294 3128 411 3183 siasticae
430 3128 588 3182 exercitium
607 3128 699 3182 diuina
722 3130 883 3182 auctoritate
916 3132 1023 3179 ctorum
1034 3165 1041 3192 ‚
1054 3128 1112 3181 lac.
1126 3144 1152 3183 u.
1170 3131 1218 3193 lt,
1233 3136 1261 3182 et
1278 3129 1414 3183 immissio
1437 3142 1508 3183 mor·

293 3215 459 3269 firmandum
477 3226 539 3267 csse
552 3217 676 3265 testatur.
686 3212 784 3265 Christi
795 3212 883 3265 verbis
916 3210 1015 3270 luorum
1027 3212 1069 3265 rel
1087 3211 1203 3264 ulturum
1212 3213 1358 3276 malorum,
1369 3220 1506 3278 tamquam

294 3302 393 3356 limites
403 3302 524 3353 hnmano
544 3297 656 3351 arbitrio
669 3301 771 3350 temere
781 3309 885 3361 ponuu·
918 3293 1026 3347 risibile
1037 3294 1143 3359 siguum
1153 3294 1314 3348 retentionis
1325 3304 1506 3361 peccatorum,

294 3394 352 3453 tur,
367 3400 454 3454 quum
473 3384 620 3437 enuntient
638 3380 783 3448 potcstatis
798 3385 885 3432 etau-
917 3378 976 3429 Act.
998 3391 1025 3430 r.
1046 3380 1072 3429 5.
1091 3377 1148 3428 xiii.
1171 3378 1190 3429 i.
1210 3378 1231 3429 l.
1251 3380 1313 3430 cor.
1336 3392 1363 3432 v.
1381 3381 1408 3431 1.
1420 3379 1507 3432 u¹lta

294 3474 429 3527 ctoritatis
464 3468 662 3535 amplissimam
699 3464 886 3521 communica·
917 3462 1117 3515 Rosenmullcr.

293 3558 410 3611 tionem.
819 3544 827 3569 ⁸
949 3546 993 3598 51.
1013 3546 1091 3611 liesp.
1109 3548 1172 3599 llaec
1188 3546 1298 3601 nonnisi
1311 3559 1507 3614 persummarn

328 3644 371 3695 11.
392 3638 451 3705 Otj.
470 3641 496 3691 1.
505 3638 655 3694 1011010111
670 3637 741 3705 apud
753 3640 884 3692 loannem
917 3631 973 3686 viru
989 3644 1022 3684 cx
1032 3631 1130 3686 tilrristi
1142 3632 1235 3687 uerbis
1246 3633 1420 3700 colliguntur.
1431 3634 1508 3699 Quod

297 3739 398 3781 sensus
413 3724 611 3779 essevitletur:
627 3723 786 3791 «Quicquid
805 3723 832 3775 in
843 3736 886 3777 re·
918 3718 1030 3771 uuuniae
1045 3723 1071 3772 et
1091 3719 1231 3785 suppnirae
1251 3720 1365 3787 contigit
1376 3720 1404 3773 in
1427 3720 1508 3774 ‹lece-

296 3809 393 3865 busad
407 3809 566 3876 religionem
576 3808 885 3875 meumpcrtineutibus,
918 3804 1022 3871 ptienis
1043 3818 1172 3871 poenam,
1190 3807 1246 3858 lteo
1271 3810 1383 3859 auctore
1405 3804 1506 3858 iactum
1595 3869 1600 3879 ¹

296 3894 652 3963 aspiritudivinceoocti‚
673 3894 885 3957 constitueritis,
917 3892 1008 3943 estin
1028 3890 1145 3943 alierum
1165 3895 1315 3954 terrorem,
1335 3895 1366 3943 ut
1384 3888 1506 3942 muneris
1575 3956 1577 3961 Ι

296 3980 323 4033 iul
341 3986 431 4035 return
444 3977 617 4031 habebitura
634 3980 699 4031 100.
713 3980 826 4031 Peccata
846 3990 887 4029 re
919 3974 1068 4039 Apostolici
1081 3976 1169 4039 major
1186 3974 1255 4027 toret
1267 3973 1428 4028 reuerentia.
1441 3976 1507 4025 llor-

296 4066 419 4129 mittere,
439 4061 825 4131 peccataretinere,ve1nen
843 4074 885 4124 re·
918 4057 1507 4122 nurumcuraricapostolurumoperasaepe

296 4152 421 4209 mittere.
442 4152 497 4203 lieo
517 4148 585 4200 alias
603 4151 644 4200 est
663 4146 803 4212 proprium
814 4184 821 4211 ‚
834 4158 886 4199 uec
916 4142 1043 4208 contigit,
1057 4144 1113 4194 lieo
1125 4142 1177 4193 luae
1185 4141 1293 4193 ratione
1301 4152 1398 4195 eorum
1409 4141 1507 4193 confir·

296 4248 379 4289 sensu
391 4231 671 4300 latissimolpostolis
680 4231 882 4299 tribuipotcst.»
918 4231 1012 4280 mente
1023 4225 1222 4285 auctoritatem
1236 4225 1284 4278 sert
1297 4224 1392 4278 iacobi
1403 4224 1506 4278 dictum

296 4319 516 4381 110101111111101.ι
820 4336 822 4341 v
918 4312 954 4366 atl
975 4314 1110 4365 lintremae
1130 4308 1271 4363 tinctionis
1289 4308 1370 4361 ritum
1383 4314 1506 4377 spectat,

327 4408 371 4459 32.
381 4408 459 4473 ltesp.
471 4404 664 4460 vismaniiesta
676 4403 721 4459 illa
729 4402 881 4472 explicandi
918 4399 958 4452 uti
970 4403 1066 4465 postea
1083 4394 1272 4463 probabimus.
1286 4395 1356 4448 llinil
1368 4401 1411 4451 est
1431 4396 1506 4462 quod

297 4490 402 4546 ratione
425 4492 538 4547 infertur
564 4490 663 4545 curisti
683 4488 879 4548 001111οι111
915 4484 1027 4542 obuiam
1045 4483 1193 4539 vernorum
1217 4480 1316 4535 curisti
1333 4480 1388 4537 rim
1410 4480 1446 4535 de
1463 4493 1505 4535 re·

324 4750 352 4803 (t)
364 4750 387 4793 ln
395 4752 456 4795 Joan.
466 4764 498 4794 u.
945 4750 973 4803 (a)
982 4745 1071 4789 tutem.
