3792 5550
649 608 717 658 etr.
738 608 790 658 llll.
809 609 850 659 DE
868 607 971 659 stolio
988 605 1178 657 coattut‘ttt.
1472 608 1523 658 565

313 720 378 771 beo.
401 722 449 783 Qui
472 727 563 773 autem
585 734 647 774 cum
662 735 745 774 uxore
760 729 818 783 est,
832 722 900 775 soli·
933 720 1142 773 innumerabilis
1172 720 1353 773 multitudinis
1380 721 1522 774 educatio·

310 804 383 857 citus
402 813 444 858 est
475 819 537 872 quas
558 814 622 859 sunt
646 808 758 870 mundi,
782 820 899 873 quomo·
932 818 1014 868 uem,
1032 813 1209 870 sanctamque
1221 806 1412 871 disciplinam,
1432 820 1463 859 ac
1479 818 1522 859 re-

309 889 349 943 do
376 892 480 957 placeat
499 894 595 956 uxori,
616 899 642 946 et
673 893 779 946 divisus
802 900 853 945 est.
866 893 897 941 »¹
932 889 1014 954 liquae
1033 889 1209 942 instituendae
1229 891 1291 943 vitae
1316 904 1410 944 curam
1428 904 1523 943 susce·

317 976 464 1031 doelibotus
486 978 568 1043 igitur
589 979 711 1030 animum
724 977 898 1031 solicitudine
932 976 1030 1040 perint.
1045 995 1057 1020 ι
1081 976 1113 1026 tlt
1128 975 1196 1027 inira
1211 991 1218 1026 :
1231 996 1246 1032 ,α
1260 979 1460 1029 verumtamem
1472 988 1521 1027 eos

313 1062 450 1114 mundana
473 1076 590 1115 vacuum
618 1064 764 1129 relinquit,
783 1069 814 1115 ut
836 1062 898 1128 quis
933 1060 980 1125 qui
994 1060 1092 1112 sacrati
1102 1060 1166 1123 siut,
1176 1069 1258 1126 utque
1272 1062 1299 1113 in
1309 1062 1355 1113 lici
1368 1060 1521 1113 ministerio

310 1144 358 1195 liei
391 1147 474 1199 rebus
504 1156 581 1201 vacet
607 1163 613 1198 :
638 1148 753 1214 proinde
781 1149 898 1201 maxime
932 1145 1376 1210 cultuqueoccupati,continere
1394 1145 1523 1209 deinceps

312 1231 438 1283 convenit
448 1232 481 1283 iis
491 1234 538 1297 qni
551 1233 584 1284 ad
598 1232 899 1288 sacrumminisierium
933 1230 1068 1297 seipsosa
1082 1229 1247 1282 commercio
1261 1230 1352 1282 uxoris
1371 1230 1464 1288 decet;
1476 1228 1523 1293 uui

307 1316 445 1381 assumpti
474 1322 548 1368 suni.
575 1317 641 1369 lliuc
671 1316 780 1383 scripsit
800 1318 899 1369 Paulus
933 1321 1024 1366 autem
1043 1326 1099 1366 nou
1126 1315 1288 1367 adtentum
1315 1314 1448 1379 assumpti
1470 1313 1524 1365 sint

307 1396 344 1448 ad
359 1400 549 1455 Timotheum:
565 1423 577 1448 r
592 1403 750 1469 Exemplum
763 1410 823 1455 esto
837 1403 901 1455 fide·
933 1399 1081 1451 sacerdotii
1101 1413 1221 1462 munus,
1238 1399 1271 1451 iis
1292 1399 1365 1451 idern
1379 1410 1470 1451 sermo
1482 1397 1524 1449 di-

307 1482 375 1535 lium
403 1488 431 1539 in
456 1489 555 1550 verbo,
580 1488 608 1539 in
631 1487 852 1551 conversatione,
870 1487 899 1538 in
932 1485 1013 1537 vinus
1024 1485 1156 1551 indulget,
1168 1499 1200 1537 ac
1212 1486 1300 1550 palam
1313 1484 1443 1537 omnibus
1455 1496 1524 1549 prae·

305 1569 456 1638 charitate,
471 1576 499 1625 in
511 1575 580 1637 fide,
596 1573 816 1627 transilierat*
933 1570 1020 1633 dicat,
1034 1572 1108 1636 quod
1127 1572 1288 1625 honorabile
1301 1572 1337 1625 sit
1352 1571 1523 1637 conjugium,

341 1656 398 1711 261.
417 1659 552 1712 Probatur
564 1661 589 1711 a.
609 1660 726 1712 Petrum
748 1659 898 1711 testimonio
933 1662 961 1707 et
982 1657 1077 1708 thorus
1108 1657 1319 1717 immaculatus,
1345 1657 1523 1709 fornicatores

303 1742 333 1789 el
351 1740 468 1804 iudicio.
494 1745 623 1810 Origenes
648 1744 684 1796 ait
704 1754 713 1794 ε·
730 1764 746 1792 ι(
764 1744 791 1796 Si
812 1743 899 1798 oratio
934 1748 962 1793 et
980 1742 1301 1808 adulterosjudicaturus
1313 1743 1348 1795 sit
1362 1746 1441 1795 beus.
1455 1743 1490 1788 ν’

305 1824 371 1887 justi
389 1829 463 1882 sicut
485 1829 627 1882 incensum
649 1828 762 1881 offertur
782 1828 809 1880 in
832 1841 899 1881 con·
966 1828 1025 1877 264.
1045 1830 1071 1878 S.
1085 1828 1233 1892 Gregorius
1245 1830 1402 1893 Nyssenus:
1421 1845 1437 1874 i<
1455 1828 1524 1889 Quo-

307 1919 402 1973 spectu
430 1914 556 1976 bomini,
574 1921 601 1966 et
631 1914 746 1967 elevatio
768 1927 898 1966 manuum
933 1913 1017 1965 modo
1030 1914 1076 1965 bei
1098 1913 1253 1966 sacerdotio
1271 1914 1409 1979 iungeris,
1422 1912 1469 1977 qui
1489 1912 1523 1963 ad

304 1994 366 2058 ejus
378 1998 543 2052 sacrificium
559 2006 601 2052 est
617 2000 817 2065 vespertinum3
834 1999 899 2052 dicit
933 1999 1226 2063 hocipsumutmuuus
1239 1998 1351 2051 offerres
1363 2004 1462 2049 unctus
1475 2000 1523 2048 est

310 2086 401 2135 autem
430 2086 576 2149 Apostolus
594 2085 627 2137 iis
645 2085 691 2150 qui
714 2086 740 2136 in
756 2086 891 2152 conjugiis
933 2085 1031 2135 llunu's
1044 2097 1110 2136 saue
1124 2097 1180 2136 non
1198 2084 1310 2136 omnino
1323 2084 1462 2143 alienum,
1475 2095 1523 2133 ne·

310 2173 390 2218 sunt:
401 2170 506 2222 ‹tllolitc
517 2170 644 2222 iraudare
654 2168 780 2232 invicem,
789 2170 901 2222 nisilor·
933 2183 988 2234 que
1007 2169 1180 2235 suppositum
1192 2183 1225 2221 ex
1238 2169 1271 2220 iis
1288 2181 1351 2233 quae
1365 2167 1414 2219 tibi
1426 2165 1524 2219 extrin-

307 2264 324 2293 ν»
341 2256 368 2303 te
378 2266 410 2306 ex
422 2254 559 2307 consensu
574 2255 608 2307 ad
621 2259 741 2321 tempus,
755 2261 785 2307 ut
796 2255 898 2308 vacetis
933 2270 1014 2309 secus
1025 2258 1168 2320 eveniunt,
1181 2256 1228 2309 sed
1241 2269 1334 2308 revera
1344 2261 1419 2307 tuum
1429 2291 1437 2316 ,
1449 2254 1522 2319 quod

309 2351 322 2376 n
342 2341 471 2403 orationi,
485 2342 622 2393 etiterum
634 2341 661 2393 iu
676 2342 795 2408 idipsum
806 2343 896 2395 sitlsn
932 2347 976 2394 est
993 2343 1076 2395 homo
1088 2349 1151 2395 tuus
1169 2342 1300 2404 interior,
1314 2341 1360 2407 qui
1383 2344 1523 2404 tamquam

306 2429 414 2477 certum
432 2433 475 2480 est
492 2428 554 2492 quia
568 2427 716 2492 impeditur
735 2427 898 2481 sacrificium
932 2440 1020 2491 agnus
1040 2428 1190 2490 innocens,
1205 2434 1233 2480 et
1252 2426 1389 2492 perlectus
1402 2438 1464 2477 esse
1476 2424 1524 2476 de·

308 2503 469 2564 indesinens
486 2513 520 2563 iis
543 2513 588 2577 qui
602 2513 793 2577 conjugalibus
805 2526 899 2565 neces·
932 2513 997 2575 bet,
1016 2512 1051 2563 ab
1070 2512 1201 2577 omnique
1219 2514 1326 2563 macula
1344 2525 1376 2563 ac
1396 2510 1524 2563 sordibus

305 2592 434 2649 sitatibus
457 2598 586 2651 serviunt.
609 2599 685 2649 Unde
707 2598 815 2651 videtur
832 2598 899 2649 mihi
934 2603 1066 2649 remotus.
1082 2596 1224 2658 Quomodo
1245 2597 1304 2648 haec
1321 2596 1379 2661 ipsa
1394 2599 1448 2648 beo
1462 2594 1525 2649 offe

303 2680 382 2741 quod
392 2682 465 2735 illius
478 2683 612 2734 estsolius
622 2680 720 2735 olserre
735 2682 898 2735 sacrificium
933 2693 989 2744 res,
999 2680 1045 2745 qui
1058 2680 1112 2747 legi
1120 2693 1175 2733 nou
1185 2681 1359 2747 obtemperas
1369 2681 1524 2747 prohibenti

306 2759 477 2829 indesinens,
487 2767 535 2833 qui
544 2767 708 2820 indesinenti
721 2775 749 2820 et
760 2774 899 2834 perpetuae
933 2779 969 2818 ne
991 2780 1068 2819 sacra
1087 2767 1212 2833 impurus
1229 2767 1331 2822 saciati
1343 2771 1379 2821 hc
1396 2767 1420 2820 si
1440 2770 1524 2820 licum

302 2859 339 2900 :se
357 2851 498 2908 devoverit
514 2855 640 2908 castitati.
653 2855 685 2901 ι’
933 2853 982 2905 tibi
1000 2867 1132 2921 apparere
1153 2855 1274 2920 expetis,
1287 2855 1353 2920 quid
1373 2868 1465 2908 causae
1482 2861 1525 2908 est

340 2936 400 2990 aba.
429 2943 456 2992 s.
488 2941 603 3008 cyrillus
637 2943 898 3010 hierosolymitanus
933 2953 983 2992 cur
997 2942 1088 2993 llosen
1103 2953 1158 2995 non
1171 2941 1276 3004 audias,
1294 2942 1341 3007 qui
1354 2943 1455 3008 populo
1466 2942 1523 2994 edi-

304 3022 521 3081 animadvertit:
544 3048 556 3072 «ι
575 3028 693 3081 Decebat
720 3029 897 3094 purissimum
932 3025 985 3087 cit,
1007 3032 1074 3077 uta
1097 3026 1201 3092 nuptiis
1224 3041 1310 3092 purus
1332 3027 1384 3091 sit,
1403 3041 1458 3094 quo
1476 3029 1522 3082 bei

303 3108 433 3168 puritatis
461 3114 602 3166 doctorem
629 3127 661 3166 ex
689 3115 765 3180 puris
788 3115 898 3180 prodire
932 3117 1074 3176 saecolum
1093 3112 1376 3176 comprehendatis·
1498 3161 1500 3165 .
1538 3110 1542 3118 ’

305 3191 443 3251 thalamis.
452 3199 478 3250 Si
493 3199 566 3250 enim
576 3200 622 3263 qui
637 3200 708 3264 apud
721 3202 814 3252 lesum
828 3201 898 3254 bene
965 3196 1024 3246 2⁶5-
1043 3196 1251 3260 &Epiphanius
1269 3209 1390 3249 0³⁰0ssOE
1407 3197 1524 3251 Vi0¹³l⁰s

304 3275 896 3347 iungitursacerdotio,abstinetamuliere:
931 3292 947 3331 a
973 3278 1140 3344 quibusdam
1166 3280 1294 3343 clerici-³,
1318 3282 1438 3347 “injugit
1461 3288 1525 3333 ³⁰10

305 3371 449 3425 qu0m0110
474 3371 533 3436 ipse
553 3372 633 3423 iesus
650 3384 683 3423 ex
701 3371 816 3423 muliere
835 3385 897 3437 pm.
931 3364 1047 3416 ordines
1059 3370 1204 3429 susceptos
1220 3364 1278 3416 initi
1292 3364 1432 3417 utentibus
1445 3366 1525 3431 Jure,

304 3445 427 3507 diisset?
439 3473 450 3503 t
463 3456 475 3490 ⁴
930 3463 1064 3515 querens,
1077 3451 1115 3502 ait
1128 3465 1135 3500 z
1152 3449 1251 3513 «Quod
1266 3452 1301 3504 nd
1314 3451 1402 3516 ipsam
1413 3451 1524 3517 quidem

339 3536 399 3590 265.
419 3541 553 3593 Eusebius
566 3541 601 3594 de
614 3541 699 3594 sacris
710 3541 843 3594 ministris
857 3543 898 3597 lo·
930 3537 1080 3590 Ecclesiam
1101 3537 1214 3600 attinet,
1228 3550 1276 3601 ea,
1291 3543 1409 3602 utpotea
1422 3537 1523 3604 Spiritu

301 3629 416 3680 ouens:
433 3645 449 3673 e
461 3626 604 3679 tlisautem
615 3627 897 3693 ipsis‚utmeli0ribus
930 3629 1026 3676 saneto
1037 3624 1109 3676 bene
1120 3622 1245 3676 ordinata
1264 3630 1347 3688 atque
1358 3625 1521 3686 constituta,

306 3707 408 3762 studiis
419 3718 517 3765 vacent
535 3713 664 3776 liberius,
678 3715 816 3780 seiunctus
834 3729 849 3768 a
868 3729 897 3768 re
930 3711 1005 3778 quod
1018 3711 1163 3764 decentius
1181 3718 1223 3764 est
1245 3713 1373 3764 omnibus
1390 3712 1418 3764 in
1438 3712 1521 3765 rebus

304 3794 403 3848 uxoria
424 3797 510 3850 victus
529 3799 684 3858 adamatur,
705 3800 788 3852 ueluti
803 3800 836 3852 iis
849 3802 896 3866 qui
930 3797 1119 3858 considerans,
1133 3797 1158 3849 ei
1171 3797 1210 3849 rei
1224 3798 1336 3849 studere
1348 3796 1522 3862 potissimum

299 3871 398 3934 divina
411 3889 437 3934 et
447 3883 607 3947 incorporea
617 3885 712 3937 sobole
722 3885 897 3951 propaganda
931 3885 1066 3945 instituit;
1081 3890 1111 3935 ut
1125 3897 1188 3948 quae
1208 3884 1302 3936 divino
1315 3884 1422 3935 llumini
1440 3883 1522 3935 mini·

300 3967 431 4030 occupati
448 3973 609 4018 teneantur:
624 3974 650 4019 et
668 3981 721 4020 non
741 3969 840 4031 unius,
853 3983 898 4022 ne·
930 3970 1013 4022 steria
1026 3975 1205 4034 praestantur,
1219 3971 1292 4021 nulla
1306 3982 1344 4029 re,
1358 3969 1449 4035 quoad
1460 3968 1520 4020 lieri

299 4054 360 4106 <lue
373 4050 490 4102 duorum
502 4051 667 4116 liberorum,
686 4052 735 4104 sed
748 4053 893 4108 acervatim
928 4058 1035 4119 potest,
1059 4052 1262 4114 distrahantur3
1281 4059 1365 4118 utque
1389 4053 1519 4118 spiritalia

329 4311 357 4361 il)
374 4315 391 4354 i.
400 4315 449 4355 Cor.
460 4315 494 4356 vii.
503 4321 534 4356 aa.
544 4315 651 4367 losephus
661 4315 743 4367 llilner,
753 4315 896 4367 anglicanus,
929 4327 990 4357 sone
999 4327 1090 4368 persons
1099 4315 1177 4356 should
1194 4317 1268 4356 sterile
1277 4321 1298 4356 ιι
1312 4315 1368 4357 ubst
1378 4316 1386 4356 l
1396 4317 1449 4356 here
1459 4328 1517 4358 men-

301 4374 328 4414 in
338 4379 439 4426 Ecclesia
449 4385 539 4426 historie
550 4386 628 4425 tutetur
638 4384 763 4437 Apostolum
772 4384 895 4425 coelibatum
928 4387 1000 4428 tioned
1008 4397 1032 4426 ae
1042 4386 1079 4425 the
1087 4384 1214 4435 terniments
1223 4385 1249 4426 ol
1254 4386 1285 4426 st
1296 4386 1363 4435 Paul,
1372 4386 1456 4436 though
1466 4386 1482 4426 it
1490 4387 1517 4426 be

302 4453 468 4500 commendare.
483 4453 601 4495 Corinthiis
615 4453 779 4506 respondendor
793 4468 803 4492 ι
814 4454 838 4494 ln
846 4465 896 4494 ens·
927 4456 1007 4496 almost
1015 4453 1142 4514 impossible
1150 4454 1232 4506 loreny
1243 4453 1397 4506 unprejudiced
1407 4467 1485 4507 person
1494 4463 1516 4496 to

304 4520 349 4553 wer
362 4523 384 4560 to
394 4523 450 4562 their
462 4525 562 4574 queries,
573 4524 600 4563 lie
610 4524 756 4563 recommends
766 4522 860 4575 celibscy
869 4535 894 4564 as
929 4524 1059 4565 understand
1066 4523 1111 4562 him
1118 4523 1181 4563 other
1193 4522 1251 4564 wire.
1262 4523 1335 4563 illut.
1344 4525 1368 4564 ol
1375 4525 1411 4564 the
1420 4525 1518 4575 Churcb,

292 4577 424 4631 ‘betorrita
434 4597 455 4632 to
465 4592 593 4644 matrimony
601 4593 687 4633 uberes
696 4605 745 4633 man
752 4604 792 4633 cen
802 4593 895 4644 procliue
928 4599 983 4633 cent.
994 4593 1008 4632 i.
1015 4593 1050 4632 cli.
1060 4591 1089 4632 xi.

303 4647 332 4698 ²¹⁸1
339 4659 383 4699 end
393 4661 439 4700 tbst
449 4662 456 4701 l
467 4661 527 4701 thinlr
537 4661 591 4700 irum
601 4662 687 4712 general
696 4673 793 4712 reasons,
802 4672 826 4702 ee
834 4673 894 4702 more
955 4663 982 4714 (l)
992 4663 1008 4702 l.
1015 4662 1071 4702 itm.
1081 4662 1109 4702 iv.
1117 4667 1147 4703 la.
1156 4663 1182 4715 (tl
1197 4665 1260 4705 llotn.
1268 4664 1326 4705 ulii.
1334 4665 1356 4705 in
1365 4666 1379 4705 l.
1390 4667 1453 4705 hum.

303 4713 430 4769 lavorrnbte
440 4735 462 4769 to
475 4729 570 4768 holineso
580 4728 670 4769 without
680 4731 777 4772 however
786 4730 896 4782 deprecia-
954 4731 981 4782 (ι)
991 4732 1038 4771 Cet.
1046 4731 1082 4770 nii.
1091 4732 1117 4782 ib}
1128 4733 1152 4771 t..
1164 4739 1180 4771 t.
1189 4733 1281 4775 dedens.
1291 4737 1329 4778 Er.
1336 4747 1354 4776 e.
1364 4736 1392 4776 ix.

306 4784 357 4841 ⁰¹¹3
370 4797 498 4851 matrimoni
501 4823 596 4838 .....
612 4798 620 4838 l
631 4799 709 4840 should
723 4806 760 4841 not
769 4801 870 4852 wonder,
879 4800 897 4840 it
955 4803 985 4854 (di
994 4802 1018 4842 t..
1026 4802 1053 4842 de
1062 4802 1121 4853 lirg.
1130 4814 1149 4842 e.
1158 4804 1197 4843 nlt.
