3792 5550
624 549 694 601 CAP.
713 548 778 599 llltl.
792 548 833 599 1)ss
851 547 1002 603 SINGULIS
1018 548 1260 606 ltlrenlrtltdlts.
1499 552 1549 605 405

333 664 438 717 ditione
447 662 830 729 llispauicazseddpostolica
839 664 924 719 Sedes
993 663 1051 713 til.
1070 663 1158 727 Rapta
1176 664 1277 717 mulier
1297 662 1392 729 necuit
1408 664 1550 718 matrimo-

332 749 459 815 quaedam
481 748 595 800 indulsit
607 750 643 803 ol)
655 750 782 815 specialia
800 749 924 802 locorum
959 746 1036 798 nium
1053 760 1114 801 cum
1136 754 1246 813 raptore
1268 748 1352 812 inire,
1366 748 1419 801 nisi
1438 749 1466 805 in
1487 751 1551 803 loco

181 876 183 889 .
221 816 229 829 ⁸
266 890 273 899 ,
333 834 477 901 adjuncta,
496 846 557 898 quae
580 847 613 886 ex
631 834 743 887 statutis
761 835 924 887 dioecesanae
960 837 1017 885 tuto
1030 839 1058 885 et
1074 833 1160 886 libero
1181 834 1344 899 constituta,
1362 835 1421 900 ipsa
1432 848 1549 898 eonsen-

332 918 432 985 synodi
446 931 528 984 quam
540 918 627 971 tenuit
640 927 702 973 ante
719 931 924 985 paucosaunos
958 914 1009 966 tiat
1020 922 1119 987 :rapta
1132 919 1222 967 autem
1235 915 1335 967 dieitur
1346 917 1457 981 quando
1468 917 1549 969 inrita

329 1004 484 1069 *Episcopus
496 1004 623 1069 egregius
638 1004 743 1070 Joseph
754 1004 863 1068 ltosati,
877 1006 924 1059 de·
957 998 984 1051 vi
993 997 1111 1051 abducta
1125 1004 1176 1063 est,
1189 1000 1430 1053 utmatrlmouium
1444 1008 1550 1055 contra-

331 1089 467 1142 sumenda
481 1095 553 1141 suut.
566 1090 596 1140 ln
614 1090 728 1142 dioecesi
742 1090 924 1143 ileo-turellas
959 1084 1025 1137 here
1036 1092 1190 1151 cogeretur.
1205 1087 1236 1138 ln
1247 1094 1371 1153 raptores
1388 1101 1477 1154 poenae
1488 1101 1550 1155 gra·

331 1180 361 1229 et
378 1175 531 1228 cestriensi
553 1174 611 1240 part
635 1175 669 1228 ue
689 1188 773 1229 ¹causa
801 1175 925 1229 optinere
958 1169 1079 1223 risslmae
1093 1183 1170 1236 eone
1187 1184 1219 1224 ao
1234 1173 1549 1237 justissrmoeaeonnuo

331 1260 469 1313 censenda
483 1266 541 1320 est3
555 1261 605 1312 sed
616 1261 764 1313 Praesulum
776 1259 923 1313 auctoritas
958 1254 1116 1307 Tridentino
1132 1261 1242 1309 statutae
1255 1263 1319 1309 suut
1333 1273 1339 1309 :
1355 1260 1480 1324 «Raptor
1490 1259 1549 1325 ipse

332 1351 375 1415 est
385 1344 594 1397 attendendaln
609 1345 748 1411 plerisque
758 1344 924 1399 dioecesiltus
958 1353 990 1393 ac
1007 1352 1104 1394 omnes
1122 1340 1160 1391 illi
1185 1342 1347 1404 consilium,
1370 1344 1501 1395 auxilinm
1522 1351 1550 1397 et

331 1443 388 1483 uon
405 1431 495 1497 viget,
509 1445 593 1495 quum
603 1432 714 1485 concilii
728 1437 819 1497 patres
829 1433 924 1485 nolue·
957 1424 1077 1479 favorem
1095 1425 1250 1490 praebentes
1261 1464 1268 1489 ,
1281 1428 1338 1479 sint
1352 1427 1413 1493 ipso
1430 1430 1493 1494 jure
1504 1441 1550 1480 ex·

330 1517 386 1569 rint
398 1517 538 1569 decretum
550 1518 604 1570 vim
613 1517 738 1571 obtinere
751 1517 802 1569 nisi
814 1516 924 1583 triginta
958 1511 1173 1576 communicati,
1200 1524 1232 1564 ac
1255 1519 1389 1577 perpetuo
1415 1514 1548 1578 infames,

331 1600 430 1654 diebus
448 1602 549 1666 elapsis
567 1608 629 1667 post
646 1603 706 1667 ejus
728 1601 926 1667 promulgatio·
958 1595 1138 1661 omniumque
1158 1597 1322 1664 dignitatum
1336 1597 1502 1665 incapaces,
1523 1606 1550 1653 et

330 1700 395 1739 nem
408 1724 416 1750 ,
430 1692 457 1739 et
478 1687 550 1751 apud
572 1699 623 1739 nos
645 1687 847 1752 promulgatum
869 1698 925 1738 non
958 1681 982 1733 sl
994 1682 1085 1735 clerici
1107 1682 1222 1747 fuerint,
1236 1685 1271 1735 dc
1282 1686 1394 1749 proprio
1407 1686 1493 1751 gradu
1505 1686 1551 1739 de·

330 1772 423 1825 fuerit.
446 1772 476 1823 ln
498 1773 567 1825 locis
587 1772 614 1825 in
637 1772 737 1837 qulbus
758 1785 812 1823 non
832 1771 924 1837 viget,
957 1766 1059 1827 eiciant.
1072 1770 1550 1835 Tenenturpraeterearaptormulie·

329 1857 423 1910 valent
441 1856 613 1909 matrimonia
628 1857 687 1909 solo
706 1856 924 1917 contrahentium
957 1865 1017 1911 rem
1035 1860 1156 1919 raptam,
1176 1853 1233 1907 sive
1257 1867 1317 1907 eam
1336 1855 1363 1906 in
1378 1869 1491 1909 uxorem
1503 1858 1552 1909 du·

330 1957 485 2005 consensu,
509 1944 635 2009 quamvis
657 1944 804 1997 deficiente
825 1944 924 2010 proba·
957 1938 1043 2001 terii,
1055 1938 1113 1991 Sive
1128 1940 1322 2004 11⁰ss'dflierit·
1334 1942 1464 1995 (lecenter
1476 1941 1549 1995 arbi·

331 2027 407 2080 tionc
433 2029 460 2079 in
481 2029 539 2081 loro
564 2034 676 2082 externo
698 2042 753 2081 non
777 2042 926 2095 agnoscan-
958 2025 1011 2081 trio
1022 2023 1124 2090 iudicis
1138 2024 1286 2082 (intare-»⁸

334 2118 387 2175 tur.
412 2115 547 2166 Caeterum
577 2113 695 2179 graviter
721 2114 814 2167 illicita
839 2118 925 2176 sunt,
991 2112 1079 2173 Quum
1098 2112 1205 2177 singula
1223 2110 1549 2178 explicareimpedimen-

331 2198 441 2263 quoties
463 2198 615 2251 sacerdotis
635 2197 818 2249 ministerium
839 2199 925 2265 negti·
958 2201 1002 2259 ta,
1025 2202 1053 2247 ct
1071 2197 1280 2251 accommodare
1306 2196 1417 2249 casinus
1434 2196 1481 2262 qui
1504 2209 1550 2249 oc·

332 2282 413 2351 gitur.
426 2286 480 2335 Lex
493 2284 581 2336 civilis
595 2283 732 2349 plerisque
757 2283 784 2335 in
808 2284 924 2338 statibus
952 2284 1200 2347 ,curruut,litl1ices
1210 2283 1407 2348 sitprorlncia,
1419 2284 1478 2337 haec
1489 2296 1550 2348 quac

325 2368 424 2423 omnia
437 2368 843 2441 sancitconpubiaqnaecoram
856 2382 925 2434 prae·
954 2368 1057 2433 ‚raptim
1082 2368 1202 2427 diximus
1221 2370 1255 2422 ad
1279 2382 1337 2421 reru
1358 2375 1483 2454 nostram
1498 2368 1552 2422 sui-

331 2450 422 2517 c'one,
447 2454 489 2505 vel
510 2452 692 2519 magistratu,
718 2452 760 2505 rel
782 2454 925 2508 sacerdote
958 2452 1061 2508 liniant.

219 2533 244 2581 ε’
331 2538 415 2599 tinum
435 2546 463 2591 ct
481 2552 648 2591 secretorum
672 2538 805 2590 loederum
826 2540 925 2605 proha·
1123 2540 1391 2594 Arrimodveraiones.

331 2622 580 2675 tionesadmittil.¹
993 2625 1051 2675 158.
1081 2624 1146 2685 Quae
1174 2624 1319 2677 retulimus
1355 2624 1551 2690 impedimenta

366 2708 424 2758 lad.
441 2707 604 2772 impotentia
618 2709 653 2761 ad
666 2710 824 2778 conjugium
846 2716 926 2763 uatu-
953 2709 1012 2764 ‚alia
1025 2713 1130 2764 naturae
1142 2710 1204 2777 jure
1221 2710 1394 2775 innituntur,
1414 2710 1467 2765 alia
1484 2710 1551 2763 solis

331 2794 398 2847 ralis
424 2806 536 2846 omnem
562 2795 617 2849 vim
645 2797 797 2851 contractui
819 2797 924 2850 adimit.
960 2795 1153 2848 ecelesiasticis
1169 2794 1444 2858 sanctionibus.Quae
1463 2809 1496 2847 ex
1512 2809 1554 2849 er·

331 2878 464 2934 Absoluta
478 2886 520 2932 est
541 2894 603 2948 quae
622 2894 720 2935 omnes
741 2883 852 2948 respicit
865 2896 926 2948 per·
958 2892 1037 2939 rore,
1053 2886 1081 2932 et
1093 2881 1212 2932 amentia
1224 2880 1406 2933 desumuntur
1418 2881 1550 2934 naturalia

332 2978 437 3019 sonas:
457 2968 589 3032 relative,
613 2983 675 3036 quae
698 2969 769 3024 iuter
792 2971 925 3038 quasdam
959 2964 1237 3030 suntimpedimenla,
1248 2978 1310 3030 quae
1321 2967 1421 3018 tollunt
1433 2979 1552 3018 consen-

331 3063 465 3116 pcrsonas
478 3051 639 3106 intercedit:
652 3057 881 3123 temporalisque
891 3058 924 3111 ad
960 3064 1031 3103 sum.
1054 3050 1216 3116 lmpotentia
1237 3056 1280 3102 est
1305 3063 1416 3115 quoque
1433 3051 1548 3116 impedi·

332 3140 441 3200 tempus
455 3135 553 3188 durat:
567 3145 712 3203 perpetuo,
732 3153 794 3204 quae
808 3141 866 3192 tolli
879 3153 926 3192 ne·
959 3141 1084 3188 mentum
1097 3136 1230 3187 naturale.
1249 3135 1477 3200 consanguinitas
1495 3136 1552 3201 pri-

332 3220 401 3285 quit.
421 3219 649 3286 impedimentum
671 3224 799 3289 lancium
821 3231 926 3277 naturae
960 3233 1006 3273 mo
1029 3220 1115 3286 gradu
1138 3221 1289 3272 collaterali
1309 3220 1406 3272 iratres
1425 3221 1495 3272 luter
1524 3227 1551 3273 et

175 3295 176 3298 ’
218 3309 221 3314 ’
284 3368 285 3373 ¹
333 3303 516 3357 nititur:ncc
536 3305 609 3357 enim
623 3313 719 3358 natura
738 3307 803 3359 sinit
824 3313 853 3360 ut
865 3320 927 3360 con·
960 3303 1549 3369 sororesadjusnaturatcretertur,inqn0d

333 3394 436 3442 tractus
467 3391 574 3444 ineatur
593 3393 627 3444 ain
650 3393 684 3446 iis
710 3395 757 3458 qul
785 3398 927 3458 nequeunt
960 3387 998 3442 nil
1009 3395 1099 3456 potest
1111 3389 1242 3445 Ecclesia.
1256 3388 1386 3454 ligamen
1398 3388 1551 3441 desumitur

332 3474 488 3539 primariam
513 3478 572 3543 ejus
595 3478 782 3532 conditionem
812 3491 925 3545 ponere.
960 3490 993 3530 ex
1019 3478 1081 3543 J'ure
1106 3482 1232 3539 naturae,
1259 3476 1376 3547 Christo¹
1398 3475 1548 3527 sanciente.

291 3575 293 3578 ·
333 3559 360 3611 si
378 3560 926 3630 dubiumsit,daturtrlcnniiexperien-
961 3565 1062 3615 Caetera
1087 3563 1217 3628 pleraque
1243 3575 1259 3614 a
1286 3560 1392 3625 legibus
1421 3561 1550 3615 Ecclesiae

333 3645 391 3708 tia,
412 3661 446 3700 ne
461 3653 563 3702 temere
580 3652 703 3703 solvatur
714 3651 780 3703 tanti
794 3651 926 3704 momenti
960 3648 1212 3712 derivantur,aqua
1223 3646 1339 3712 proinde
1351 3645 1410 3699 tolli
1423 3653 1548 3712 possunt.
1630 3690 1633 3694 .

332 3734 525 3786 contractus.¹
550 3735 649 3789 civiles
673 3737 748 3803 leges
765 3737 927 3803 plerumque
961 3733 1098 3786 immerito
1125 3732 1207 3798 igitur
1223 3731 1330 3785 llenrioi
1357 3733 1423 3783 lllll.
1447 3733 1550 3799 nuptiae
1590 3795 1593 3803 ,

333 3817 386 3870 hoc
405 3826 558 3884 agnoscunt
579 3820 839 3886 impedimentum,⁸
851 3823 925 3887 quod
960 3821 1550 3887 cumcallrarinaduslriaca,viduadrtlluris

334 3902 362 3954 iu
380 3911 451 3956 statu
470 3906 698 3959 Neo-Eboraceno
712 3920 767 3978 nou
784 3905 925 3969 οιιιιῐιει,ι
959 3906 1049 3958 fratris
1062 3907 1187 3969 ilenrici,
1200 3908 1344 3959 cetenratae
1357 3920 1390 3959 ex
1409 3907 1549 3978 dispeusa-

334 3986 404 4038 sicut
416 4001 466 4040 nee
477 3989 504 4039 in
520 3989 615 4042 codiee
628 3991 804 4055 napoleonis.
960 3989 1036 4042 tione
1056 3991 1120 4041 iulii
1137 3990 1178 4054 ll,
1200 3989 1228 4042 ln
1247 3990 1428 4055 quaestionem
1445 3995 1548 4045 vocatae

359 4229 386 4282 (ι)
396 4229 432 4269 rlt
442 4229 460 4269 is
468 4234 505 4269 not
512 4241 628 4282 necessary
637 4230 684 4271 that
693 4243 706 4272 a
716 4231 838 4284 clergyman
849 4231 927 4272 should
961 4231 1034 4272 ilent's
1044 4231 1127 4272 Comm.
1137 4243 1159 4283 p.
1169 4230 1197 4272 ir.
1207 4231 1266 4271 Leet.
1274 4231 1328 4272 uri.
1336 4242 1357 4272 n.
1366 4235 1398 4273 et.

334 4296 362 4337 be
379 4303 466 4350 present
483 4303 505 4338 ιο
526 4297 576 4349 give
596 4299 685 4351 validity
709 4305 731 4341 ιο
752 4301 788 4341 tlre
803 4300 924 4351 marriage,
986 4301 1012 4353 (t)
1022 4302 1075 4353 Cap.
1084 4301 1112 4341 ri.
1122 4301 1150 4342 de
1153 4301 1254 4353 frigidis.

330 4365 415 4417 though
424 4367 442 4406 it
450 4367 469 4407 is
478 4368 684 4422 doubtleas,arery
693 4369 808 4420 becoming
816 4369 924 4422 practice,
984 4371 1013 4421 lt)
1027 4371 1174 4410 «Thccourts
1191 4369 1214 4410 in
1231 4371 1412 4423 llamchnsetts,
1424 4371 1549 4424 Delavare,

330 4435 373 4476 and
382 4435 474 4476 sultable
486 4442 508 4476 ιο
519 4437 555 4477 the
564 4438 677 4491 solemnit!
687 4438 712 4479 ot*
718 4439 755 4478 the
764 4437 873 4478 occasion.
880 4438 925 4479 The
958 4439 1028 4490 Ollio,
1037 4439 1103 4479 North
1117 4438 1230 4491 carolina,
1239 4440 1341 4480 Alabana
1348 4468 1355 4490 ,
1362 4440 1405 4481 and
1413 4440 1517 4494 pmlnably
1526 4442 1548 4482 in

330 4510 421 4545 consent
432 4505 458 4545 ot
464 4505 501 4562 the
509 4507 589 4558 parties
606 4518 655 4560 may
669 4509 696 4548 he
708 4507 808 4549 declared
826 4507 899 4547 before
911 4518 925 4547 a
958 4510 1021 4550 other
1030 4514 1096 4549 states
1105 4520 1157 4564 ‚are
1169 4511 1294 4551 authorised
1310 4510 1337 4561 by
1349 4516 1429 4551 statute
1445 4516 1467 4552 to
1485 4517 1549 4562 grant

330 4574 459 4626 magistrate
467 4601 474 4625 ,
483 4586 508 4614 or
516 4574 595 4629 simply
604 4577 677 4618 beiore
687 4576 806 4625 vitassem,
815 4588 840 4617 or
849 4576 924 4618 subse
957 4578 1055 4618 dirorces
1062 4589 1128 4624 causa
1137 4578 1275 4631 impotentia.
1285 4591 1296 4616 ι
1306 4579 1469 4621 lleut'sComm.
1477 4579 1549 4621 rol.ii.

331 4645 422 4696 quenti!
438 4644 550 4685 conlesaed
562 4657 587 4686 or
604 4647 782 4700 aelnonledged,
791 4658 816 4686 or
824 4647 861 4686 the
869 4657 925 4687 mar·
958 4648 1048 4688 Lecture
1056 4647 1118 4687 urii.
1128 4659 1149 4686 n.
1158 4648 1174 4688 i.

332 4714 394 4764 riano
403 4725 453 4765 may
462 4725 515 4755 esen
530 4714 557 4754 be
572 4713 664 4770 iulerred
673 4716 728 4756 lronr
738 4715 847 4755 continual
862 4715 926 4756 colre-
985 4717 1012 4768 (ιι
1020 4713 1108 4756 lbidenr.

332 4783 437 4836 niratica,
446 4785 489 4826 and
504 4784 626 4837 reputetion
642 4795 667 4826 aa
679 4785 782 4835 ¹lineband
800 4783 926 4828 andnim»
989 4786 1017 4837 lep
1029 4783 1088 4826 sess.
1097 4784 1272 4839 m.cap.2ri.de
1281 4785 1329 4828 Μ.
