<?xml version="1.0" encoding="UTF-8"?>
<!DOCTYPE html PUBLIC "-//W3C//DTD XHTML 1.0 Transitional//EN"
    "http://www.w3.org/TR/xhtml1/DTD/xhtml1-transitional.dtd">
<html xmlns="http://www.w3.org/1999/xhtml" xml:lang="en" lang="en">
 <head>
  <title>
</title>
<meta http-equiv="Content-Type" content="text/html;charset=utf-8" />
  <meta name='ocr-system' content='tesseract 3.04.00' />
  <meta name='ocr-capabilities' content='ocr_page ocr_carea ocr_par ocr_line ocrx_word'/>
</head>
<body>
  <div class='ocr_page' id='page_1' title='image "./theologiadogmat02kenrgoog_0218.png"; bbox 0 0 3792 5550; ppageno 0'>
   <div class='ocr_carea' id='block_1_1' title="bbox 378 551 1328 608">
    <p class='ocr_par' dir='ltr' id='par_1_1' title="bbox 378 301 1704 683">
     <span class='ocr_line' id='line_1_1' title="bbox 378 551 1328 608; baseline -0.003 0"><span class='ocrx_word' id='word_1_1' title='bbox 378 555 430 608; x_wconf 64' lang='lat'><strong>2⁰4</strong></span> <span class='ocrx_word' id='word_1_2' title='bbox 646 551 761 606; x_wconf 80' lang='lat' dir='ltr'><strong>rutel.</strong></span> <span class='ocrx_word' id='word_1_3' title='bbox 776 551 844 602; x_wconf 89' lang='lat' dir='ltr'><strong>lllll.</strong></span> <span class='ocrx_word' id='word_1_4' title='bbox 858 553 886 604; x_wconf 83' lang='lat' dir='ltr'><strong>P.</strong></span> <span class='ocrx_word' id='word_1_5' title='bbox 905 551 939 603; x_wconf 91' lang='lat' dir='ltr'><strong>ll.</strong></span> <span class='ocrx_word' id='word_1_6' title='bbox 957 552 1000 606; x_wconf 74' lang='lat' dir='ltr'><strong>bu</strong></span> <span class='ocrx_word' id='word_1_7' title='bbox 1017 552 1122 604; x_wconf 66' lang='lat' dir='ltr'><strong>ulffl:</strong></span> <span class='ocrx_word' id='word_1_8' title='bbox 1138 552 1328 606; x_wconf 80' lang='lat' dir='ltr'><strong>slcttlrlclo.</strong></span> 
     </span>
    </p>
   </div>
   <div class='ocr_carea' id='block_1_2' title="bbox 303 665 1705 4419">
    <p class='ocr_par' dir='ltr' id='par_1_2' title="bbox 303 665 1705 4419">
     <span class='ocr_line' id='line_1_2' title="bbox 380 665 1593 735; baseline 0 -13"><span class='ocrx_word' id='word_1_9' title='bbox 380 675 454 722; x_wconf 84' lang='lat' dir='ltr'><strong>natu.</strong></span> <span class='ocrx_word' id='word_1_10' title='bbox 475 665 600 722; x_wconf 80' lang='lat' dir='ltr'><strong>Christus</strong></span> <span class='ocrx_word' id='word_1_11' title='bbox 613 666 724 733; x_wconf 85' lang='lat' dir='ltr'><strong>quidem</strong></span> <span class='ocrx_word' id='word_1_12' title='bbox 736 665 845 720; x_wconf 83' lang='lat' dir='ltr'><strong>victima</strong></span> <span class='ocrx_word' id='word_1_13' title='bbox 862 670 906 720; x_wconf 88' lang='lat' dir='ltr'><strong>est</strong></span> <span class='ocrx_word' id='word_1_14' title='bbox 915 678 972 720; x_wconf 86' lang='lat' dir='ltr'><strong>cae·</strong></span> <span class='ocrx_word' id='word_1_15' title='bbox 1005 669 1078 735; x_wconf 87' lang='lat' dir='ltr'><strong>quiae</strong></span> <span class='ocrx_word' id='word_1_16' title='bbox 1091 672 1185 733; x_wconf 86' lang='lat' dir='ltr'><strong>crant,</strong></span> <span class='ocrx_word' id='word_1_17' title='bbox 1196 667 1264 722; x_wconf 83' lang='lat' dir='ltr'><strong>dicit</strong></span> <span class='ocrx_word' id='word_1_18' title='bbox 1279 665 1466 734; x_wconf 72' lang='lat' dir='ltr'><strong>Augustinus:</strong></span> <span class='ocrx_word' id='word_1_19' title='bbox 1481 685 1495 712; x_wconf 78' lang='grc' dir='ltr'>ι</span> <span class='ocrx_word' id='word_1_20' title='bbox 1508 667 1593 722; x_wconf 83' lang='lat' dir='ltr'><strong>liono</strong></span> 
     </span>
     <span class='ocr_line' id='line_1_3' title="bbox 381 751 1596 818; baseline 0 -12"><span class='ocrx_word' id='word_1_21' title='bbox 381 753 449 808; x_wconf 88' lang='lat' dir='ltr'><strong>teris</strong></span> <span class='ocrx_word' id='word_1_22' title='bbox 461 753 590 808; x_wconf 89' lang='lat' dir='ltr'><strong>omnibus</strong></span> <span class='ocrx_word' id='word_1_23' title='bbox 602 751 776 818; x_wconf 86' lang='lat' dir='ltr'><strong>praestantior</strong></span> <span class='ocrx_word' id='word_1_24' title='bbox 786 787 794 815; x_wconf 95' lang='lat'><strong>,</strong></span> <span class='ocrx_word' id='word_1_25' title='bbox 806 764 861 817; x_wconf 84' lang='lat' dir='ltr'><strong>qua</strong></span> <span class='ocrx_word' id='word_1_26' title='bbox 872 751 972 807; x_wconf 88' lang='lat' dir='ltr'><strong>immo·</strong></span> <span class='ocrx_word' id='word_1_27' title='bbox 1005 767 1098 806; x_wconf 80' lang='lat' dir='ltr'><strong>minus</strong></span> <span class='ocrx_word' id='word_1_28' title='bbox 1108 766 1176 807; x_wconf 88' lang='lat' dir='ltr'><strong>sane</strong></span> <span class='ocrx_word' id='word_1_29' title='bbox 1186 753 1335 806; x_wconf 88' lang='lat' dir='ltr'><strong>memorias</strong></span> <span class='ocrx_word' id='word_1_30' title='bbox 1347 763 1444 806; x_wconf 86' lang='lat' dir='ltr'><strong>eorum</strong></span> <span class='ocrx_word' id='word_1_31' title='bbox 1458 756 1596 818; x_wconf 68' lang='lat' dir='ltr'><strong>umquam</strong></span> 
     </span>
     <span class='ocr_line' id='line_1_4' title="bbox 381 835 1596 904; baseline -0.003 -10"><span class='ocrx_word' id='word_1_32' title='bbox 381 841 435 894; x_wconf 91' lang='lat' dir='ltr'><strong>lata</strong></span> <span class='ocrx_word' id='word_1_33' title='bbox 445 851 569 892; x_wconf 89' lang='lat' dir='ltr'><strong>summus</strong></span> <span class='ocrx_word' id='word_1_34' title='bbox 577 838 667 890; x_wconf 91' lang='lat' dir='ltr'><strong>bonor</strong></span> <span class='ocrx_word' id='word_1_35' title='bbox 675 839 731 890; x_wconf 86' lang='lat' dir='ltr'><strong>beo</strong></span> <span class='ocrx_word' id='word_1_36' title='bbox 741 835 877 891; x_wconf 73' lang='lat' dir='ltr'><strong>tribuitur.</strong></span> <span class='ocrx_word' id='word_1_37' title='bbox 890 837 973 889; x_wconf 81' lang='lat' dir='ltr'><strong>Taru-</strong></span> <span class='ocrx_word' id='word_1_38' title='bbox 1005 844 1163 893; x_wconf 89' lang='lat' dir='ltr'><strong>sanctorum</strong></span> <span class='ocrx_word' id='word_1_39' title='bbox 1174 839 1317 892; x_wconf 86' lang='lat' dir='ltr'><strong>hominnm</strong></span> <span class='ocrx_word' id='word_1_40' title='bbox 1332 838 1389 900; x_wconf 84' lang='lat' dir='ltr'><strong>ltei,</strong></span> <span class='ocrx_word' id='word_1_41' title='bbox 1400 838 1447 904; x_wconf 85' lang='lat' dir='ltr'><strong>qui</strong></span> <span class='ocrx_word' id='word_1_42' title='bbox 1463 839 1596 904; x_wconf 88' lang='lat' dir='ltr'><strong>usquead</strong></span> 
     </span>
     <span class='ocr_line' id='line_1_5' title="bbox 381 917 1596 992; baseline -0.002 -13"><span class='ocrx_word' id='word_1_43' title='bbox 381 937 463 992; x_wconf 86' lang='lat' dir='ltr'><strong>quam</strong></span> <span class='ocrx_word' id='word_1_44' title='bbox 475 918 571 986; x_wconf 88' lang='lat' dir='ltr'><strong>bomo&#39;,</strong></span> <span class='ocrx_word' id='word_1_45' title='bbox 582 920 875 986; x_wconf 85' lang='lat' dir='ltr'><strong>sacerdos,·etlrostia,</strong></span> <span class='ocrx_word' id='word_1_46' title='bbox 886 923 972 974; x_wconf 86' lang='lat' dir='ltr'><strong>boum</strong></span> <span class='ocrx_word' id='word_1_47' title='bbox 1006 930 1122 978; x_wconf 88' lang='lat' dir='ltr'><strong>mortem</strong></span> <span class='ocrx_word' id='word_1_48' title='bbox 1139 936 1252 977; x_wconf 89' lang='lat' dir='ltr'><strong>suorum</strong></span> <span class='ocrx_word' id='word_1_49' title='bbox 1261 917 1411 988; x_wconf 87' lang='lat' dir='ltr'><strong>corporum</strong></span> <span class='ocrx_word' id='word_1_50' title='bbox 1424 922 1596 989; x_wconf 72' lang='lat' dir='ltr'><strong>proteritate</strong></span> 
     </span>
     <span class='ocr_line' id='line_1_6' title="bbox 382 1006 1595 1076; baseline -0.003 -10"><span class='ocrx_word' id='word_1_51' title='bbox 382 1012 461 1075; x_wconf 89' lang='lat' dir='ltr'><strong>colit,</strong></span> <span class='ocrx_word' id='word_1_52' title='bbox 479 1009 653 1062; x_wconf 78' lang='lat' dir='ltr'><strong>sacerdotum</strong></span> <span class='ocrx_word' id='word_1_53' title='bbox 677 1020 791 1061; x_wconf 87' lang='lat' dir='ltr'><strong>suorum</strong></span> <span class='ocrx_word' id='word_1_54' title='bbox 810 1006 971 1060; x_wconf 87' lang='lat' dir='ltr'><strong>ministerio.</strong></span> <span class='ocrx_word' id='word_1_55' title='bbox 1005 1014 1162 1068; x_wconf 87' lang='lat' dir='ltr'><strong>certarunt,</strong></span> <span class='ocrx_word' id='word_1_56' title='bbox 1176 1012 1207 1061; x_wconf 93' lang='lat' dir='ltr'><strong>ut</strong></span> <span class='ocrx_word' id='word_1_57' title='bbox 1216 1008 1403 1062; x_wconf 89' lang='lat' dir='ltr'><strong>innotesceret</strong></span> <span class='ocrx_word' id='word_1_58' title='bbox 1412 1021 1478 1062; x_wconf 78' lang='lat' dir='ltr'><strong>uera</strong></span> <span class='ocrx_word' id='word_1_59' title='bbox 1492 1009 1595 1076; x_wconf 89' lang='lat' dir='ltr'><strong>religio,</strong></span> 
     </span>
     <span class='ocr_line' id='line_1_7' title="bbox 382 1092 1595 1162; baseline -0.002 -13"><span class='ocrx_word' id='word_1_60' title='bbox 382 1097 450 1150; x_wconf 88' lang='lat' dir='ltr'><strong>ilinc</strong></span> <span class='ocrx_word' id='word_1_61' title='bbox 460 1095 487 1147; x_wconf 91' lang='lat' dir='ltr'><strong>in</strong></span> <span class='ocrx_word' id='word_1_62' title='bbox 502 1094 620 1161; x_wconf 77' lang='lat' dir='ltr'><strong>liturgia</strong></span> <span class='ocrx_word' id='word_1_63' title='bbox 632 1096 660 1148; x_wconf 84' lang='lat' dir='ltr'><strong>S.</strong></span> <span class='ocrx_word' id='word_1_64' title='bbox 673 1093 753 1146; x_wconf 83' lang='lat' dir='ltr'><strong>llerci</strong></span> <span class='ocrx_word' id='word_1_65' title='bbox 770 1092 888 1146; x_wconf 89' lang='lat' dir='ltr'><strong>dicitur:</strong></span> <span class='ocrx_word' id='word_1_66' title='bbox 905 1093 974 1146; x_wconf 82' lang='lat' dir='ltr'><strong>«oi—</strong></span> <span class='ocrx_word' id='word_1_67' title='bbox 1006 1094 1083 1148; x_wconf 83' lang='lat' dir='ltr'><strong>falsis</strong></span> <span class='ocrx_word' id='word_1_68' title='bbox 1099 1095 1280 1162; x_wconf 71' lang='lat' dir='ltr'><strong>religionibus</strong></span> <span class='ocrx_word' id='word_1_69' title='bbox 1299 1094 1427 1161; x_wconf 81' lang='lat' dir='ltr'><strong>dotisque</strong></span> <span class='ocrx_word' id='word_1_70' title='bbox 1442 1095 1595 1149; x_wconf 79' lang='lat' dir='ltr'><strong>convictis:</strong></span> 
     </span>
     <span class='ocr_line' id='line_1_8' title="bbox 382 1177 1595 1247; baseline 0.001 -14"><span class='ocrx_word' id='word_1_71' title='bbox 382 1179 493 1233; x_wconf 86' lang='lat' dir='ltr'><strong>ierimus</strong></span> <span class='ocrx_word' id='word_1_72' title='bbox 521 1178 713 1232; x_wconf 85' lang='lat' dir='ltr'><strong>rationabilem</strong></span> <span class='ocrx_word' id='word_1_73' title='bbox 743 1183 772 1230; x_wconf 87' lang='lat' dir='ltr'><strong>et</strong></span> <span class='ocrx_word' id='word_1_74' title='bbox 799 1177 972 1232; x_wconf 85' lang='lat' dir='ltr'><strong>incruentum</strong></span> <span class='ocrx_word' id='word_1_75' title='bbox 1006 1180 1080 1247; x_wconf 82' lang='lat' dir='ltr'><strong>quod</strong></span> <span class='ocrx_word' id='word_1_76' title='bbox 1104 1182 1188 1234; x_wconf 90' lang='lat' dir='ltr'><strong>etiam</strong></span> <span class='ocrx_word' id='word_1_77' title='bbox 1206 1179 1230 1233; x_wconf 89' lang='lat' dir='ltr'><strong>si</strong></span> <span class='ocrx_word' id='word_1_78' title='bbox 1247 1179 1294 1246; x_wconf 84' lang='lat' dir='ltr'><strong>qui</strong></span> <span class='ocrx_word' id='word_1_79' title='bbox 1316 1186 1396 1233; x_wconf 87' lang='lat' dir='ltr'><strong>entea</strong></span> <span class='ocrx_word' id='word_1_80' title='bbox 1421 1180 1595 1242; x_wconf 87' lang='lat' dir='ltr'><strong>sentiebant,</strong></span> 
     </span>
     <span class='ocr_line' id='line_1_9' title="bbox 383 1263 1597 1334; baseline 0.001 -17"><span class='ocrx_word' id='word_1_81' title='bbox 383 1266 456 1318; x_wconf 88' lang='lat' dir='ltr'><strong>bunc</strong></span> <span class='ocrx_word' id='word_1_82' title='bbox 480 1265 582 1318; x_wconf 90' lang='lat' dir='ltr'><strong>cultum</strong></span> <span class='ocrx_word' id='word_1_83' title='bbox 605 1291 637 1304; x_wconf 91' lang='lat'><em>-</em></span> <span class='ocrx_word' id='word_1_84' title='bbox 659 1263 803 1334; x_wconf 64' lang='grc' dir='ltr'><strong>ιμφίμμιι</strong></span> <span class='ocrx_word' id='word_1_85' title='bbox 827 1286 860 1314; x_wconf 76' lang='lat' dir='ltr'><strong>m</strong></span> <span class='ocrx_word' id='word_1_86' title='bbox 882 1266 972 1329; x_wconf 58' lang='lat' dir='ltr'><strong>ipset·</strong></span> <span class='ocrx_word' id='word_1_87' title='bbox 1007 1266 1130 1320; x_wconf 86' lang='lat' dir='ltr'><strong>timendo</strong></span> <span class='ocrx_word' id='word_1_88' title='bbox 1141 1267 1337 1333; x_wconf 85' lang='lat' dir='ltr'><strong>reprimebant.</strong></span> <span class='ocrx_word' id='word_1_89' title='bbox 1347 1266 1413 1331; x_wconf 81' lang='lat' dir='ltr'><strong>Quis</strong></span> <span class='ocrx_word' id='word_1_90' title='bbox 1423 1272 1518 1320; x_wconf 87' lang='lat' dir='ltr'><strong>autem</strong></span> <span class='ocrx_word' id='word_1_91' title='bbox 1528 1266 1597 1319; x_wconf 90' lang='lat' dir='ltr'><strong>audi·</strong></span> 
     </span>
     <span class='ocr_line' id='line_1_10' title="bbox 384 1341 1597 1420; baseline 0.003 -20"><span class='ocrx_word' id='word_1_92' title='bbox 384 1351 424 1400; x_wconf 71' lang='lat' dir='ltr'><strong>sai</strong></span> <span class='ocrx_word' id='word_1_93' title='bbox 442 1352 581 1413; x_wconf 64' lang='grc' dir='ltr'><strong>ἀναίμακτον</strong></span> <span class='ocrx_word' id='word_1_94' title='bbox 604 1353 704 1420; x_wconf 67' lang='grc' dir='ltr'><strong>λατρείαν</strong></span> <span class='ocrx_word' id='word_1_95' title='bbox 728 1372 803 1401; x_wconf 73' lang='lat' dir='ltr'><strong>rcurrr</strong></span> <span class='ocrx_word' id='word_1_96' title='bbox 828 1375 859 1388; x_wconf 91' lang='lat'><em>-</em></span> <span class='ocrx_word' id='word_1_97' title='bbox 890 1341 983 1415; x_wconf 67' lang='lat' dir='ltr'><strong>quem.</strong></span> <span class='ocrx_word' id='word_1_98' title='bbox 1005 1350 1205 1418; x_wconf 62' lang='lat' dir='ltr'><strong>utaliquando</strong></span> <span class='ocrx_word' id='word_1_99' title='bbox 1227 1351 1351 1406; x_wconf 70' lang='lat' dir='ltr'><strong>fidelium</strong></span> <span class='ocrx_word' id='word_1_100' title='bbox 1369 1357 1490 1405; x_wconf 64' lang='lat' dir='ltr'><strong>Stantem</strong></span> <span class='ocrx_word' id='word_1_101' title='bbox 1513 1365 1597 1406; x_wconf 78' lang='lat' dir='ltr'><strong>saber·</strong></span> 
     </span>
     <span class='ocr_line' id='line_1_11' title="bbox 383 1435 1595 1505; baseline 0.001 -15"><span class='ocrx_word' id='word_1_102' title='bbox 383 1435 502 1490; x_wconf 81' lang='lat' dir='ltr'><strong>oderunt</strong></span> <span class='ocrx_word' id='word_1_103' title='bbox 517 1436 581 1501; x_wconf 88' lang='lat' dir='ltr'><strong>tibi,</strong></span> <span class='ocrx_word' id='word_1_104' title='bbox 605 1436 737 1497; x_wconf 82' lang='lat' dir='ltr'><strong>bomine,</strong></span> <span class='ocrx_word' id='word_1_105' title='bbox 761 1447 859 1490; x_wconf 89' lang='lat' dir='ltr'><strong>omncs</strong></span> <span class='ocrx_word' id='word_1_106' title='bbox 877 1440 974 1501; x_wconf 78' lang='lat' dir='ltr'><strong>gentes</strong></span> <span class='ocrx_word' id='word_1_107' title='bbox 1006 1437 1099 1492; x_wconf 86' lang='lat' dir='ltr'><strong>dotem</strong></span> <span class='ocrx_word' id='word_1_108' title='bbox 1119 1439 1154 1491; x_wconf 93' lang='lat' dir='ltr'><strong>ad</strong></span> <span class='ocrx_word' id='word_1_109' title='bbox 1166 1439 1265 1504; x_wconf 88' lang='lat' dir='ltr'><strong>altare,</strong></span> <span class='ocrx_word' id='word_1_110' title='bbox 1279 1439 1362 1493; x_wconf 86' lang='lat' dir='ltr'><strong>etium</strong></span> <span class='ocrx_word' id='word_1_111' title='bbox 1380 1444 1595 1505; x_wconf 87' lang='lat' dir='ltr'><strong>supersanctum</strong></span> 
     </span>
     <span class='ocr_line' id='line_1_12' title="bbox 385 1521 1594 1590; baseline 0.003 -17"><span class='ocrx_word' id='word_1_112' title='bbox 385 1521 503 1576; x_wconf 90' lang='lat' dir='ltr'><strong>abortu</strong></span> <span class='ocrx_word' id='word_1_113' title='bbox 527 1522 595 1576; x_wconf 88' lang='lat' dir='ltr'><strong>solis</strong></span> <span class='ocrx_word' id='word_1_114' title='bbox 619 1535 708 1587; x_wconf 82' lang='lat' dir='ltr'><strong>usquc</strong></span> <span class='ocrx_word' id='word_1_115' title='bbox 734 1523 769 1574; x_wconf 89' lang='lat' dir='ltr'><strong>ad</strong></span> <span class='ocrx_word' id='word_1_116' title='bbox 790 1533 973 1581; x_wconf 78' lang='lat' dir='ltr'><strong>occasum3a</strong></span> <span class='ocrx_word' id='word_1_117' title='bbox 1006 1535 1108 1589; x_wconf 89' lang='lat' dir='ltr'><strong>corpus</strong></span> <span class='ocrx_word' id='word_1_118' title='bbox 1131 1521 1276 1590; x_wconf 78' lang='lat' dir='ltr'><strong>martyris,</strong></span> <span class='ocrx_word' id='word_1_119' title='bbox 1305 1524 1339 1577; x_wconf 91' lang='lat' dir='ltr'><strong>ad</strong></span> <span class='ocrx_word' id='word_1_120' title='bbox 1364 1525 1411 1577; x_wconf 86' lang='lat' dir='ltr'><strong>bei</strong></span> <span class='ocrx_word' id='word_1_121' title='bbox 1442 1525 1594 1587; x_wconf 80' lang='lat' dir='ltr'><strong>bonorem,</strong></span> 
     </span>
     <span class='ocr_line' id='line_1_13' title="bbox 386 1606 1596 1676; baseline 0.003 -18"><span class='ocrx_word' id='word_1_122' title='bbox 386 1606 577 1672; x_wconf 84' lang='lat' dir='ltr'><strong>septentrione</strong></span> <span class='ocrx_word' id='word_1_123' title='bbox 595 1607 629 1660; x_wconf 89' lang='lat' dir='ltr'><strong>ad</strong></span> <span class='ocrx_word' id='word_1_124' title='bbox 652 1606 790 1660; x_wconf 89' lang='lat' dir='ltr'><strong>lleridiem</strong></span> <span class='ocrx_word' id='word_1_125' title='bbox 806 1620 813 1657; x_wconf 77' lang='grc' dir='ltr'><strong><em>ι</em></strong></span> <span class='ocrx_word' id='word_1_126' title='bbox 832 1606 896 1671; x_wconf 84' lang='lat' dir='ltr'><strong>quia</strong></span> <span class='ocrx_word' id='word_1_127' title='bbox 916 1618 974 1658; x_wconf 88' lang='lat' dir='ltr'><strong>rna·</strong></span> <span class='ocrx_word' id='word_1_128' title='bbox 1007 1609 1167 1675; x_wconf 85' lang='lat' dir='ltr'><strong>cultumque</strong></span> <span class='ocrx_word' id='word_1_129' title='bbox 1180 1615 1384 1674; x_wconf 86' lang='lat' dir='ltr'><strong>constructum,</strong></span> <span class='ocrx_word' id='word_1_130' title='bbox 1395 1610 1490 1663; x_wconf 88' lang='lat' dir='ltr'><strong>dicere</strong></span> <span class='ocrx_word' id='word_1_131' title='bbox 1502 1611 1530 1662; x_wconf 92' lang='lat' dir='ltr'><strong>in</strong></span> <span class='ocrx_word' id='word_1_132' title='bbox 1540 1623 1596 1676; x_wconf 89' lang='lat' dir='ltr'><strong>pre·</strong></span> 
     </span>
     <span class='ocr_line' id='line_1_14' title="bbox 386 1690 1596 1758; baseline 0.004 -15"><span class='ocrx_word' id='word_1_133' title='bbox 386 1704 469 1758; x_wconf 90' lang='lat' dir='ltr'><strong>gnum</strong></span> <span class='ocrx_word' id='word_1_134' title='bbox 486 1703 587 1746; x_wconf 88' lang='lat' dir='ltr'><strong>nornen</strong></span> <span class='ocrx_word' id='word_1_135' title='bbox 605 1697 680 1744; x_wconf 91' lang='lat' dir='ltr'><strong>tuum</strong></span> <span class='ocrx_word' id='word_1_136' title='bbox 697 1692 725 1744; x_wconf 92' lang='lat' dir='ltr'><strong>in</strong></span> <span class='ocrx_word' id='word_1_137' title='bbox 748 1691 890 1758; x_wconf 88' lang='lat' dir='ltr'><strong>gentibus,</strong></span> <span class='ocrx_word' id='word_1_138' title='bbox 906 1690 974 1744; x_wconf 87' lang='lat' dir='ltr'><strong>etin</strong></span> <span class='ocrx_word' id='word_1_139' title='bbox 1007 1695 1103 1748; x_wconf 88' lang='lat' dir='ltr'><strong>cibus:</strong></span> <span class='ocrx_word' id='word_1_140' title='bbox 1117 1694 1205 1749; x_wconf 71' lang='lat' dir='ltr'><strong>trifero</strong></span> <span class='ocrx_word' id='word_1_141' title='bbox 1227 1695 1279 1748; x_wconf 89' lang='lat' dir='ltr'><strong>tibi</strong></span> <span class='ocrx_word' id='word_1_142' title='bbox 1300 1695 1482 1756; x_wconf 80' lang='lat' dir='ltr'><strong>sacrificium,</strong></span> <span class='ocrx_word' id='word_1_143' title='bbox 1507 1697 1596 1757; x_wconf 85' lang='lat' dir='ltr'><strong>l‘etre.</strong></span> 
     </span>
     <span class='ocr_line' id='line_1_15' title="bbox 386 1776 1704 1846; baseline 0 -15"><span class='ocrx_word' id='word_1_144' title='bbox 386 1778 461 1831; x_wconf 88' lang='lat' dir='ltr'><strong>omni</strong></span> <span class='ocrx_word' id='word_1_145' title='bbox 482 1779 543 1832; x_wconf 88' lang='lat' dir='ltr'><strong>loco</strong></span> <span class='ocrx_word' id='word_1_146' title='bbox 570 1777 713 1832; x_wconf 88' lang='lat' dir='ltr'><strong>incensum</strong></span> <span class='ocrx_word' id='word_1_147' title='bbox 733 1776 850 1832; x_wconf 78' lang='lat' dir='ltr'><strong>offertur</strong></span> <span class='ocrx_word' id='word_1_148' title='bbox 869 1777 975 1830; x_wconf 88' lang='lat' dir='ltr'><strong>nomini</strong></span> <span class='ocrx_word' id='word_1_149' title='bbox 1007 1782 1051 1834; x_wconf 81' lang='lat' dir='ltr'><strong>rei</strong></span> <span class='ocrx_word' id='word_1_150' title='bbox 1072 1780 1175 1844; x_wconf 84' lang='lat' dir='ltr'><strong>Paule,</strong></span> <span class='ocrx_word' id='word_1_151' title='bbox 1196 1780 1240 1834; x_wconf 83' lang='lat' dir='ltr'><strong>uel</strong></span> <span class='ocrx_word' id='word_1_152' title='bbox 1264 1778 1419 1846; x_wconf 79' lang='lat' dir='ltr'><strong>cypriane?</strong></span> <span class='ocrx_word' id='word_1_153' title='bbox 1441 1793 1507 1832; x_wconf 92' lang='lat' dir='ltr'><strong>cum</strong></span> <span class='ocrx_word' id='word_1_154' title='bbox 1529 1780 1598 1846; x_wconf 89' lang='lat' dir='ltr'><strong>apud</strong></span> <span class='ocrx_word' id='word_1_155' title='bbox 1703 1812 1704 1831; x_wconf 54' lang='lat' dir='ltr'><strong>r</strong></span> 
     </span>
     <span class='ocr_line' id='line_1_16' title="bbox 387 1852 1704 1930; baseline -0.002 -12"><span class='ocrx_word' id='word_1_156' title='bbox 387 1870 481 1920; x_wconf 85' lang='lat' dir='ltr'><strong>sancto</strong></span> <span class='ocrx_word' id='word_1_157' title='bbox 496 1869 553 1928; x_wconf 91' lang='lat' dir='ltr'><strong>tuo,</strong></span> <span class='ocrx_word' id='word_1_158' title='bbox 567 1863 778 1925; x_wconf 80' lang='lat' dir='ltr'><strong>etsucniiciunr,</strong></span> <span class='ocrx_word' id='word_1_159' title='bbox 789 1861 974 1917; x_wconf 78' lang='lat' dir='ltr'><strong>etoblatio.»¹</strong></span> <span class='ocrx_word' id='word_1_160' title='bbox 1009 1878 1104 1919; x_wconf 91' lang='lat' dir='ltr'><strong>eornm</strong></span> <span class='ocrx_word' id='word_1_161' title='bbox 1114 1864 1401 1918; x_wconf 79' lang='lat' dir='ltr'><strong>memoriucoiferatur</strong></span> <span class='ocrx_word' id='word_1_162' title='bbox 1414 1866 1486 1928; x_wconf 84' lang='lat' dir='ltr'><strong>beo,</strong></span> <span class='ocrx_word' id='word_1_163' title='bbox 1496 1865 1599 1930; x_wconf 89' lang='lat' dir='ltr'><strong>quiens</strong></span> <span class='ocrx_word' id='word_1_164' title='bbox 1703 1852 1704 1855; x_wconf 59' lang='grc'>’</span> 
     </span>
     <span class='ocr_line' id='line_1_17' title="bbox 419 1947 1598 2017; baseline -0.004 -11"><span class='ocrx_word' id='word_1_165' title='bbox 419 1951 461 2002; x_wconf 82' lang='grc'><strong>89.</strong></span> <span class='ocrx_word' id='word_1_166' title='bbox 480 1948 703 2002; x_wconf 78' lang='lat' dir='ltr'><strong>Eucherialicnm</strong></span> <span class='ocrx_word' id='word_1_167' title='bbox 714 1961 775 2002; x_wconf 77' lang='lat' dir='ltr'><strong>usse</strong></span> <span class='ocrx_word' id='word_1_168' title='bbox 793 1948 882 2002; x_wconf 83' lang='lat' dir='ltr'><strong>llissae</strong></span> <span class='ocrx_word' id='word_1_169' title='bbox 894 1947 978 2000; x_wconf 75' lang='lat' dir='ltr'><strong>sacri·</strong></span> <span class='ocrx_word' id='word_1_170' title='bbox 1009 1958 1037 2006; x_wconf 92' lang='lat' dir='ltr'><strong>et</strong></span> <span class='ocrx_word' id='word_1_171' title='bbox 1045 1951 1171 2006; x_wconf 82' lang='lat' dir='ltr'><strong>homines</strong></span> <span class='ocrx_word' id='word_1_172' title='bbox 1188 1956 1216 2005; x_wconf 88' lang='lat' dir='ltr'><strong>et</strong></span> <span class='ocrx_word' id='word_1_173' title='bbox 1224 1956 1358 2017; x_wconf 80' lang='lat' dir='ltr'><strong>martyres</strong></span> <span class='ocrx_word' id='word_1_174' title='bbox 1367 1949 1446 2013; x_wconf 86' lang='lat' dir='ltr'><strong>iecit,</strong></span> <span class='ocrx_word' id='word_1_175' title='bbox 1460 1955 1490 2002; x_wconf 89' lang='lat' dir='ltr'><strong>et</strong></span> <span class='ocrx_word' id='word_1_176' title='bbox 1500 1950 1598 2002; x_wconf 70' lang='lat' dir='ltr'><strong>sanun</strong></span> 
     </span>
     <span class='ocr_line' id='line_1_18' title="bbox 389 2031 1704 2103; baseline 0 -19"><span class='ocrx_word' id='word_1_177' title='bbox 389 2031 506 2098; x_wconf 88' lang='lat' dir='ltr'><strong>licium,</strong></span> <span class='ocrx_word' id='word_1_178' title='bbox 535 2039 670 2100; x_wconf 85' lang='lat' dir='ltr'><strong>quatenus</strong></span> <span class='ocrx_word' id='word_1_179' title='bbox 705 2037 760 2088; x_wconf 83' lang='lat' dir='ltr'><strong>beo</strong></span> <span class='ocrx_word' id='word_1_180' title='bbox 784 2033 978 2099; x_wconf 79' lang='lat' dir='ltr'><strong>persolvuntur</strong></span> <span class='ocrx_word' id='word_1_181' title='bbox 1009 2036 1067 2089; x_wconf 88' lang='lat' dir='ltr'><strong>suis</strong></span> <span class='ocrx_word' id='word_1_182' title='bbox 1083 2036 1193 2103; x_wconf 80' lang='lat' dir='ltr'><strong>Angelis</strong></span> <span class='ocrx_word' id='word_1_183' title='bbox 1212 2035 1318 2090; x_wconf 76' lang='lat' dir='ltr'><strong>scelesti</strong></span> <span class='ocrx_word' id='word_1_184' title='bbox 1337 2037 1442 2088; x_wconf 89' lang='lat' dir='ltr'><strong>bonore</strong></span> <span class='ocrx_word' id='word_1_185' title='bbox 1465 2035 1597 2088; x_wconf 82' lang='lat' dir='ltr'><strong>sociarit:</strong></span> <span class='ocrx_word' id='word_1_186' title='bbox 1703 2090 1704 2093; x_wconf 8' lang='grc' dir='ltr'><strong>Ἴ</strong></span> 
     </span>
     <span class='ocr_line' id='line_1_19' title="bbox 303 2118 1599 2185; baseline 0.002 -16"><span class='ocrx_word' id='word_1_187' title='bbox 303 2150 307 2157; x_wconf 67' lang='grc'><strong><em>«</em></strong></span> <span class='ocrx_word' id='word_1_188' title='bbox 389 2118 484 2172; x_wconf 89' lang='lat' dir='ltr'><strong>laudes</strong></span> <span class='ocrx_word' id='word_1_189' title='bbox 496 2119 532 2172; x_wconf 89' lang='lat' dir='ltr'><strong>ob</strong></span> <span class='ocrx_word' id='word_1_190' title='bbox 544 2118 676 2174; x_wconf 79' lang='lat' dir='ltr'><strong>beneficia</strong></span> <span class='ocrx_word' id='word_1_191' title='bbox 688 2118 882 2182; x_wconf 87' lang='lat' dir='ltr'><strong>nobiscollata,</strong></span> <span class='ocrx_word' id='word_1_192' title='bbox 894 2129 977 2171; x_wconf 89' lang='lat' dir='ltr'><strong>nemo</strong></span> <span class='ocrx_word' id='word_1_193' title='bbox 1010 2127 1079 2175; x_wconf 86' lang='lat' dir='ltr'><strong>ntea</strong></span> <span class='ocrx_word' id='word_1_194' title='bbox 1088 2121 1256 2185; x_wconf 83' lang='lat' dir='ltr'><strong>celebritate,</strong></span> <span class='ocrx_word' id='word_1_195' title='bbox 1265 2126 1293 2174; x_wconf 86' lang='lat' dir='ltr'><strong>et</strong></span> <span class='ocrx_word' id='word_1_196' title='bbox 1302 2122 1358 2174; x_wconf 79' lang='lat' dir='ltr'><strong>ileo</strong></span> <span class='ocrx_word' id='word_1_197' title='bbox 1370 2134 1435 2175; x_wconf 81' lang='lat' dir='ltr'><strong>uero</strong></span> <span class='ocrx_word' id='word_1_198' title='bbox 1446 2122 1482 2174; x_wconf 91' lang='lat' dir='ltr'><strong>de</strong></span> <span class='ocrx_word' id='word_1_199' title='bbox 1492 2122 1599 2175; x_wconf 89' lang='lat' dir='ltr'><strong>illorum</strong></span> 
     </span>
     <span class='ocr_line' id='line_1_20' title="bbox 390 2202 1704 2273; baseline 0.001 -19"><span class='ocrx_word' id='word_1_200' title='bbox 390 2203 467 2257; x_wconf 77' lang='lat' dir='ltr'><strong>facilc</strong></span> <span class='ocrx_word' id='word_1_201' title='bbox 479 2203 621 2269; x_wconf 88' lang='lat' dir='ltr'><strong>negaverit</strong></span> <span class='ocrx_word' id='word_1_202' title='bbox 634 2217 641 2254; x_wconf 91' lang='lat'>:</span> <span class='ocrx_word' id='word_1_203' title='bbox 655 2203 704 2256; x_wconf 88' lang='lat' dir='ltr'><strong>sed</strong></span> <span class='ocrx_word' id='word_1_204' title='bbox 716 2215 772 2256; x_wconf 93' lang='lat' dir='ltr'><strong>non</strong></span> <span class='ocrx_word' id='word_1_205' title='bbox 783 2214 880 2256; x_wconf 89' lang='lat' dir='ltr'><strong>omues</strong></span> <span class='ocrx_word' id='word_1_206' title='bbox 891 2202 978 2255; x_wconf 83' lang='lat' dir='ltr'><strong>faten-</strong></span> <span class='ocrx_word' id='word_1_207' title='bbox 1010 2205 1131 2261; x_wconf 85' lang='lat' dir='ltr'><strong>victoriis</strong></span> <span class='ocrx_word' id='word_1_208' title='bbox 1157 2205 1259 2273; x_wconf 85' lang='lat' dir='ltr'><strong>gratias</strong></span> <span class='ocrx_word' id='word_1_209' title='bbox 1284 2218 1418 2272; x_wconf 81' lang='lat' dir='ltr'><strong>agamus,</strong></span> <span class='ocrx_word' id='word_1_210' title='bbox 1445 2212 1474 2259; x_wconf 87' lang='lat' dir='ltr'><strong>el</strong></span> <span class='ocrx_word' id='word_1_211' title='bbox 1497 2219 1550 2260; x_wconf 88' lang='lat' dir='ltr'><strong>nos</strong></span> <span class='ocrx_word' id='word_1_212' title='bbox 1566 2206 1599 2259; x_wconf 90' lang='lat' dir='ltr'><strong>ad</strong></span> <span class='ocrx_word' id='word_1_213' title='bbox 1703 2202 1704 2255; x_wconf 78' lang='lat' dir='ltr'><strong>i</strong></span> 
     </span>
     <span class='ocr_line' id='line_1_21' title="bbox 390 2284 1704 2359; baseline 0.001 -19"><span class='ocrx_word' id='word_1_214' title='bbox 390 2292 435 2340; x_wconf 91' lang='lat' dir='ltr'><strong>tur</strong></span> <span class='ocrx_word' id='word_1_215' title='bbox 454 2299 487 2342; x_wconf 87' lang='lat' dir='ltr'><strong>eo</strong></span> <span class='ocrx_word' id='word_1_216' title='bbox 507 2288 604 2342; x_wconf 87' lang='lat' dir='ltr'><strong>laudes</strong></span> <span class='ocrx_word' id='word_1_217' title='bbox 623 2288 742 2353; x_wconf 86' lang='lat' dir='ltr'><strong>persolvi</strong></span> <span class='ocrx_word' id='word_1_218' title='bbox 758 2287 795 2342; x_wconf 91' lang='lat' dir='ltr'><strong>ob</strong></span> <span class='ocrx_word' id='word_1_219' title='bbox 816 2289 978 2340; x_wconf 87' lang='lat' dir='ltr'><strong>sauctorum</strong></span> <span class='ocrx_word' id='word_1_220' title='bbox 1010 2291 1191 2346; x_wconf 86' lang='lat' dir='ltr'><strong>imitationem</strong></span> <span class='ocrx_word' id='word_1_221' title='bbox 1213 2292 1308 2346; x_wconf 89' lang='lat' dir='ltr'><strong>talium</strong></span> <span class='ocrx_word' id='word_1_222' title='bbox 1329 2303 1497 2345; x_wconf 89' lang='lat' dir='ltr'><strong>coronarum</strong></span> <span class='ocrx_word' id='word_1_223' title='bbox 1522 2301 1601 2359; x_wconf 83' lang='lat' dir='ltr'><strong>atque</strong></span> <span class='ocrx_word' id='word_1_224' title='bbox 1703 2284 1704 2341; x_wconf 61' lang='lat' dir='ltr'><strong>i</strong></span> 
     </span>
     <span class='ocr_line' id='line_1_22' title="bbox 390 2373 1601 2444; baseline 0.003 -18"><span class='ocrx_word' id='word_1_225' title='bbox 390 2373 520 2440; x_wconf 84' lang='lat' dir='ltr'><strong>gloriam,</strong></span> <span class='ocrx_word' id='word_1_226' title='bbox 536 2373 573 2428; x_wconf 91' lang='lat' dir='ltr'><strong>ita</strong></span> <span class='ocrx_word' id='word_1_227' title='bbox 586 2379 614 2427; x_wconf 92' lang='lat' dir='ltr'><strong>ut</strong></span> <span class='ocrx_word' id='word_1_228' title='bbox 625 2373 707 2426; x_wconf 88' lang='lat' dir='ltr'><strong>simul</strong></span> <span class='ocrx_word' id='word_1_229' title='bbox 718 2373 871 2428; x_wconf 87' lang='lat' dir='ltr'><strong>celebretur</strong></span> <span class='ocrx_word' id='word_1_230' title='bbox 882 2386 979 2428; x_wconf 87' lang='lat' dir='ltr'><strong>eorum</strong></span> <span class='ocrx_word' id='word_1_231' title='bbox 1011 2377 1183 2444; x_wconf 87' lang='lat' dir='ltr'><strong>palmarum,</strong></span> <span class='ocrx_word' id='word_1_232' title='bbox 1208 2375 1307 2430; x_wconf 89' lang='lat' dir='ltr'><strong>codem</strong></span> <span class='ocrx_word' id='word_1_233' title='bbox 1335 2376 1463 2431; x_wconf 79' lang='lat' dir='ltr'><strong>inuocato</strong></span> <span class='ocrx_word' id='word_1_234' title='bbox 1484 2377 1515 2430; x_wconf 93' lang='lat' dir='ltr'><strong>iu</strong></span> <span class='ocrx_word' id='word_1_235' title='bbox 1532 2379 1601 2430; x_wconf 80' lang='lat' dir='ltr'><strong>auxi-</strong></span> 
     </span>
     <span class='ocr_line' id='line_1_23' title="bbox 392 2457 1600 2526; baseline 0.005 -16"><span class='ocrx_word' id='word_1_236' title='bbox 392 2457 541 2522; x_wconf 87' lang='lat' dir='ltr'><strong>mcmoria,</strong></span> <span class='ocrx_word' id='word_1_237' title='bbox 555 2465 582 2514; x_wconf 88' lang='lat' dir='ltr'><strong>et</strong></span> <span class='ocrx_word' id='word_1_238' title='bbox 600 2472 696 2526; x_wconf 87' lang='lat' dir='ltr'><strong>preces</strong></span> <span class='ocrx_word' id='word_1_239' title='bbox 713 2459 784 2526; x_wconf 91' lang='lat' dir='ltr'><strong>apud</strong></span> <span class='ocrx_word' id='word_1_240' title='bbox 802 2462 884 2512; x_wconf 86' lang='lat' dir='ltr'><strong>boum</strong></span> <span class='ocrx_word' id='word_1_241' title='bbox 904 2472 980 2526; x_wconf 61' lang='lat' dir='ltr'><strong>que</strong></span> <span class='ocrx_word' id='word_1_242' title='bbox 1012 2462 1096 2526; x_wconf 87' lang='lat' dir='ltr'><strong>lium,</strong></span> <span class='ocrx_word' id='word_1_243' title='bbox 1108 2473 1142 2515; x_wconf 91' lang='lat' dir='ltr'><strong>ex</strong></span> <span class='ocrx_word' id='word_1_244' title='bbox 1154 2474 1250 2516; x_wconf 86' lang='lat' dir='ltr'><strong>eorum</strong></span> <span class='ocrx_word' id='word_1_245' title='bbox 1267 2461 1407 2515; x_wconf 69' lang='lat' dir='ltr'><strong>memoriae</strong></span> <span class='ocrx_word' id='word_1_246' title='bbox 1424 2464 1600 2516; x_wconf 72' lang='lat' dir='ltr'><strong>renouationc</strong></span> 
     </span>
     <span class='ocr_line' id='line_1_24' title="bbox 393 2545 1251 2612; baseline 0.002 -14"><span class='ocrx_word' id='word_1_247' title='bbox 393 2549 507 2598; x_wconf 89' lang='lat' dir='ltr'><strong>rantur:</strong></span> <span class='ocrx_word' id='word_1_248' title='bbox 529 2545 602 2611; x_wconf 82' lang='lat' dir='ltr'><strong>quod</strong></span> <span class='ocrx_word' id='word_1_249' title='bbox 622 2550 713 2598; x_wconf 88' lang='lat' dir='ltr'><strong>tamen</strong></span> <span class='ocrx_word' id='word_1_250' title='bbox 730 2559 763 2600; x_wconf 83' lang='lat' dir='ltr'><strong>ex</strong></span> <span class='ocrx_word' id='word_1_251' title='bbox 776 2545 904 2612; x_wconf 82' lang='lat' dir='ltr'><strong>liturgiis</strong></span> <span class='ocrx_word' id='word_1_252' title='bbox 922 2557 981 2598; x_wconf 90' lang='lat' dir='ltr'><strong>orn·</strong></span> <span class='ocrx_word' id='word_1_253' title='bbox 1013 2548 1198 2602; x_wconf 80' lang='lat' dir='ltr'><strong>adhortemur.</strong></span> <span class='ocrx_word' id='word_1_254' title='bbox 1217 2547 1251 2594; x_wconf 70' lang='grc' dir='ltr'><strong>ι’</strong></span> 
     </span>
     <span class='ocr_line' id='line_1_25' title="bbox 392 2630 1602 2700; baseline 0.002 -16"><span class='ocrx_word' id='word_1_255' title='bbox 392 2630 578 2698; x_wconf 87' lang='lat' dir='ltr'><strong>nibusliquct.</strong></span> <span class='ocrx_word' id='word_1_256' title='bbox 592 2631 674 2685; x_wconf 82' lang='lat' dir='ltr'><strong>sicin</strong></span> <span class='ocrx_word' id='word_1_257' title='bbox 688 2632 805 2699; x_wconf 83' lang='lat' dir='ltr'><strong>liturgia</strong></span> <span class='ocrx_word' id='word_1_258' title='bbox 819 2634 846 2684; x_wconf 90' lang='lat' dir='ltr'><strong>S.</strong></span> <span class='ocrx_word' id='word_1_259' title='bbox 858 2632 980 2698; x_wconf 85' lang='lat' dir='ltr'><strong>Gregorii</strong></span> <span class='ocrx_word' id='word_1_260' title='bbox 1045 2635 1088 2688; x_wconf 90' lang='lat' dir='ltr'><strong>oo.</strong></span> <span class='ocrx_word' id='word_1_261' title='bbox 1110 2634 1335 2700; x_wconf 82' lang='lat' dir='ltr'><strong>liupetrotorium</strong></span> <span class='ocrx_word' id='word_1_262' title='bbox 1355 2647 1419 2688; x_wconf 91' lang='lat' dir='ltr'><strong>csse</strong></span> <span class='ocrx_word' id='word_1_263' title='bbox 1441 2633 1602 2686; x_wconf 74' lang='lat' dir='ltr'><strong>Eucharisti-</strong></span> 
     </span>
     <span class='ocr_line' id='line_1_26' title="bbox 392 2717 1601 2787; baseline -0.002 -16"><span class='ocrx_word' id='word_1_264' title='bbox 392 2718 571 2772; x_wconf 76' lang='lat' dir='ltr'><strong>Alexandrina</strong></span> <span class='ocrx_word' id='word_1_265' title='bbox 595 2718 624 2771; x_wconf 88' lang='lat' dir='ltr'><strong>lit</strong></span> <span class='ocrx_word' id='word_1_266' title='bbox 641 2719 891 2774; x_wconf 79' lang='lat' dir='ltr'><strong>commemoratio«</strong></span> <span class='ocrx_word' id='word_1_267' title='bbox 910 2731 981 2785; x_wconf 75' lang='lat' dir='ltr'><strong>pree-</strong></span> <span class='ocrx_word' id='word_1_268' title='bbox 1014 2732 1077 2774; x_wconf 88' lang='lat' dir='ltr'><strong>cum</strong></span> <span class='ocrx_word' id='word_1_269' title='bbox 1103 2717 1267 2774; x_wconf 89' lang='lat' dir='ltr'><strong>sacriiicium</strong></span> <span class='ocrx_word' id='word_1_270' title='bbox 1290 2719 1376 2787; x_wconf 85' lang='lat' dir='ltr'><strong>liquet</strong></span> <span class='ocrx_word' id='word_1_271' title='bbox 1395 2733 1401 2771; x_wconf 77' lang='grc' dir='ltr'><strong>ε</strong></span> <span class='ocrx_word' id='word_1_272' title='bbox 1422 2733 1509 2785; x_wconf 81' lang='lat' dir='ltr'><strong>quum</strong></span> <span class='ocrx_word' id='word_1_273' title='bbox 1534 2719 1601 2772; x_wconf 90' lang='lat' dir='ltr'><strong>enim</strong></span> 
     </span>
     <span class='ocr_line' id='line_1_27' title="bbox 392 2803 1601 2873; baseline -0.002 -16"><span class='ocrx_word' id='word_1_274' title='bbox 392 2803 472 2869; x_wconf 88' lang='lat' dir='ltr'><strong>cipue</strong></span> <span class='ocrx_word' id='word_1_275' title='bbox 485 2804 682 2868; x_wconf 71' lang='lat' dir='ltr'><strong>sanctissimo,</strong></span> <span class='ocrx_word' id='word_1_276' title='bbox 695 2804 916 2871; x_wconf 80' lang='lat' dir='ltr'><strong>gloriosissime,</strong></span> <span class='ocrx_word' id='word_1_277' title='bbox 929 2805 982 2857; x_wconf 84' lang='lat' dir='ltr'><strong>inr-</strong></span> <span class='ocrx_word' id='word_1_278' title='bbox 1014 2817 1065 2871; x_wconf 94' lang='lat' dir='ltr'><strong>pro</strong></span> <span class='ocrx_word' id='word_1_279' title='bbox 1075 2804 1157 2859; x_wconf 90' lang='lat' dir='ltr'><strong>nobis</strong></span> <span class='ocrx_word' id='word_1_280' title='bbox 1166 2804 1390 2873; x_wconf 76' lang='lat' dir='ltr'><strong>offeratur,.1uxla</strong></span> <span class='ocrx_word' id='word_1_281' title='bbox 1400 2805 1501 2858; x_wconf 83' lang='lat' dir='ltr'><strong>christi</strong></span> <span class='ocrx_word' id='word_1_282' title='bbox 1512 2806 1601 2867; x_wconf 80' lang='lat' dir='ltr'><strong>rerba,</strong></span> 
     </span>
     <span class='ocr_line' id='line_1_28' title="bbox 394 2885 1601 2958; baseline 0 -16"><span class='ocrx_word' id='word_1_283' title='bbox 394 2891 552 2954; x_wconf 80' lang='lat' dir='ltr'><strong>maculatae,</strong></span> <span class='ocrx_word' id='word_1_284' title='bbox 575 2895 605 2943; x_wconf 88' lang='lat' dir='ltr'><strong>et</strong></span> <span class='ocrx_word' id='word_1_285' title='bbox 622 2890 860 2943; x_wconf 84' lang='lat' dir='ltr'><strong>benedictionibus</strong></span> <span class='ocrx_word' id='word_1_286' title='bbox 888 2904 983 2943; x_wconf 88' lang='lat' dir='ltr'><strong>cumn·</strong></span> <span class='ocrx_word' id='word_1_287' title='bbox 1016 2890 1110 2957; x_wconf 84' lang='lat' dir='ltr'><strong>utique</strong></span> <span class='ocrx_word' id='word_1_288' title='bbox 1129 2892 1202 2945; x_wconf 81' lang='lat' dir='ltr'><strong>valet</strong></span> <span class='ocrx_word' id='word_1_289' title='bbox 1213 2885 1359 2958; x_wconf 89' lang='lat' dir='ltr'><strong>impetrare</strong></span> <span class='ocrx_word' id='word_1_290' title='bbox 1372 2904 1404 2945; x_wconf 85' lang='lat' dir='ltr'><strong>eu</strong></span> <span class='ocrx_word' id='word_1_291' title='bbox 1416 2891 1522 2958; x_wconf 85' lang='lat' dir='ltr'><strong>quibus</strong></span> <span class='ocrx_word' id='word_1_292' title='bbox 1537 2890 1601 2943; x_wconf 91' lang='lat' dir='ltr'><strong>indi·</strong></span> 
     </span>
     <span class='ocr_line' id='line_1_29' title="bbox 396 2975 1601 3043; baseline 0 -16"><span class='ocrx_word' id='word_1_293' title='bbox 396 2975 475 3040; x_wconf 84' lang='lat' dir='ltr'><strong>latae,</strong></span> <span class='ocrx_word' id='word_1_294' title='bbox 503 2976 626 3029; x_wconf 82' lang='lat' dir='ltr'><strong>bomine</strong></span> <span class='ocrx_word' id='word_1_295' title='bbox 654 2982 756 3029; x_wconf 86' lang='lat' dir='ltr'><strong>nostrae</strong></span> <span class='ocrx_word' id='word_1_296' title='bbox 783 2978 924 3041; x_wconf 83' lang='lat' dir='ltr'><strong>beiparae,</strong></span> <span class='ocrx_word' id='word_1_297' title='bbox 955 2981 983 3029; x_wconf 87' lang='lat' dir='ltr'><strong>et</strong></span> <span class='ocrx_word' id='word_1_298' title='bbox 1016 2988 1113 3041; x_wconf 86' lang='lat' dir='ltr'><strong>gemus</strong></span> <span class='ocrx_word' id='word_1_299' title='bbox 1130 2988 1146 3027; x_wconf 97' lang='lat' dir='ltr'><strong>a</strong></span> <span class='ocrx_word' id='word_1_300' title='bbox 1163 2977 1218 3029; x_wconf 83' lang='lat' dir='ltr'><strong>beo</strong></span> <span class='ocrx_word' id='word_1_301' title='bbox 1234 2976 1380 3037; x_wconf 84' lang='lat' dir='ltr'><strong>beneficia,</strong></span> <span class='ocrx_word' id='word_1_302' title='bbox 1396 2990 1428 3031; x_wconf 91' lang='lat' dir='ltr'><strong>ea</strong></span> <span class='ocrx_word' id='word_1_303' title='bbox 1452 2976 1601 3043; x_wconf 87' lang='lat' dir='ltr'><strong>praesertim</strong></span> 
     </span>
     <span class='ocr_line' id='line_1_30' title="bbox 395 3060 1602 3130; baseline 0 -16"><span class='ocrx_word' id='word_1_304' title='bbox 395 3074 503 3128; x_wconf 81' lang='lat' dir='ltr'><strong>semper</strong></span> <span class='ocrx_word' id='word_1_305' title='bbox 522 3060 636 3130; x_wconf 80' lang='lat' dir='ltr'><strong>uirginis</strong></span> <span class='ocrx_word' id='word_1_306' title='bbox 651 3062 757 3124; x_wconf 80' lang='lat' dir='ltr'><strong>llari=e3</strong></span> <span class='ocrx_word' id='word_1_307' title='bbox 771 3062 859 3115; x_wconf 84' lang='lat' dir='ltr'><strong>sancti</strong></span> <span class='ocrx_word' id='word_1_308' title='bbox 871 3060 983 3128; x_wconf 86' lang='lat' dir='ltr'><strong>gloriosi</strong></span> <span class='ocrx_word' id='word_1_309' title='bbox 1016 3072 1078 3127; x_wconf 84' lang='lat' dir='ltr'><strong>quae</strong></span> <span class='ocrx_word' id='word_1_310' title='bbox 1098 3060 1132 3112; x_wconf 89' lang='lat' dir='ltr'><strong>ad</strong></span> <span class='ocrx_word' id='word_1_311' title='bbox 1153 3062 1270 3115; x_wconf 86' lang='lat' dir='ltr'><strong>sulutem</strong></span> <span class='ocrx_word' id='word_1_312' title='bbox 1289 3062 1452 3116; x_wconf 76' lang='lat' dir='ltr'><strong>reseruntur.</strong></span> <span class='ocrx_word' id='word_1_313' title='bbox 1465 3062 1535 3115; x_wconf 87' lang='lat' dir='ltr'><strong>ilinc</strong></span> <span class='ocrx_word' id='word_1_314' title='bbox 1558 3063 1602 3127; x_wconf 80' lang='lat' dir='ltr'><strong>Cy-</strong></span> 
     </span>
     <span class='ocr_line' id='line_1_31' title="bbox 395 3144 1601 3213; baseline -0.002 -14"><span class='ocrx_word' id='word_1_315' title='bbox 395 3148 550 3213; x_wconf 86' lang='lat' dir='ltr'><strong>propbelae,</strong></span> <span class='ocrx_word' id='word_1_316' title='bbox 577 3147 773 3213; x_wconf 80' lang='lat' dir='ltr'><strong>precursoris,</strong></span> <span class='ocrx_word' id='word_1_317' title='bbox 804 3147 932 3213; x_wconf 67' lang='lat' dir='ltr'><strong>baptistes</strong></span> <span class='ocrx_word' id='word_1_318' title='bbox 956 3153 984 3200; x_wconf 93' lang='lat' dir='ltr'><strong>et</strong></span> <span class='ocrx_word' id='word_1_319' title='bbox 1017 3146 1095 3197; x_wconf 91' lang='lat' dir='ltr'><strong>rillus</strong></span> <span class='ocrx_word' id='word_1_320' title='bbox 1118 3144 1379 3213; x_wconf 74' lang='lat' dir='ltr'><strong>llierosolgmitanus</strong></span> <span class='ocrx_word' id='word_1_321' title='bbox 1400 3147 1486 3200; x_wconf 85' lang='lat' dir='ltr'><strong>dicit:</strong></span> <span class='ocrx_word' id='word_1_322' title='bbox 1508 3148 1601 3200; x_wconf 78' lang='lat' dir='ltr'><strong>«Post-</strong></span> 
     </span>
     <span class='ocr_line' id='line_1_32' title="bbox 396 3233 1602 3301; baseline -0.002 -14"><span class='ocrx_word' id='word_1_323' title='bbox 396 3236 520 3301; x_wconf 81' lang='lat' dir='ltr'><strong>martyris</strong></span> <span class='ocrx_word' id='word_1_324' title='bbox 538 3234 653 3288; x_wconf 84' lang='lat' dir='ltr'><strong>loannis</strong></span> <span class='ocrx_word' id='word_1_325' title='bbox 673 3274 679 3285; x_wconf 91' lang='lat'><strong>.</strong></span> <span class='ocrx_word' id='word_1_326' title='bbox 701 3273 706 3285; x_wconf 92' lang='lat'>.</span> <span class='ocrx_word' id='word_1_327' title='bbox 728 3274 733 3285; x_wconf 93' lang='lat'>.</span> <span class='ocrx_word' id='word_1_328' title='bbox 753 3246 984 3300; x_wconf 81' lang='lat' dir='ltr'><strong>eorumquequo</strong></span> <span class='ocrx_word' id='word_1_329' title='bbox 1017 3246 1100 3299; x_wconf 85' lang='lat' dir='ltr'><strong>quarn</strong></span> <span class='ocrx_word' id='word_1_330' title='bbox 1129 3233 1284 3286; x_wconf 81' lang='lat' dir='ltr'><strong>confectum</strong></span> <span class='ocrx_word' id='word_1_331' title='bbox 1308 3238 1351 3287; x_wconf 87' lang='lat' dir='ltr'><strong>cst</strong></span> <span class='ocrx_word' id='word_1_332' title='bbox 1375 3233 1444 3287; x_wconf 94' lang='lat' dir='ltr'><strong>illud</strong></span> <span class='ocrx_word' id='word_1_333' title='bbox 1467 3234 1602 3299; x_wconf 84' lang='lat' dir='ltr'><strong>spirituale</strong></span> 
     </span>
     <span class='ocr_line' id='line_1_33' title="bbox 396 3318 1602 3384; baseline -0.002 -10"><span class='ocrx_word' id='word_1_334' title='bbox 396 3334 455 3375; x_wconf 93' lang='lat' dir='ltr'><strong>rum</strong></span> <span class='ocrx_word' id='word_1_335' title='bbox 470 3320 551 3375; x_wconf 88' lang='lat' dir='ltr'><strong>bodie</strong></span> <span class='ocrx_word' id='word_1_336' title='bbox 569 3319 729 3374; x_wconf 85' lang='lat' dir='ltr'><strong>memoriam</strong></span> <span class='ocrx_word' id='word_1_337' title='bbox 744 3318 876 3384; x_wconf 85' lang='lat' dir='ltr'><strong>iacimus,</strong></span> <span class='ocrx_word' id='word_1_338' title='bbox 889 3325 984 3372; x_wconf 88' lang='lat' dir='ltr'><strong>elom·</strong></span> <span class='ocrx_word' id='word_1_339' title='bbox 1018 3318 1199 3384; x_wconf 78' lang='lat' dir='ltr'><strong>sacrificium,</strong></span> <span class='ocrx_word' id='word_1_340' title='bbox 1219 3325 1247 3373; x_wconf 90' lang='lat' dir='ltr'><strong>et</strong></span> <span class='ocrx_word' id='word_1_341' title='bbox 1270 3319 1316 3372; x_wconf 83' lang='lat' dir='ltr'><strong>ills</strong></span> <span class='ocrx_word' id='word_1_342' title='bbox 1334 3319 1425 3373; x_wconf 91' lang='lat' dir='ltr'><strong>cultus</strong></span> <span class='ocrx_word' id='word_1_343' title='bbox 1448 3320 1602 3373; x_wconf 88' lang='lat' dir='ltr'><strong>incruentus</strong></span> 
     </span>
     <span class='ocr_line' id='line_1_34' title="bbox 396 3406 1603 3473; baseline 0 -14"><span class='ocrx_word' id='word_1_344' title='bbox 396 3407 439 3461; x_wconf 86' lang='lat' dir='ltr'><strong>nis</strong></span> <span class='ocrx_word' id='word_1_345' title='bbox 452 3406 529 3461; x_wconf 84' lang='lat' dir='ltr'><strong>chori</strong></span> <span class='ocrx_word' id='word_1_346' title='bbox 546 3409 709 3461; x_wconf 89' lang='lat' dir='ltr'><strong>Sanctorum</strong></span> <span class='ocrx_word' id='word_1_347' title='bbox 727 3411 836 3459; x_wconf 86' lang='lat' dir='ltr'><strong>tuorum</strong></span> <span class='ocrx_word' id='word_1_348' title='bbox 847 3442 855 3468; x_wconf 94' lang='lat'><strong>,</strong></span> <span class='ocrx_word' id='word_1_349' title='bbox 867 3417 985 3471; x_wconf 88' lang='lat' dir='ltr'><strong>quorum</strong></span> <span class='ocrx_word' id='word_1_350' title='bbox 1019 3419 1102 3473; x_wconf 90' lang='lat' dir='ltr'><strong>super</strong></span> <span class='ocrx_word' id='word_1_351' title='bbox 1120 3406 1180 3472; x_wconf 84' lang='lat' dir='ltr'><strong>ipsa</strong></span> <span class='ocrx_word' id='word_1_352' title='bbox 1192 3406 1394 3472; x_wconf 84' lang='lat' dir='ltr'><strong>propitiationis</strong></span> <span class='ocrx_word' id='word_1_353' title='bbox 1406 3407 1514 3469; x_wconf 84' lang='lat' dir='ltr'><strong>nostia,</strong></span> <span class='ocrx_word' id='word_1_354' title='bbox 1528 3407 1603 3461; x_wconf 89' lang='lat' dir='ltr'><strong>obsc-</strong></span> 
     </span>
     <span class='ocr_line' id='line_1_35' title="bbox 397 3490 1605 3557; baseline -0.001 -13"><span class='ocrx_word' id='word_1_355' title='bbox 397 3493 524 3557; x_wconf 90' lang='lat' dir='ltr'><strong>precibus</strong></span> <span class='ocrx_word' id='word_1_356' title='bbox 543 3498 571 3545; x_wconf 88' lang='lat' dir='ltr'><strong>et</strong></span> <span class='ocrx_word' id='word_1_357' title='bbox 589 3490 835 3545; x_wconf 83' lang='lat' dir='ltr'><strong>intercessionibus</strong></span> <span class='ocrx_word' id='word_1_358' title='bbox 854 3490 986 3543; x_wconf 84' lang='lat' dir='ltr'><strong>miserere</strong></span> <span class='ocrx_word' id='word_1_359' title='bbox 1019 3505 1129 3545; x_wconf 75' lang='lat' dir='ltr'><strong>mamus</strong></span> <span class='ocrx_word' id='word_1_360' title='bbox 1141 3494 1226 3545; x_wconf 77' lang='lat' dir='ltr'><strong>licum</strong></span> <span class='ocrx_word' id='word_1_361' title='bbox 1249 3504 1299 3557; x_wconf 92' lang='lat' dir='ltr'><strong>pro</strong></span> <span class='ocrx_word' id='word_1_362' title='bbox 1322 3492 1461 3546; x_wconf 86' lang='lat' dir='ltr'><strong>communi</strong></span> <span class='ocrx_word' id='word_1_363' title='bbox 1478 3492 1605 3545; x_wconf 83' lang='lat' dir='ltr'><strong>ecclesia·</strong></span> 
     </span>
     <span class='ocr_line' id='line_1_36' title="bbox 398 3576 1604 3643; baseline 0 -15"><span class='ocrx_word' id='word_1_364' title='bbox 398 3577 484 3630; x_wconf 89' lang='lat' dir='ltr'><strong>nostri</strong></span> <span class='ocrx_word' id='word_1_365' title='bbox 501 3576 615 3640; x_wconf 51' lang='lat' dir='ltr'><strong>etsssulva</strong></span> <span class='ocrx_word' id='word_1_366' title='bbox 637 3587 698 3628; x_wconf 89' lang='lat' dir='ltr'><strong>nos.</strong></span> <span class='ocrx_word' id='word_1_367' title='bbox 712 3592 728 3622; x_wconf 78' lang='lat' dir='ltr'><strong>n</strong></span> <span class='ocrx_word' id='word_1_368' title='bbox 740 3603 771 3611; x_wconf 91' lang='lat'><em>-</em></span> <span class='ocrx_word' id='word_1_369' title='bbox 789 3586 813 3625; x_wconf 71' lang='lat' dir='ltr'><strong>er</strong></span> <span class='ocrx_word' id='word_1_370' title='bbox 831 3582 883 3627; x_wconf 57' lang='lat' dir='ltr'><strong>,ate</strong></span> <span class='ocrx_word' id='word_1_371' title='bbox 902 3581 984 3628; x_wconf 58' lang='lat' dir='ltr'><strong>«tude</strong></span> <span class='ocrx_word' id='word_1_372' title='bbox 1020 3590 1080 3629; x_wconf 90' lang='lat' dir='ltr'><strong>runr</strong></span> <span class='ocrx_word' id='word_1_373' title='bbox 1099 3589 1182 3643; x_wconf 91' lang='lat' dir='ltr'><strong>pace,</strong></span> <span class='ocrx_word' id='word_1_374' title='bbox 1202 3588 1253 3643; x_wconf 93' lang='lat' dir='ltr'><strong>pro</strong></span> <span class='ocrx_word' id='word_1_375' title='bbox 1276 3576 1472 3642; x_wconf 79' lang='lat' dir='ltr'><strong>tranquillitate</strong></span> <span class='ocrx_word' id='word_1_376' title='bbox 1491 3577 1604 3638; x_wconf 88' lang='lat' dir='ltr'><strong>mundi,</strong></span> 
     </span>
     <span class='ocr_line' id='line_1_37' title="bbox 397 3657 1605 3729; baseline 0.002 -18"><span class='ocrx_word' id='word_1_377' title='bbox 397 3663 437 3711; x_wconf 63' lang='lat' dir='ltr'><strong>aar</strong></span> <span class='ocrx_word' id='word_1_378' title='bbox 447 3662 577 3729; x_wconf 59' lang='lat' dir='ltr'><strong>:praedm</strong></span> <span class='ocrx_word' id='word_1_379' title='bbox 589 3660 628 3709; x_wconf 64' lang='lat' dir='ltr'><strong>sel</strong></span> <span class='ocrx_word' id='word_1_380' title='bbox 641 3667 703 3720; x_wconf 61' lang='lat' dir='ltr'><strong>spes</strong></span> <span class='ocrx_word' id='word_1_381' title='bbox 717 3657 814 3726; x_wconf 59' lang='lat' dir='ltr'><strong>tilieti,</strong></span> <span class='ocrx_word' id='word_1_382' title='bbox 830 3662 869 3710; x_wconf 66' lang='lat' dir='ltr'><strong>zei</strong></span> <span class='ocrx_word' id='word_1_383' title='bbox 881 3671 959 3713; x_wconf 68' lang='lat' dir='ltr'><strong>eree.</strong></span> <span class='ocrx_word' id='word_1_384' title='bbox 975 3661 987 3695; x_wconf 83' lang='lat'><strong>¹</strong></span> <span class='ocrx_word' id='word_1_385' title='bbox 1020 3674 1070 3727; x_wconf 93' lang='lat' dir='ltr'><strong>pro</strong></span> <span class='ocrx_word' id='word_1_386' title='bbox 1085 3660 1214 3729; x_wconf 85' lang='lat' dir='ltr'><strong>regibus,</strong></span> <span class='ocrx_word' id='word_1_387' title='bbox 1226 3673 1276 3728; x_wconf 93' lang='lat' dir='ltr'><strong>pro</strong></span> <span class='ocrx_word' id='word_1_388' title='bbox 1288 3661 1436 3726; x_wconf 89' lang='lat' dir='ltr'><strong>militibus,</strong></span> <span class='ocrx_word' id='word_1_389' title='bbox 1449 3675 1500 3728; x_wconf 93' lang='lat' dir='ltr'><strong>pro</strong></span> <span class='ocrx_word' id='word_1_390' title='bbox 1512 3662 1605 3724; x_wconf 89' lang='lat' dir='ltr'><strong>sociis,</strong></span> 
     </span>
     <span class='ocr_line' id='line_1_38' title="bbox 399 3742 1606 3814; baseline -0.002 -14"><span class='ocrx_word' id='word_1_391' title='bbox 399 3749 453 3800; x_wconf 90' lang='lat' dir='ltr'><strong>llac</strong></span> <span class='ocrx_word' id='word_1_392' title='bbox 469 3746 504 3799; x_wconf 88' lang='lat' dir='ltr'><strong>de</strong></span> <span class='ocrx_word' id='word_1_393' title='bbox 522 3759 551 3799; x_wconf 91' lang='lat' dir='ltr'><strong>re</strong></span> <span class='ocrx_word' id='word_1_394' title='bbox 571 3744 693 3799; x_wconf 87' lang='lat' dir='ltr'><strong>delinivit</strong></span> <span class='ocrx_word' id='word_1_395' title='bbox 711 3742 861 3799; x_wconf 84' lang='lat' dir='ltr'><strong>concilium</strong></span> <span class='ocrx_word' id='word_1_396' title='bbox 874 3747 987 3801; x_wconf 82' lang='lat' dir='ltr'><strong>Tridcn·</strong></span> <span class='ocrx_word' id='word_1_397' title='bbox 1021 3760 1071 3813; x_wconf 93' lang='lat' dir='ltr'><strong>pro</strong></span> <span class='ocrx_word' id='word_1_398' title='bbox 1083 3748 1204 3814; x_wconf 76' lang='lat' dir='ltr'><strong>aegrotis,</strong></span> <span class='ocrx_word' id='word_1_399' title='bbox 1217 3752 1244 3801; x_wconf 87' lang='lat' dir='ltr'><strong>et</strong></span> <span class='ocrx_word' id='word_1_400' title='bbox 1258 3747 1285 3799; x_wconf 90' lang='lat' dir='ltr'><strong>in</strong></span> <span class='ocrx_word' id='word_1_401' title='bbox 1297 3760 1403 3799; x_wconf 86' lang='lat' dir='ltr'><strong>summa</strong></span> <span class='ocrx_word' id='word_1_402' title='bbox 1417 3759 1466 3813; x_wconf 93' lang='lat' dir='ltr'><strong>pro</strong></span> <span class='ocrx_word' id='word_1_403' title='bbox 1480 3746 1606 3800; x_wconf 87' lang='lat' dir='ltr'><strong>omnibus</strong></span> 
     </span>
     <span class='ocr_line' id='line_1_39' title="bbox 400 3832 1607 3901; baseline -0.001 -15"><span class='ocrx_word' id='word_1_404' title='bbox 400 3834 485 3886; x_wconf 90' lang='lat' dir='ltr'><strong>tinum</strong></span> <span class='ocrx_word' id='word_1_405' title='bbox 498 3847 505 3883; x_wconf 93' lang='lat'>:</span> <span class='ocrx_word' id='word_1_406' title='bbox 518 3852 530 3879; x_wconf 74' lang='grc' dir='ltr'><strong><em>α</em></strong></span> <span class='ocrx_word' id='word_1_407' title='bbox 544 3832 571 3885; x_wconf 88' lang='lat' dir='ltr'><strong>Si</strong></span> <span class='ocrx_word' id='word_1_408' title='bbox 595 3832 658 3897; x_wconf 86' lang='lat' dir='ltr'><strong>quis</strong></span> <span class='ocrx_word' id='word_1_409' title='bbox 685 3832 784 3885; x_wconf 89' lang='lat' dir='ltr'><strong>dixerit</strong></span> <span class='ocrx_word' id='word_1_410' title='bbox 808 3832 988 3899; x_wconf 86' lang='lat' dir='ltr'><strong>imposturam</strong></span> <span class='ocrx_word' id='word_1_411' title='bbox 1021 3834 1070 3899; x_wconf 85' lang='lat' dir='ltr'><strong>qui</strong></span> <span class='ocrx_word' id='word_1_412' title='bbox 1086 3833 1210 3901; x_wconf 88' lang='lat' dir='ltr'><strong>indigent</strong></span> <span class='ocrx_word' id='word_1_413' title='bbox 1227 3832 1337 3886; x_wconf 85' lang='lat' dir='ltr'><strong>auxilio.</strong></span> <span class='ocrx_word' id='word_1_414' title='bbox 1351 3853 1363 3879; x_wconf 77' lang='lat' dir='ltr'><strong>n</strong></span> <span class='ocrx_word' id='word_1_415' title='bbox 1375 3832 1386 3867; x_wconf 79' lang='lat'><strong>⁸</strong></span> <span class='ocrx_word' id='word_1_416' title='bbox 1396 3834 1607 3900; x_wconf 80' lang='lat' dir='ltr'><strong>chrysostomus</strong></span> 
     </span>
     <span class='ocr_line' id='line_1_40' title="bbox 399 3917 1608 3982; baseline -0.006 -6"><span class='ocrx_word' id='word_1_417' title='bbox 399 3934 461 3976; x_wconf 85' lang='lat' dir='ltr'><strong>csse</strong></span> <span class='ocrx_word' id='word_1_418' title='bbox 473 3920 569 3975; x_wconf 80' lang='lat' dir='ltr'><strong>Missas</strong></span> <span class='ocrx_word' id='word_1_419' title='bbox 580 3920 720 3975; x_wconf 86' lang='lat' dir='ltr'><strong>celebrare</strong></span> <span class='ocrx_word' id='word_1_420' title='bbox 731 3920 759 3974; x_wconf 90' lang='lat' dir='ltr'><strong>in</strong></span> <span class='ocrx_word' id='word_1_421' title='bbox 774 3923 908 3975; x_wconf 86' lang='lat' dir='ltr'><strong>honorem</strong></span> <span class='ocrx_word' id='word_1_422' title='bbox 921 3924 989 3976; x_wconf 81' lang='lat' dir='ltr'><strong>San·</strong></span> <span class='ocrx_word' id='word_1_423' title='bbox 1020 3920 1075 3973; x_wconf 88' lang='lat' dir='ltr'><strong>ait:</strong></span> <span class='ocrx_word' id='word_1_424' title='bbox 1089 3938 1102 3964; x_wconf 75' lang='grc' dir='ltr'>ι</span> <span class='ocrx_word' id='word_1_425' title='bbox 1116 3920 1167 3971; x_wconf 77' lang='lat' dir='ltr'><strong>Pro</strong></span> <span class='ocrx_word' id='word_1_426' title='bbox 1177 3917 1312 3982; x_wconf 84' lang='lat' dir='ltr'><strong>infirmis,</strong></span> <span class='ocrx_word' id='word_1_427' title='bbox 1329 3924 1357 3971; x_wconf 90' lang='lat' dir='ltr'><strong>et</strong></span> <span class='ocrx_word' id='word_1_428' title='bbox 1369 3923 1460 3981; x_wconf 61' lang='lat' dir='ltr'><strong>terrae</strong></span> <span class='ocrx_word' id='word_1_429' title='bbox 1478 3923 1506 3971; x_wconf 89' lang='lat' dir='ltr'><strong>et</strong></span> <span class='ocrx_word' id='word_1_430' title='bbox 1518 3918 1608 3979; x_wconf 88' lang='lat' dir='ltr'><strong>maris,</strong></span> 
     </span>
     <span class='ocr_line' id='line_1_41' title="bbox 399 4002 1610 4075; baseline -0.007 -12"><span class='ocrx_word' id='word_1_431' title='bbox 399 4016 520 4071; x_wconf 81' lang='lat' dir='ltr'><strong>ciorum,</strong></span> <span class='ocrx_word' id='word_1_432' title='bbox 544 4014 571 4061; x_wconf 91' lang='lat' dir='ltr'><strong>ct</strong></span> <span class='ocrx_word' id='word_1_433' title='bbox 589 4019 638 4075; x_wconf 93' lang='lat' dir='ltr'><strong>pro</strong></span> <span class='ocrx_word' id='word_1_434' title='bbox 662 4007 771 4063; x_wconf 90' lang='lat' dir='ltr'><strong>illorum</strong></span> <span class='ocrx_word' id='word_1_435' title='bbox 789 4008 987 4063; x_wconf 85' lang='lat' dir='ltr'><strong>intercessione</strong></span> <span class='ocrx_word' id='word_1_436' title='bbox 1021 4010 1048 4058; x_wconf 88' lang='lat' dir='ltr'><strong>ct</strong></span> <span class='ocrx_word' id='word_1_437' title='bbox 1065 4002 1185 4057; x_wconf 86' lang='lat' dir='ltr'><strong>universi</strong></span> <span class='ocrx_word' id='word_1_438' title='bbox 1212 4003 1288 4057; x_wconf 91' lang='lat' dir='ltr'><strong>orbis</strong></span> <span class='ocrx_word' id='word_1_439' title='bbox 1316 4003 1453 4056; x_wconf 81' lang='lat' dir='ltr'><strong>fructibus</strong></span> <span class='ocrx_word' id='word_1_440' title='bbox 1477 4005 1610 4058; x_wconf 79' lang='lat' dir='ltr'><strong>sacritica—</strong></span> 
     </span>
     <span class='ocr_line' id='line_1_42' title="bbox 399 4090 1705 4164; baseline -0.006 -14"><span class='ocrx_word' id='word_1_441' title='bbox 399 4096 471 4164; x_wconf 88' lang='lat' dir='ltr'><strong>apud</strong></span> <span class='ocrx_word' id='word_1_442' title='bbox 492 4096 575 4149; x_wconf 78' lang='lat' dir='ltr'><strong>licum</strong></span> <span class='ocrx_word' id='word_1_443' title='bbox 591 4096 754 4161; x_wconf 89' lang='lat' dir='ltr'><strong>obtinenda,</strong></span> <span class='ocrx_word' id='word_1_444' title='bbox 777 4096 847 4149; x_wconf 89' lang='lat' dir='ltr'><strong>sicut</strong></span> <span class='ocrx_word' id='word_1_445' title='bbox 867 4096 986 4149; x_wconf 79' lang='lat' dir='ltr'><strong>Ecclesia</strong></span> <span class='ocrx_word' id='word_1_446' title='bbox 1021 4106 1083 4143; x_wconf 92' lang='lat' dir='ltr'><strong>mus</strong></span> <span class='ocrx_word' id='word_1_447' title='bbox 1107 4090 1146 4137; x_wconf 81' lang='lat'><strong>»⁸</strong></span> <span class='ocrx_word' id='word_1_448' title='bbox 1168 4090 1295 4158; x_wconf 81' lang='lat' dir='ltr'><strong>liturgiae</strong></span> <span class='ocrx_word' id='word_1_449' title='bbox 1316 4103 1413 4143; x_wconf 90' lang='lat' dir='ltr'><strong>omncs</strong></span> <span class='ocrx_word' id='word_1_450' title='bbox 1440 4103 1488 4143; x_wconf 86' lang='lat' dir='ltr'><strong>eas</strong></span> <span class='ocrx_word' id='word_1_451' title='bbox 1511 4090 1612 4143; x_wconf 86' lang='lat' dir='ltr'><strong>babent</strong></span> <span class='ocrx_word' id='word_1_452' title='bbox 1704 4127 1705 4142; x_wconf 57' lang='lat'>2</span> 
     </span>
     <span class='ocr_line' id='line_1_43' title="bbox 401 4175 1705 4244; baseline -0.007 -9"><span class='ocrx_word' id='word_1_453' title='bbox 401 4182 533 4244; x_wconf 88' lang='lat' dir='ltr'><strong>intendit;</strong></span> <span class='ocrx_word' id='word_1_454' title='bbox 547 4182 691 4237; x_wconf 85' lang='lat' dir='ltr'><strong>anathema</strong></span> <span class='ocrx_word' id='word_1_455' title='bbox 701 4182 746 4237; x_wconf 90' lang='lat' dir='ltr'><strong>sit.</strong></span> <span class='ocrx_word' id='word_1_456' title='bbox 758 4202 770 4229; x_wconf 75' lang='lat' dir='ltr'><strong>n</strong></span> <span class='ocrx_word' id='word_1_457' title='bbox 783 4182 793 4215; x_wconf 75' lang='lat'>⁸</span> <span class='ocrx_word' id='word_1_458' title='bbox 805 4182 841 4235; x_wconf 78' lang='lat' dir='ltr'><strong>lle</strong></span> <span class='ocrx_word' id='word_1_459' title='bbox 854 4180 987 4235; x_wconf 83' lang='lat' dir='ltr'><strong>sacrificio</strong></span> <span class='ocrx_word' id='word_1_460' title='bbox 1021 4190 1135 4243; x_wconf 88' lang='lat' dir='ltr'><strong>preces,</strong></span> <span class='ocrx_word' id='word_1_461' title='bbox 1154 4189 1217 4243; x_wconf 81' lang='lat' dir='ltr'><strong>quae</strong></span> <span class='ocrx_word' id='word_1_462' title='bbox 1230 4175 1341 4243; x_wconf 88' lang='lat' dir='ltr'><strong>quidem</strong></span> <span class='ocrx_word' id='word_1_463' title='bbox 1353 4176 1387 4229; x_wconf 89' lang='lat' dir='ltr'><strong>ab</strong></span> <span class='ocrx_word' id='word_1_464' title='bbox 1401 4176 1535 4241; x_wconf 77' lang='lat' dir='ltr'><strong>spostolo</strong></span> <span class='ocrx_word' id='word_1_465' title='bbox 1546 4186 1612 4242; x_wconf 86' lang='lat' dir='ltr'><strong>prae·</strong></span> <span class='ocrx_word' id='word_1_466' title='bbox 1704 4227 1705 4240; x_wconf 58' lang='lat'><strong>,</strong></span> 
     </span>
     <span class='ocr_line' id='line_1_44' title="bbox 400 4260 1705 4335; baseline -0.012 -13"><span class='ocrx_word' id='word_1_467' title='bbox 400 4269 537 4323; x_wconf 88' lang='lat' dir='ltr'><strong>celebrato</strong></span> <span class='ocrx_word' id='word_1_468' title='bbox 547 4269 578 4323; x_wconf 83' lang='lat' dir='ltr'><strong>irc</strong></span> <span class='ocrx_word' id='word_1_469' title='bbox 589 4268 728 4323; x_wconf 78' lang='lat' dir='ltr'><strong>memoriis</strong></span> <span class='ocrx_word' id='word_1_470' title='bbox 738 4274 988 4335; x_wconf 84' lang='lat' dir='ltr'><strong>martyrum,super</strong></span> <span class='ocrx_word' id='word_1_471' title='bbox 1022 4263 1131 4328; x_wconf 85' lang='lat' dir='ltr'><strong>scriptae</strong></span> <span class='ocrx_word' id='word_1_472' title='bbox 1146 4268 1227 4315; x_wconf 78' lang='lat' dir='ltr'><strong>sunt:</strong></span> <span class='ocrx_word' id='word_1_473' title='bbox 1241 4282 1253 4309; x_wconf 79' lang='grc' dir='ltr'>ι</span> <span class='ocrx_word' id='word_1_474' title='bbox 1266 4262 1386 4315; x_wconf 86' lang='lat' dir='ltr'><strong>obsecro</strong></span> <span class='ocrx_word' id='word_1_475' title='bbox 1396 4260 1479 4328; x_wconf 89' lang='lat' dir='ltr'><strong>igitur</strong></span> <span class='ocrx_word' id='word_1_476' title='bbox 1496 4260 1612 4327; x_wconf 90' lang='lat' dir='ltr'><strong>primurn</strong></span> <span class='ocrx_word' id='word_1_477' title='bbox 1704 4301 1705 4306; x_wconf 73' lang='grc'>,</span> 
     </span>
     <span class='ocr_line' id='line_1_45' title="bbox 401 4347 1705 4419; baseline -0.005 -14"><span class='ocrx_word' id='word_1_478' title='bbox 401 4354 520 4408; x_wconf 87' lang='lat' dir='ltr'><strong>tumulos</strong></span> <span class='ocrx_word' id='word_1_479' title='bbox 538 4352 642 4407; x_wconf 86' lang='lat' dir='ltr'><strong>scilicet</strong></span> <span class='ocrx_word' id='word_1_480' title='bbox 656 4354 684 4406; x_wconf 92' lang='lat' dir='ltr'><strong>in</strong></span> <span class='ocrx_word' id='word_1_481' title='bbox 698 4353 799 4419; x_wconf 84' lang='lat' dir='ltr'><strong>quibus</strong></span> <span class='ocrx_word' id='word_1_482' title='bbox 817 4364 912 4405; x_wconf 90' lang='lat' dir='ltr'><strong>eorum</strong></span> <span class='ocrx_word' id='word_1_483' title='bbox 925 4351 990 4404; x_wconf 88' lang='lat' dir='ltr'><strong>reli·</strong></span> <span class='ocrx_word' id='word_1_484' title='bbox 1023 4349 1147 4403; x_wconf 91' lang='lat' dir='ltr'><strong>omnium</strong></span> <span class='ocrx_word' id='word_1_485' title='bbox 1157 4348 1448 4412; x_wconf 86' lang='lat' dir='ltr'><strong>deriobsccrationes,</strong></span> <span class='ocrx_word' id='word_1_486' title='bbox 1463 4347 1614 4408; x_wconf 84' lang='lat' dir='ltr'><strong>orationes,</strong></span> <span class='ocrx_word' id='word_1_487' title='bbox 1704 4353 1705 4412; x_wconf 57' lang='grc' dir='ltr'>ξ</span> 
     </span>
    </p>
   </div>
   <div class='ocr_carea' id='block_1_3' title="bbox 429 4614 1396 4809">
    <p class='ocr_par' dir='ltr' id='par_1_3' title="bbox 429 4614 1396 4809">
     <span class='ocr_line' id='line_1_46' title="bbox 429 4614 1396 4671; baseline -0.004 -12"><span class='ocrx_word' id='word_1_488' title='bbox 429 4620 456 4668; x_wconf 78' lang='lat' dir='ltr'><strong>(l)</strong></span> <span class='ocrx_word' id='word_1_489' title='bbox 468 4619 529 4671; x_wconf 74' lang='lat' dir='ltr'><strong>Apud</strong></span> <span class='ocrx_word' id='word_1_490' title='bbox 539 4618 721 4671; x_wconf 71' lang='lat' dir='ltr'><strong>donandotiumt.</strong></span> <span class='ocrx_word' id='word_1_491' title='bbox 738 4620 751 4659; x_wconf 88' lang='lat' dir='ltr'><strong>i.</strong></span> <span class='ocrx_word' id='word_1_492' title='bbox 765 4631 778 4670; x_wconf 89' lang='lat' dir='ltr'><strong>p</strong></span> <span class='ocrx_word' id='word_1_493' title='bbox 799 4624 840 4661; x_wconf 76' lang='lat' dir='ltr'><strong>tto·</strong></span> <span class='ocrx_word' id='word_1_494' title='bbox 1052 4615 1079 4667; x_wconf 75' lang='lat' dir='ltr'><strong>lt)</strong></span> <span class='ocrx_word' id='word_1_495' title='bbox 1095 4614 1257 4657; x_wconf 80' lang='lat' dir='ltr'><strong>L.riii.dscir.</strong></span> <span class='ocrx_word' id='word_1_496' title='bbox 1265 4614 1303 4657; x_wconf 85' lang='lat' dir='ltr'><strong>oei</strong></span> <span class='ocrx_word' id='word_1_497' title='bbox 1312 4626 1331 4657; x_wconf 81' lang='lat' dir='ltr'><strong>c.</strong></span> <span class='ocrx_word' id='word_1_498' title='bbox 1342 4614 1396 4657; x_wconf 81' lang='lat' dir='ltr'><strong>urii</strong></span> 
     </span>
     <span class='ocr_line' id='line_1_47' title="bbox 430 4686 1240 4741; baseline 0 -14"><span class='ocrx_word' id='word_1_499' title='bbox 430 4690 456 4737; x_wconf 75' lang='lat' dir='ltr'><strong>(b)</strong></span> <span class='ocrx_word' id='word_1_500' title='bbox 468 4686 557 4729; x_wconf 78' lang='lat' dir='ltr'><strong>ibidem.</strong></span> <span class='ocrx_word' id='word_1_501' title='bbox 567 4699 590 4741; x_wconf 80' lang='grc' dir='ltr'><strong>ρ.</strong></span> <span class='ocrx_word' id='word_1_502' title='bbox 602 4690 645 4728; x_wconf 74' lang='lat' dir='ltr'><strong>ilt-</strong></span> <span class='ocrx_word' id='word_1_503' title='bbox 1050 4687 1078 4739; x_wconf 77' lang='lat' dir='ltr'><strong>(tl</strong></span> <span class='ocrx_word' id='word_1_504' title='bbox 1089 4688 1137 4731; x_wconf 70' lang='lat' dir='ltr'><strong>cnr.</strong></span> <span class='ocrx_word' id='word_1_505' title='bbox 1150 4690 1212 4741; x_wconf 65' lang='lat' dir='ltr'><strong>Eget.</strong></span> <span class='ocrx_word' id='word_1_506' title='bbox 1220 4702 1240 4731; x_wconf 85' lang='lat' dir='ltr'><strong>r.</strong></span> 
     </span>
     <span class='ocr_line' id='line_1_48' title="bbox 436 4758 1319 4809; baseline 0.005 -12"><span class='ocrx_word' id='word_1_507' title='bbox 436 4762 454 4808; x_wconf 73' lang='lat'><strong>³,</strong></span> <span class='ocrx_word' id='word_1_508' title='bbox 467 4758 525 4798; x_wconf 78' lang='lat' dir='ltr'><strong>sess.</strong></span> <span class='ocrx_word' id='word_1_509' title='bbox 534 4768 566 4797; x_wconf 78' lang='lat' dir='ltr'><strong>rr.</strong></span> <span class='ocrx_word' id='word_1_510' title='bbox 577 4768 623 4797; x_wconf 77' lang='lat' dir='ltr'><strong>cun.</strong></span> <span class='ocrx_word' id='word_1_511' title='bbox 634 4769 652 4798; x_wconf 85' lang='lat' dir='ltr'><strong>r.</strong></span> <span class='ocrx_word' id='word_1_512' title='bbox 748 4790 750 4795; x_wconf 72' lang='grc'>,</span> <span class='ocrx_word' id='word_1_513' title='bbox 1051 4758 1078 4809; x_wconf 74' lang='lat' dir='ltr'><strong>(o)</strong></span> <span class='ocrx_word' id='word_1_514' title='bbox 1088 4758 1152 4799; x_wconf 83' lang='lat' dir='ltr'><strong>itum.</strong></span> <span class='ocrx_word' id='word_1_515' title='bbox 1161 4758 1211 4802; x_wconf 77' lang='lat' dir='ltr'><strong>lui·</strong></span> <span class='ocrx_word' id='word_1_516' title='bbox 1220 4760 1242 4800; x_wconf 87' lang='lat' dir='ltr'><strong>iu</strong></span> <span class='ocrx_word' id='word_1_517' title='bbox 1253 4761 1319 4801; x_wconf 75' lang='lat' dir='ltr'><strong>donn·</strong></span> 
     </span>
    </p>
   </div>
   <div class='ocr_carea' id='block_1_4' title="bbox 0 0 1930 5550">
    <p class='ocr_par' dir='ltr' id='par_1_4' title="bbox 0 0 1930 5550">
     <span class='ocr_line' id='line_1_49' title="bbox 0 0 1930 5550; baseline 0 0"><span class='ocrx_word' id='word_1_518' title='bbox 0 0 1930 5550; x_wconf 95' lang='lat' dir='ltr'><strong> </strong></span> 
     </span>
    </p>
   </div>
  </div>
 </body>
</html>
