3792 5550
269 610 272 613 ,
352 581 403 632 273
703 565 817 618 runca.
836 560 900 613 ιιι.
920 563 963 614 nn
981 561 1202 614 nouurrunru.

353 697 443 749 lorum
468 685 641 754 disciplinam
666 681 699 734 iis
727 675 871 744 suffragari
896 675 945 743 qui
979 675 1053 739 sius,
1074 675 1168 729 «solis
1192 673 1359 741 permissum
1382 673 1568 728 sacerdotibus

354 777 525 834 contendunt
561 766 752 838 poenitentiam
787 762 945 818 necessario
979 766 1031 814 est.
1049 760 1162 814 ›⁸1‹Sto
1176 761 1275 813 divinae
1294 759 1569 825 bonitattspraesrdns

355 861 557 932 peragendam,
570 859 717 919 antequam
739 850 802 917 quis
819 847 898 902 nenia
917 846 945 898 ιιι
980 846 1136 912 ordinatis,
1155 846 1387 912 »inquitLeoll
1404 853 1463 898 «ut
1483 845 1569 898 indul·

355 963 434 1006 sacre
452 943 581 1000 tribunali
605 940 735 993 donetur.
753 935 827 988 llitis
846 933 947 1001 agendi
981 933 1072 999 gentia
1084 932 1132 988 bei
1150 932 1203 984 nisi
1226 930 1476 998 supplicationibus
1487 944 1571 984 sacer

355 1036 436 1090 ratio
447 1045 501 1099 qua
515 1042 579 1083 vere
600 1023 747 1093 poenitenti
761 1021 854 1074 statim
868 1021 947 1086 igno·
981 1017 1077 1069 dotum
1085 1022 1205 1083 nequeat
1216 1017 1347 1070 obtineri!
1357 1017 1368 1050 ⁸
1377 1016 1492 1070 bracont
1500 1017 1571 1082 elim,

358 1121 460 1180 scitur
485 1114 586 1170 Christi
605 1111 702 1164 nititur
730 1104 903 1162 documentis
921 1109 949 1157 et
983 1101 1142 1168 gravissima
1155 1107 1270 1170 urgente
1289 1102 1475 1166 necessitate,
1495 1114 1573 1156 cano-

357 1204 460 1273 gestis3
486 1197 635 1267 paralytico
658 1194 763 1248 scilicet
786 1190 879 1244 statim
907 1189 948 1240 in·
982 1185 1071 1238 nicam
1102 1186 1306 1239 absolutionem
1326 1185 1573 1252 impertiebantur,

358 1289 457 1352 dulsit
470 1299 557 1352 seque
569 1280 672 1350 pastori
685 1280 858 1332 aberrantem
869 1286 949 1327 onem
982 1275 1013 1323 ut
1021 1271 1189 1335 moribundi
1201 1271 1306 1324 scelera
1319 1285 1368 1324 sua
1382 1276 1573 1338 agnoscentes,

359 1377 450 1432 statim
469 1377 498 1426 in
516 1372 588 1426 ovile
611 1365 753 1426 referenti
782 1366 809 1416 et
835 1359 928 1414 Patri'
921 1373 949 1410 ιιι
983 1369 1080 1421 pacem
1106 1357 1235 1410 Ecclesiae
1258 1356 1497 1422 adipiscerentur,
1519 1358 1574 1423 ejus

360 1463 484 1517 osculum
498 1454 661 1512 reuertentis
674 1448 782 1518 prodigi
802 1445 891 1500 ruenti
905 1456 951 1497 as·
983 1439 1120 1508 suffragiis
1141 1446 1339 1507 postmortem
1360 1441 1481 1493 fruituri.
1496 1441 1525 1494 ld
1544 1440 1575 1492 li-

360 1545 489 1600 slmilavit
507 1559 514 1595 :
533 1561 549 1590 «
567 1542 626 1593 Cito
644 1535 763 1603 proferte
780 1533 880 1586 stolam
895 1531 952 1596 pri·
985 1533 1054 1592 quet·
1070 1540 1102 1579 ex
1121 1529 1147 1578 S.
1174 1527 1307 1594 Cypriane
1321 1542 1328 1578 ε
1343 1545 1359 1575 «
1371 1526 1575 1580 Occurrendum

359 1645 443 1684 mam.
461 1627 499 1677 »¹
512 1630 539 1680 s.
563 1627 773 1690 chrysostomus
792 1617 821 1670 in
838 1615 953 1670 homilia
987 1618 1052 1678 puto
1064 1612 1193 1665 tratribus
1214 1612 1318 1665 nostris
1329 1651 1337 1676 ,
1350 1617 1380 1665 ut
1401 1612 1450 1679 qui
1470 1612 1575 1666 libellos

360 1716 483 1783 quinque
507 1712 605 1764 diebus
631 1713 694 1760 ante
723 1706 824 1758 testum
852 1701 952 1754 Christi
987 1698 1179 1765 amartyribus
1200 1704 1373 1764 aeceperunt,
1397 1703 1425 1753 et
1442 1711 1577 1766 praeroga·

360 1799 516 1854 Natiuitatis
533 1795 626 1848 habita
647 1792 732 1845 dicit.
749 1810 762 1836 ι
774 1793 867 1854 Neque
885 1785 953 1838 mibi
986 1784 1041 1838 tiva
1054 1795 1149 1837 eorum
1168 1783 1241 1849 apud
1264 1786 1349 1837 beum
1371 1783 1496 1850 adJuvari
1517 1796 1576 1849 pos·

361 1887 507 1954 quisquam
520 1883 633 1936 dixerit.
645 1883 777 1941 «Vereor,
788 1875 878 1929 habeo
890 1887 955 1927 cen·
987 1874 1067 1934 sunt
1087 1883 1110 1921 st
1103 1869 1298 1922 incommodo
1311 1869 1405 1935 aliquo
1420 1874 1448 1922 et
1466 1868 1578 1921 infirmi·

362 1969 635 2038 scientiampeccatis
648 1967 805 2033 oppletam,
817 1961 954 2015 sarcinam
987 1955 1051 2007 tatis
1077 1954 1201 2021 periculo
1226 1955 1352 2020 occupati
1374 1953 1496 2018 luerint,
1525 1967 1577 2007 non

362 2053 735 2122 circumierogravissimam.
746 2045 954 2100 »sufficitenim
987 2040 1391 2106 expectatapraesentianostra
1403 2039 1498 2106 ‚apud
1512 2053 1575 2105 pre·

363 2145 461 2196 borum
487 2140 609 2206 quinque
637 2137 744 2190 dierum
774 2139 903 2199 tempus,
930 2129 954 2182 si
988 2125 1578 2194 sbyterumquemcumquepraeseutemvcl
1670 2189 1675 2198 .

363 2227 472 2280 sobrius
494 2223 601 2278 fueris.
631 2222 655 2273 si
676 2224 818 2282 attentus,
837 2217 861 2269 si
886 2215 955 2281 vigi·
989 2212 1012 2266 si
1033 2211 1175 2278 presbyter
1199 2217 1323 2275 repertus
1349 2222 1406 2263 non
1428 2209 1530 2274 luerit,
1549 2215 1576 2262 et

362 2311 463 2363 laveris
486 2313 517 2360 ut
543 2305 749 2358 multitudinem
778 2305 955 2367 pcccatorum
988 2310 1086 2364 urgere
1099 2295 1187 2349 exitus
1203 2295 1331 2362 coeperit,
1347 2295 1421 2362 apud
1433 2296 1579 2349 diaconum

364 2397 467 2451 reddas
490 2393 713 2448 contractiorem.
736 2393 790 2442 Nee
803 2387 871 2440 illud
892 2399 955 2452 per·
989 2394 1099 2450 quoque
1125 2381 1341 2448 exomologesim
1370 2381 1461 2434 lacere
1490 2379 1578 2434 delicti

364 2482 454 2549 pende
474 2481 549 2547 quod
571 2480 656 2533 breue
683 2483 726 2530 est
750 2481 877 2541 tempus;
904 2471 955 2524 sed
989 2469 1031 2522 sui
1049 2467 1174 2534 possiam
1198 2474 1228 2520 ut
1247 2480 1332 2519 manu
1349 2466 1431 2520 eisin
1449 2465 1578 2532 poeniten·

364 2569 431 2623 illud
455 2567 618 2629 considera,
645 2565 721 2632 quod
746 2561 884 2628 benignus
913 2561 956 2611 est
990 2554 1056 2606 tiam
1074 2553 1218 2619 imposita,
1239 2552 1351 2606 veniant
1376 2552 1411 2604 ad
1436 2553 1576 2606 bominum

363 2656 495 2710 bominus
508 2651 756 2721 :nuandoquidem
781 2652 809 2701 ct
830 2643 955 2698 Ninivitas
989 2651 1149 2705 cumpace,
1167 2650 1249 2704 quam
1261 2637 1320 2690 dari
1338 2643 1474 2704 martyres
1486 2636 1577 2691 litteris

362 2741 444 2796 tridui
468 2741 556 2807 spatio
569 2744 671 2793 tantam
684 2737 753 2789 iram
765 2735 840 2787 beia
858 2744 888 2785 sc
907 2730 957 2783 de-
989 2725 1022 2778 ad
1042 2736 1093 2779 nos
1111 2725 1189 2778 factis
1211 2723 1445 2778 desideraverunt.
1463 2722 1498 2770 ιι
1519 2724 1578 2787 Qua

362 2830 501 2895 pulerunt.
532 2827 589 2878 Nee
618 2823 725 2877 obstitit
747 2820 803 2873 illis
824 2816 956 2884 temporis
990 2823 1082 2865 eoram
1098 2810 1176 2863 laicis
1198 2809 1577 2876 fiebataltqnandopeccato-

363 2926 449 2978 angus
452 2916 508 2973 tia3
523 2910 571 2962 sad
591 2908 675 2961 animi
688 2903 875 2971 promptitudo
896 2914 956 2953 am·
990 2909 1050 2947 rum
1063 2894 1211 2959 confessio,
1224 2895 1370 2948 deficiente
1382 2895 1540 2957 sacerdote,
1552 2892 1575 2945 in

362 2999 487 3064 plectens
510 2992 616 3047 bomini
640 2988 837 3056 benignitatem
869 2990 957 3038 totum
990 2981 1103 3033 humilis
1121 2982 1205 3033 animi
1224 2985 1252 3035 et
1275 2981 1434 3047 poenitentis
1445 2980 1574 3033 indicium

365 3091 499 3154 peragere
515 3076 610 3132 naluit
623 3077 657 3127 ut
670 3073 798 3127 meretrix
810 3072 857 3124 illa
878 3068 955 3123 brevi
989 3066 1181 3133 peragebatur

364 3164 497 3233 temperis
516 3166 676 3226 momento,
689 3159 800 3213 eumad
818 3156 956 3211 Christum
1023 3152 1082 3204 ιιι).
1101 3154 1225 3206 Potestas
1248 3150 1405 3204 remittendi
1425 3154 1536 3217 peccata
1550 3147 1575 3200 in

364 3253 543 3313 accessisset
566 3247 659 3302 omnia
683 3245 783 3312 probra
812 3243 900 3298 diluit.
923 3241 958 3289 ι’
990 3238 1164 3293 ordinatione
1183 3237 1342 3301 confertur,
1361 3238 1410 3290 sed
1435 3250 1523 3303 quum
1543 3236 1576 3287 in·

364 3338 458 3393 Merito
476 3336 559 3404 igitur
572 3332 713 3388 damnavit
732 3330 823 3383 sixtus
841 3331 958 3393 Quartus
991 3329 1047 3378 star
1059 3323 1156 3391 judicii
1178 3324 1330 3377 exercenda
1356 3324 1408 3387 sit,
1426 3320 1576 3388 iurisdictio

364 3427 435 3477 hanc
452 3421 523 3475 Petri
547 3420 582 3473 de
608 3421 689 3473 osma
707 3414 925 3482 propositionem
949 3427 957 3464 :
991 3410 1107 3476 exigitur
1131 3410 1159 3461 in
1175 3421 1235 3475 ⁴ees
1254 3409 1282 3461 in
1305 3421 1376 3473 ques
1399 3410 1575 3460 exerceatur:

368 3529 380 3558 ι
398 3512 457 3561 lton
469 3513 534 3559 sunt
551 3502 712 3557 absolvendi
724 3500 905 3567 poenitentes,
916 3497 958 3550 ιιι-
991 3500 1158 3561 quapropter
1176 3507 1232 3547 non
1248 3494 1320 3547 valet
1340 3492 1478 3545 absolutio
1498 3501 1577 3544 sacer·

364 3595 387 3647 si
406 3597 516 3659 peracta
533 3589 610 3654 prius
627 3586 787 3653 poenitentia
807 3584 849 3635 eis
866 3582 958 3647 injun·
991 3582 1064 3635 dotis
1083 3581 1129 3647 qui
1146 3580 1339 3647 jurisdictione
1356 3586 1440 3633 caret.
1454 3577 1483 3629 ld
1498 3575 1577 3641 expli·

364 3674 465 3730 ιιι.»ὅ
739 3699 744 3707 ,
991 3671 1055 3719 cant
1084 3666 1236 3719 'tridentini
1259 3668 1380 3719 Patres:
1414 3660 1575 3725 «Quoniam

397 3762 455 3812 ιιι.
475 3757 555 3812 Fides
572 3755 655 3807 docet
672 3748 870 3805 sacerdotalem
883 3750 959 3812 pote·
991 3750 1075 3817 igitur
1091 3757 1187 3804 natura
1209 3758 1236 3805 et
1257 3750 1326 3803 ratio
1343 3748 1439 3816 judicii
1460 3746 1528 3800 illud
1538 3756 1576 3797 ex·

364 3853 462 3902 statem
476 3842 616 3910 requiriin
632 3836 803 3906 poenitentiae
812 3833 955 3894 ministro,
991 3837 1095 3903 poscit,
1115 3844 1145 3891 ut
1167 3838 1302 3892 sententia
1322 3837 1350 3888 ιιι
1371 3834 1500 3889 subditos
1517 3832 1577 3884 dun·

363 3933 439 4001 quod
455 3930 593 3995 scriptura
612 3932 641 3981 et
662 3928 793 3991 perpetua
811 3918 958 3973 traditione
990 3927 1065 3975 taxat
1077 3922 1194 3976 seratur:
1208 3934 1370 3989 persuasum
1379 3932 1491 3986 semper
1499 3920 1527 3969 in
1535 3918 1577 3969 lio·

363 4020 419 4075 nixi
431 4016 598 4072 definierunt
613 4007 765 4064 'tridentini
783 4008 885 4059 Patres.
903 4023 916 4050 a
927 4002 955 4056 Si
990 4007 1073 4061 elesia
1081 4008 1126 4060 bei
1134 4008 1191 4071 luit,
1203 4014 1230 4062 et
1236 4008 1408 4063 verissimum
1418 4019 1481 4060 esse
1487 4005 1575 4058 sancta

364 4109 425 4174 quis
438 4103 538 4157 dixerit
556 4140 564 4153 .
584 4137 591 4153 .
611 4137 619 4151 .
637 4110 694 4151 non
708 4096 785 4149 solos
797 4090 956 4145 sacerdotes
991 4092 1117 4159 synodus
1137 4093 1299 4158 confirmat,
1325 4092 1429 4145 nullius
1450 4084 1577 4144 momenti

364 4207 426 4248 esse
448 4190 590 4244 ministros
610 4180 819 4239 absolutionis.
841 4216 848 4229 .
869 4216 876 4230 .
895 4189 958 4229 ana·
991 4176 1193 4231 absolutionem
1205 4192 1263 4231 eam
1285 4191 1347 4230 esse
1366 4176 1486 4241 debere,
1502 4184 1577 4241 quam

365 4281 456 4332 thema
475 4278 520 4330 sit.
535 4273 569 4323 »⁴
583 4293 596 4319 ι
609 4275 658 4325 tus
675 4272 744 4333 hoc,
759 4287 772 4315 ι
785 4266 824 4319 ait
842 4262 957 4316 ambro·
993 4262 1124 4317 sacerdos
1144 4262 1171 4316 in
1189 4278 1252 4317 eum
1269 4262 1390 4329 profert,
1406 4262 1435 4315 in
1448 4273 1530 4329 quem
1542 4270 1580 4313 or·

389 4555 416 4606 lt]
428 4554 479 4594 buc.
489 4562 522 4590 ιι.
531 4553 563 4589 ιι.
574 4548 604 4599 (ι)
613 4548 678 4587 ιιοιιι.
687 4544 714 4585 de
724 4544 746 4585 S.
757 4536 895 4594 Philogonio.
1019 4540 1046 4593 (t)
1056 4541 1115 4583 Sese.
1128 4554 1171 4583 xxv.
1181 4554 1229 4595 cap.
1237 4553 1258 4582 x.

391 4624 420 4675 (a)
429 4619 536 4662 Eumdena
553 4629 649 4659 errorem
665 4614 776 4656 damnarit
786 4613 843 4653 Alex.
854 4612 909 4653 vill.
918 4622 956 4651 an.
1018 4612 1045 4663 (tt)
1058 4614 1088 4653 lle
1097 4612 1172 4665 poenit.
1183 4612 1198 4653 i.
1208 4612 1224 4654 i.
1231 4624 1250 4653 c.
1259 4612 1282 4651 it.
1293 4622 1314 4651 n.
1325 4616 1343 4652 7.

364 4694 428 4740 totid,
438 4700 501 4742 prop.
511 4692 541 4727 to
552 4692 582 4726 tl.
592 4691 613 4732 et
622 4691 654 4726 tc.
662 4683 802 4724 enunciamus
810 4710 818 4734 ‚
826 4688 847 4723 et
856 4683 956 4723 Clemens
1020 4680 1046 4733 (d)
1061 4682 1101 4734 Ep.
1111 4681 1169 4723 cviii.
1177 4693 1224 4734 cap.
1234 4682 1249 4723 i.

364 4762 399 4803 Xl.
409 4761 430 4801 in
442 4758 503 4802 Bulla
516 4755 654 4808 Unigenitum,
662 4764 726 4807 prop.
735 4758 767 4793 tr.
775 4757 808 4793 88.
1018 4751 1045 4809 ll)
1058 4751 1095 4803 Ep.
1105 4750 1149 4791 xiii.
