3792 5550
365 539 415 592 2ss
624 533 737 588 iulet.
755 531 821 586 ltili.
840 532 868 586 P.
888 530 920 582 ll.
939 529 982 582 DE
998 530 1104 584 lllssAE
1120 529 1311 584 sicutulcto.

368 651 520 716 crilloulus,
539 649 763 706 suamtictlmam
780 647 897 702 seorsim
909 657 958 702 ro·
1023 646 1083 700 lit.
1100 646 1242 700 Probatur
1253 647 1278 698 ι.
1294 657 1330 698 ec
1340 649 1443 698 batere
1453 640 1584 709 sacrificii

370 744 494 802 returns,
506 749 564 792 sea
582 740 639 790 loto
652 733 772 788 tinellum
793 733 896 799 populo
915 745 959 786 se·
990 731 1177 786 eucharistici.
1195 731 1290 784 omnis
1306 729 1581 786 sucdieiineturain

370 821 515 894 φερειν
530 823 559 873 ln
577 819 839 873 easdebacclrantur
855 817 959 884 passim
991 829 1026 872 eo
1046 818 1100 872 sita
1122 823 1166 872 est
1187 823 1217 870 ιιι
1228 819 1284 871 lieo
1297 815 1429 870 oileratur
1451 815 1582 870 victima:

370 908 509 978 lngllcuni
525 913 553 962 et
573 904 681 960 sectarii
698 917 796 960 omnes
813 919 820 956 ι
838 910 958 960 attamen
992 901 1132 956 oilerentis
1150 907 1195 956 est
1206 904 1267 969 ejus
1289 902 1348 956 lieri
1366 902 1519 968 particeps,
1531 912 1584 968 quo

370 997 464 1063 lugent
494 994 552 1060 jam
578 990 746 1047 oxonienses
768 989 959 1057 quotidianum
987 989 1050 1054 lore
1074 988 1202 1042 truantur
1229 987 1313 1041 etiam
1339 986 1386 1040 alii
1409 987 1445 1040 ad
1467 986 1584 1041 victimae

371 1079 533 1136 sacrificium
551 1092 584 1132 ea
603 1078 732 1133 decausa
745 1077 957 1132 eissnlilatum:
991 1085 1090 1127 carnes
1109 1072 1318 1126 manducandas
1338 1071 1464 1124 admissi.
1481 1071 1584 1126 lluclia·

370 1165 607 1221 demutationibus
616 1163 826 1229 scilicetqnaetn
838 1161 959 1228 liturgia
991 1158 1076 1213 risticl
1095 1164 1187 1212 autem
1206 1157 1332 1212 sacrificii
1349 1162 1449 1210 natura
1470 1155 1501 1209 in
1524 1168 1584 1211 cot-

370 1251 517 1319 llnglicena
529 1248 669 1304 cranmerl
681 1261 764 1315 opera
778 1247 855 1302 tacte
878 1251 959 1311 sont,
991 1257 1060 1312 pore
1079 1250 1108 1300 et
1123 1245 1257 1312 sanguine
1269 1243 1369 1298 coristi
1381 1243 1483 1298 oblatis
1495 1244 1581 1309 posita

371 1341 502 1405 agentes,
516 1339 667 1403 queruntur
690 1334 779 1400 ipsum
808 1331 960 1386 communi·
993 1337 1044 1385 est.
1053 1331 1125 1383 liinil
1136 1343 1203 1399 ergo
1219 1331 1312 1384 obstat
1332 1329 1400 1396 quin
1410 1329 1581 1393 celebretur,

373 1422 453 1478 cundi
468 1423 551 1478 ritum
562 1419 778 1474 haeretloncter
788 1423 918 1484 quaterue
931 1416 960 1468 in
992 1416 1056 1471 licet
1073 1429 1130 1470 non
1146 1415 1240 1470 adsint
1255 1414 1304 1482 qui
1324 1415 1384 1482 ejus
1395 1414 1463 1468 liant
1472 1413 1581 1481 partici-

372 1519 445 1562 anno
470 1511 574 1560 mnium
589 1501 885 1560 servari.⁸tloncilium
903 1500 961 1553 Tri·
993 1515 1044 1569 pes
1066 1518 1073 1553 ε
1096 1501 1252 1568 prmeipuus
1271 1500 1345 1554 enim
1367 1499 1431 1554 finis
1458 1499 1581 1554 sacrificii

373 1591 515 1645 (lentinum
535 1602 639 1644 morem
652 1587 782 1642 Ecclesiae
799 1585 962 1653 explicuitet
994 1588 1152 1652 obtinetur,
1174 1593 1205 1640 ιιι
1228 1589 1284 1640 lico
1301 1599 1428 1640 summus
1450 1586 1581 1638 tribuatur

373 1675 521 1730 vindicavit
537 1690 543 1727 :
557 1694 569 1720 ι
581 1677 690 1740 optaret
701 1672 811 1738 quidem
820 1683 962 1726 sacrosan·
993 1675 1101 1737 cultus,
1115 1679 1143 1728 et
1160 1672 1339 1726 secundarius
1352 1672 1434 1726 etiam
1448 1678 1480 1724 ut
1499 1673 1582 1739 place

373 1768 416 1818 cta
428 1761 565 1829 synodus,
578 1766 607 1814 ιιι
624 1761 652 1813 in
662 1759 778 1826 singulis
791 1758 880 1812 llissis
892 1758 963 1811 lide-
995 1766 1038 1815 tur
1051 1798 1059 1825 ,
1075 1760 1185 1816 victime
1198 1759 1290 1814 oblate
1302 1760 1340 1813 ob
1360 1757 1507 1813 hominum
1522 1772 1581 1826 pec·

373 1847 414 1902 lcs
431 1847 588 1910 adstantes,
611 1857 668 1900 non
678 1845 769 1899 solunt
780 1843 913 1910 spirituali
923 1843 962 1896 ui·
993 1846 1088 1902 eata.¹

373 1931 461 1994 iectu,
473 1930 520 1984 sed
533 1929 724 1990 sacramentali
733 1929 815 1984 etiam
833 1928 960 1982 Euchari-
1028 1932 1085 1985 lto.
1096 1930 1262 1984 Proocterl.
1272 1929 1583 1984 rccoustortibrclertoe

373 2016 432 2074 stiae
443 2016 618 2083 perceptione
636 2016 890 2079 communicarent,
905 2027 961 2080 quo
994 2029 1057 2070 ocu.
1070 2015 1278 2082 semperluisse
1299 2014 1529 2070 consuetudinem
1545 2026 1583 2068 sa·

375 2103 409 2156 ad
426 2115 477 2158 cos
487 2101 654 2156 sanctissimi
673 2102 755 2165 huius
767 2099 893 2154 sacrificii
906 2098 963 2152 iru·
994 2101 1127 2156 orificium
1153 2100 1311 2156 celebrandi
1345 2100 1493 2168 quotidie,
1521 2098 1583 2154 licet

374 2193 435 2244 ctus
449 2187 559 2241 uberior
572 2186 741 2252 proveniret,
751 2198 802 2240 nee
814 2191 904 2238 tamen
916 2184 962 2249 ,si
995 2187 1149 2254 saepissime
1169 2199 1226 2240 non
1245 2185 1336 2241 locent
1347 2185 1395 2253 qui
1412 2184 1583 2239 communio·

374 2272 402 2326 id
418 2283 474 2326 non
489 2283 598 2335 semper
620 2270 682 2334 liat,
704 2275 849 2335 propterea
865 2270 965 2322 ltisses
995 2286 1059 2326 nem
1070 2271 1252 2338 susciperent,
1260 2275 1368 2338 constat
1380 2284 1413 2324 ex
1424 2269 1583 2324 indubitatis

374 2356 449 2417 illus,
461 2355 489 2408 in
510 2354 611 2421 quibus
623 2355 700 2409 solus
717 2354 847 2408 sacerdos
871 2367 964 2408 sacru-
996 2358 1181 2414 monumentis
1185 2356 1367 2432 continuitatis.
1383 2358 1411 2409 s.
1422 2357 1583 2423 chrysosto-

375 2441 530 2496 mentaliter
541 2441 742 2506 communicat,
753 2446 783 2494 ιιι
799 2440 918 2506 privatas
936 2446 964 2494 et
996 2456 1059 2496 mus
1069 2442 1248 2509 reprehendit
1264 2454 1313 2496 eos
1324 2440 1371 2508 qui
1382 2443 1469 2496 semel
1480 2448 1582 2496 tantum

374 2526 611 2592 illicitesdamnut,
624 2526 795 2593 sedprobat,
806 2527 966 2593 atqueudeo
995 2529 1024 2583 ln
1037 2527 1360 2584 annocominunicaltant
1378 2544 1386 2579 :
1403 2527 1583 2592 «Quomodo,

374 2614 562 2676 commendut;
596 2612 732 2680 siqnidem
767 2613 822 2666 illae
853 2625 964 2678 quoquc
995 2613 1189 2681 inquies,ista
1210 2613 1392 2680 perpetimur,
1411 2626 1479 2667 cum
1500 2614 1583 2668 semel

375 2699 465 2756 llissae
481 2712 545 2754 uere
555 2711 716 2754 communes
728 2698 833 2752 censeri
847 2697 964 2762 debent,
996 2706 1103 2754 butum
1116 2713 1165 2766 per
1178 2711 1282 2752 annum
1302 2711 1335 2752 ea
1350 2699 1528 2752 Sacramenta
1539 2712 1585 2751 sn-

304 2782 311 2799 ⁹
374 2784 964 2853 partimqnodineispopulusspiritualber
996 2787 1187 2840 mamusilloc
1196 2798 1295 2851 nempe
1306 2790 1359 2849 eut,
1370 2784 1445 2851 quod
1461 2784 1585 2839 universa

375 2870 577 2933 communicet,
596 2870 694 2936 partim
713 2882 779 2927 tero
798 2870 873 2936 quod
885 2882 901 2923 a
913 2884 965 2936 pu·
997 2873 1157 2940 perturbet:
1170 2873 1236 2939 quie
1252 2884 1310 2927 non
1328 2870 1466 2925 munditia
1484 2870 1583 2932 animi,

375 2954 448 3009 blico
460 2953 588 3009 licclesiae
600 2954 892 3020 ministrononprose
905 2961 964 3009 tan-
1014 2972 1092 3012 erom
1123 2957 1266 3013 intervallo
1296 2955 1427 3023 temporis
1461 2955 1584 3023 longiore

377 3038 510 3103 tum,sed
519 3050 572 3105 pro
584 3037 964 3106 omnibnsunelinus,miiad
998 3049 1127 3098 constare
1138 3043 1266 3096 meritum
1286 3048 1382 3108 putas,
1394 3052 1584 3107 summamque

373 3135 474 3189 corpus
484 3122 581 3176 christi
591 3122 739 3189 pertinent,
748 3125 965 3179 celebrentur.»³
996 3128 1137 3183 arbitraris
1163 3127 1344 3186 retentioni
1363 3139 1396 3181 ac
1424 3127 1582 3193 religionem

378 3208 504 3275 «siquis
516 3207 630 3274 dixerit,
642 3208 963 3275 ltissasinquiltussolus
997 3228 1060 3269 esse
1072 3253 1082 3279 ,
1095 3215 1120 3267 si
1137 3225 1194 3268 non
1218 3213 1320 3279 saepius
1337 3212 1480 3267 coelestem
1502 3202 1584 3266 adeas

375 3293 504 3349 sacerdos
526 3295 757 3349 sacramentaliter
778 3298 964 3351 communicet
996 3314 1131 3355 mensam,
1145 3320 1158 3346 ι
1170 3299 1181 3333 ‘
1195 3302 1248 3352 an
1261 3312 1292 3353 se
1305 3298 1432 3353 bendere
1450 3298 1582 3354 beneficio

375 3378 567 3445 illicitasessc,
577 3379 695 3446 ideoque
706 3380 966 3449 abrogandasmna·
996 3387 1127 3441 diuinitus
1136 3385 1229 3439 oblato
1240 3385 1382 3452 queritur:
1396 3404 1409 3431 ι
1422 3387 1534 3440 Frustra
1544 3390 1583 3437 est

377 3466 467 3521 thema
480 3466 523 3521 sit
537 3466 573 3513 ι*
996 3472 1186 3538 quoudianunt
1206 3470 1385 3527 sacrificinm.
1407 3474 1517 3525 Frustra
1538 3469 1583 3524 ad·

585 3552 749 3616 Pr⁰ll⁰⁸ffilb
997 3565 1103 3611 stamus
1120 3557 1199 3611 altari
1215 3572 1222 3609 τ
1236 3570 1318 3613 nemo
1342 3564 1385 3611 est
1407 3558 1455 3625 qui
1476 3556 1583 3624 partici-

408 3636 497 3689 llissae
508 3636 536 3688 in
548 3636 735 3701 quibussolus
747 3636 877 3691 sacerdos
889 3651 963 3693 cont·
996 3650 1051 3711 pet.
1071 3644 1109 3690 »⁷
1127 3644 1205 3696 illum
1225 3645 1381 3697 Graecorum
1405 3643 1582 3709 plurimorum

376 3719 496 3775 munierit
513 3719 594 3773 licllae
608 3726 683 3775 snat.
996 3729 1150 3797 neglectum
1174 3727 1303 3795 reprobat
1332 3732 1429 3781 auctor
1457 3726 1582 3792 antiquus

402 3980 429 4034 [l]
440 3982 560 4025 himina.
570 3976 649 4025 emolii
666 3988 685 4025 t.
994 3991 1132 4034 monlon
1150 3990 1207 4031 iren
1222 3988 1302 4042 poelly
1314 3993 1338 4029 to
1352 3988 1466 4042 nontlrly,
1483 3998 1509 4030 οι·
1523 3999 1584 4041 coar

403 4052 517 4109 (ileliaily
526 4054 667 4096 communion
673 4066 720 4097 ouo
725 4055 849 4109 altogether
854 4058 957 4113 droppedr
993 4061 1064 4113 tuly,
1073 4072 1098 4101 or
1106 4060 1166 4099 tlircc
1178 4057 1241 4098 timer
1252 4057 1515 4106 intumescentes
1523 4058 1583 4099 rot-e

376 4126 393 4169 il
409 4125 428 4167 it
445 4124 535 4180 implico
545 4126 596 4179 only
605 4126 651 4167 tltat
660 4120 721 4168 thero
727 4138 779 4181 my
788 4128 813 4168 bc
822 4130 964 4171 communion
996 4127 1061 4180 ostbc
1068 4126 1213 4169 communion
1221 4125 1293 4177 dejoco
1301 4126 1350 4167 dod
1358 4126 1463 4178 ossertbc
1471 4126 1588 4179 chorraeos

374 4204 401 4233 οι
412 4193 461 4248 hely
471 4195 531 4248 dum
542 4194 637 4236 andtltot
652 4196 674 4236 in
684 4196 800 4237 Cethednl
807 4196 848 4237 and
857 4196 963 4250 Collegit·
995 4196 1032 4238 tir
1041 4196 1138 4249 titargy.
1147 4196 1218 4235 unct
1231 4198 1254 4235 ιι
1263 4221 1270 4246 ,
1278 4205 1301 4247 p.
1310 4200 1342 4236 lo.

374 4268 395 4301 te
411 4262 593 4316 chorchet,tlmre
611 4264 963 4317 shouldlretneeiclycommunlon3
1023 4266 1048 4318 ld)
1058 4266 1115 4307 scus.
1124 4263 1228 4316 uideop.
1237 4262 1266 4305 vi.
1281 4263 1456 4316 (tlibitlcnocau.
1465 4264 1515 4306 riii.

373 4328 412 4371 bnt
420 4342 448 4372 on
458 4332 494 4372 the
504 4332 566 4373 other
575 4332 632 4373 hand
641 4362 647 4386 ‚
657 4333 674 4373 it
684 4332 813 4386 tsprorided
827 4335 893 4375 that«
904 4336 967 4377 thero
1023 4334 1053 4387 (t).
1062 4349 1072 4371 ι
1080 4332 1126 4374 The
1138 4332 1246 4373 meritsoi
1252 4332 1349 4373 eumn
1358 4333 1426 4374 nerto
1435 4332 1453 4373 it
1466 4334 1501 4384 is,
1517 4332 1585 4375 which

374 4400 430 4441 shall
460 4401 487 4441 be
511 4412 539 4441 no
552 4401 964 4456 celebratlouoltirelorursupper„
998 4400 1388 4455 rtibloeprlnmboirteucerrinlol
1403 4401 1539 4453 world,und
1557 4412 1587 4441 re

374 4473 411 4509 not
419 4478 443 4509 us
451 4469 545 4521 belom
553 4470 627 4510 unless
632 4470 725 4513 thereos
733 4482 817 4522 contem
824 4470 876 4511 but«
885 4478 965 4525 except
997 4470 1125 4512 toinoGon'o
1133 4470 1181 4511 loro
1189 4470 1224 4510 ior
1232 4469 1268 4511 liir
1279 4470 1378 4511 count.
1389 4484 1400 4509 ι
1411 4472 1483 4512 Tract.
1492 4476 1524 4511 tii.
1531 4470 1587 4511 Doc-

374 4538 435 4579 lbere
452 4538 477 4578 be
498 4548 514 4579 a
530 4538 588 4591 good
602 4538 694 4580 number
702 4546 723 4581 ιο
739 4540 895 4581 communicate
910 4540 962 4583 ttitli
995 4539 1090 4592 trincos
1103 4540 1140 4581 tbe
1155 4539 1416 4591 umtaroucsamytrr
1433 4540 1585 4593 emtod,p.7.

373 4606 410 4645 tire
418 4606 512 4658 priests
528 4634 550 4647 ..
564 4633 570 4643 .
582 4622 592 4646 r
605 4606 643 4649 We
652 4609 705 4649 liare
715 4608 812 4651 followed
829 4608 958 4661 reformem,
1020 4608 1048 4662 (ι)
1057 4610 1121 4649 llont.
1130 4620 1151 4650 ι.
1165 4608 1187 4648 iu
1203 4608 1281 4648 l.‘l'irn.

373 4674 414 4715 und
433 4676 486 4718 bate
499 4677 593 4728 brought
610 4676 671 4718 doun
686 4689 727 4719 our
739 4678 880 4718 celebratione
892 4678 960 4719 oltlre
1020 4678 1048 4730 tl)
1058 4676 1121 4719 lion.
1130 4676 1160 4717 iit
1170 4676 1195 4717 itt
1205 4686 1239 4729 ep.
1253 4677 1280 4716 ad
1290 4678 1345 4729 Epi.
