3792 5550
646 1157 1019 1268 'iuncturus
1053 1161 1206 1271 xvii.

681 1604 734 1668 DE
758 1602 902 1670 saunis
926 1601 1160 1668 ORDINIBUS.

535 2389 639 2442 carui
658 2387 678 2438 l.
935 2387 1144 2453 caeremoniam,
1157 2401 1241 2455 quum
1251 2388 1285 2442 ab
1298 2401 1330 2444 eo
1343 2389 1462 2456 prolecta
1473 2391 1522 2452 sil,

935 2474 1086 2528 sentiemus
1110 2485 1167 2527 uon
1193 2487 1255 2527 esse
1281 2474 1422 2540 inutilem,
1439 2477 1524 2531 modo

431 2575 464 2614 uu
479 2572 633 2614 suasurum
652 2570 782 2610 murrone.
935 2558 963 2611 in
982 2558 1203 2624 superstitiosum
1223 2559 1340 2612 abusum
1360 2574 1416 2614 non
1438 2568 1524 2615 verta·

934 2646 988 2694 tur.
1002 2642 1036 2688 »²
1049 2645 1085 2696 lie
1107 2642 1276 2707 sacerdotio,
1294 2645 1374 2712 quale
1393 2651 1467 2699 tenet
1479 2649 1524 2700 Ec·

345 2737 369 2786 l.
389 2734 427 2786 lie
447 2730 501 2785 ritu
519 2730 567 2784 illo
589 2741 663 2782 nuno
687 2727 823 2796 agendum
845 2738 900 2793 quo
934 2726 1037 2791 oleam,
1058 2739 1164 2795 agens,
1190 2727 1282 2783 dieii:
1308 2747 1319 2779 r
1342 2731 1420 2783 Certe
1441 2730 1522 2785 nimis

307 2818 437 2875 homines
466 2817 501 2869 ad
529 2828 606 2880 saera
620 2860 622 2865 .
635 2827 749 2866 munera
773 2812 901 2867 obeunda
935 2812 1052 2879 improbi
1067 2818 1147 2877 sunt,
1169 2813 1234 2865 dum
1254 2816 1421 2869 sacramenti
1442 2817 1521 2871 titulo

309 2904 404 2960 idonei
422 2904 501 2957 ilunt.
512 2905 676 2956 Persuasum
692 2900 741 2953 luit
751 2899 800 2953 toti
813 2898 902 2953 Eeele·
934 2897 1067 2965 insignire
1087 2898 1198 2952 audent.
1218 2902 1352 2964 Quantum
1372 2893 1406 2954 ad
1426 2916 1520 2955 rerum

308 2995 359 3047 siae
383 2995 411 3044 et
435 2989 495 3045 orbi
518 2987 687 3050 christiano,
706 2986 741 3040 ad
767 2986 900 3047 saeculum
932 2984 1093 3051 presbyterii
1121 2997 1221 3037 munus
1243 2983 1357 3049 attinet,
1379 2990 1452 3052 uuoo
1474 3000 1521 3040 ore

308 3072 900 3143 usquedeeimumsextum‚essoquemdam
933 3069 1033 3123 Christi
1056 3069 1137 3123 nobis
1160 3076 1202 3123 est
1225 3071 1463 3133 commendatum,
1493 3072 1521 3123 li-

309 3174 451 3217 saororum
470 3160 660 3213 ministrorum
680 3160 825 3220 Ordinem,
848 3170 898 3224 po·
931 3154 1074 3209 bentereo
1087 3155 1148 3209 loeo
1163 3155 1260 3207 liabeo.
1281 3155 1421 3208 illieenim
1437 3168 1520 3209 eaere·

308 3238 407 3302 testate
416 3246 545 3300 divinitus
556 3245 702 3311 praeditum
710 3256 787 3297 saera
797 3242 899 3296 obeun·
930 3241 1023 3295 monia
1035 3246 1095 3304 est,
1109 3239 1226 3305 primurn
1238 3253 1271 3293 ex
1286 3240 1434 3308 seripturis
1447 3256 1519 3293 sum-

308 3332 460 3395 dimonia,
475 3343 579 3397 eosque
597 3329 707 3384 Ordinis
721 3330 897 3381 sacramento
931 3333 992 3393 pta,
1005 3326 1105 3380 deinde
1116 3338 1197 3393 quam
1207 3338 1263 3379 uon
1274 3339 1336 3381 esse
1348 3327 1457 3379 inanem
1469 3341 1521 3382 nee

308 3432 370 3474 eam
400 3419 534 3485 accipere.
561 3417 696 3469 Lutlrerus
723 3420 814 3467 umen
845 3412 898 3465 hoe
930 3424 1147 3478 supervacuam,
1178 3412 1226 3465 sed
1255 3411 1335 3465 tidele
1371 3411 1519 3478 spiritualis

307 3503 414 3560 vocavit
427 3523 439 3550 α
452 3506 639 3556 commentum
661 3498 801 3566 papistieae
820 3510 898 3564 syna·
931 3498 1025 3565 gratiae
1051 3497 1204 3565 symbolum
1228 3502 1344 3551 testatur
1365 3499 1465 3552 Paulus
1483 3502 1518 3564 (l.

306 3602 395 3657 gogae.
409 3587 440 3635 ι’
454 3587 725 3641 calvinusmauuum
746 3581 897 3649 impositio·
930 3584 999 3637 Tim.
1022 3582 1057 3639 iv.
1074 3583 1133 3651 tii.
1156 3583 1233 3649 Quod
1251 3588 1342 3639 autem
1363 3584 1472 3639 tertium
1490 3586 1518 3639 in

305 3688 370 3728 nem
389 3686 442 3741 qua
463 3686 562 3726 munus
584 3670 734 3739 presbyteri
753 3669 897 3751 tribuitur,
930 3683 1044 3724 numero
1060 3684 1115 3725 non
1128 3672 1221 3739 posui,
1235 3684 1268 3726 eo
1281 3672 1380 3726 laetum
1393 3674 1518 3739 estquod

305 3760 559 3812 intersaeramauta
567 3757 623 3811 lere
633 3756 783 3810 recensuit:
796 3758 897 3809 «Certe
929 3768 986 3810 nou
998 3756 1168 3810 ordinarium
1179 3770 1230 3810 nee
1240 3769 1387 3811 commuue
1396 3758 1518 3825 estapud

305 3843 373 3897 utile
387 3848 429 3896 est
445 3842 578 3908 amnuit,
595 3861 612 3891 o
622 3840 757 3908 eiusmodi
770 3840 895 3907 symbolo
929 3855 1027 3896 omnes
1039 3844 1147 3904 fideles,
1163 3842 1211 3895 sed
1225 3842 1259 3895 ad
1279 3848 1381 3897 eertum
1402 3843 1518 3898 lunello-

305 3942 369 3983 eum
381 3926 525 3979 ministerii
536 3926 696 3993 dignitatem
708 3926 810 3991 populo
822 3938 897 3979 oom-
928 3939 993 3979 uem
1006 3926 1132 3992 specialis
1144 3926 1222 3978 ritus.
1237 3925 1272 3972 »⁸

306 4011 448 4075 manuari,
469 4015 528 4066 tum
544 4023 607 4063 eum
628 4009 675 4075 qui
694 4008 837 4062 ordinatur
848 4008 896 4061 ad·
962 4010 987 4060 2.
1008 4011 1029 4061 Α
1048 4008 1151 4063 Caluini
1169 4008 1294 4074 placitis,
1312 4010 1458 4074 Ordinem,
1478 4011 1516 4063 uti

304 4096 432 4161 moueri,
446 4092 535 4161 rosum
549 4095 606 4160 jam
616 4106 672 4146 nou
683 4105 744 4149 esse
756 4092 894 4159 suijuris,
929 4093 1039 4159 liquet,
1076 4096 1280 4146 sacramentum
1315 4095 1516 4162 agnoscentis,

304 4184 355 4239 sed
374 4183 429 4236 lieo
446 4186 473 4234 et
486 4179 615 4234 Ecclesiae
630 4179 660 4229 in
677 4176 835 4232 servitutem
847 4177 895 4230 ad·
928 4178 1053 4245 quamvis
1070 4178 1105 4233 ola
1124 4178 1231 4231 sutilem
1245 4179 1312 4232 saris
1322 4178 1453 4233 rationem
1466 4186 1516 4233 ter·

302 4271 418 4324 dietum.
439 4270 572 4321 Praeterea
594 4277 650 4318 uon
672 4264 725 4317 erit
752 4263 833 4317 inane
861 4263 895 4317 si·
929 4266 998 4318 tium
1025 4275 1081 4319 nou
1111 4263 1305 4330 appellaverit,
1330 4264 1517 4319 discesserunt

302 4368 405 4423 gnum,
417 4353 440 4406 si
454 4353 481 4405 in
493 4364 651 4421 germanam
663 4363 742 4405 suam
758 4349 894 4417 originem
928 4350 975 4415 qui
999 4349 1066 4401 alias
1088 4350 1251 4416 plerumque
1279 4362 1341 4403 eum
1365 4348 1516 4416 sequuntur

301 4439 459 4494 restitutum
478 4438 569 4492 luerit.
587 4441 653 4491 llam
670 4437 693 4489 si
707 4435 775 4488 nihil
794 4436 892 4489 trustra
926 4435 1034 4490 ducem.
1057 4434 1240 4487 ordinationis
1266 4434 1413 4499 quemdam
1433 4435 1515 4490 ritum

300 4523 417 4592 Spiritus
436 4522 482 4577 uei
500 4523 528 4575 iu
545 4522 665 4577 lioelesia
678 4521 810 4587 instituit,
821 4522 892 4575 haue
925 4522 1048 4589 plerique
1061 4520 1231 4586 retinent,in
1245 4532 1300 4587 quo
1313 4526 1402 4575 tamen
1413 4522 1514 4575 nullam

330 4810 357 4859 tt)
371 4806 392 4847 l..
401 4806 429 4847 tie
437 4805 515 4858 captiv.
525 4803 626 4858 morton
847 4801 852 4810 '
949 4804 979 4855 (t)
989 4803 1041 4845 luat.
1049 4803 1065 4845 l.
1073 4802 1102 4844 iv.
1112 4813 1132 4843 e.
1141 4801 1174 4843 iii.
1183 4784 1206 4844 ιζ
1215 4808 1245 4844 lu.
1261 4800 1289 4856 (ὅ)
1305 4802 1358 4845 tiit.
1373 4814 1391 4845 c.
1400 4802 1441 4867 air.
1451 4812 1472 4841 n.
1482 4805 1506 4841 at
