3792 5550
382 573 416 625 ⁴⁰
774 569 887 620 nater.
906 564 947 615 xi.
965 550 1188 613 nestoriano.

382 702 474 744 smum
484 689 599 743 liberum
614 697 693 749 esse,
704 684 757 737 boc
770 688 832 748 est,
846 694 902 735 non
920 692 965 732 ne
997 677 1076 727 aucta
1088 673 1130 721 est
1144 663 1274 719 credendi
1284 663 1312 715 iu
1324 662 1510 726 nativitatem,
1522 676 1591 729 pas·

382 778 530 833 cessarium
540 772 574 825 ad
585 770 713 831 salutem3
724 769 867 821 anathema
875 766 919 818 sit.
931 762 963 810 »¹
996 758 1121 816 sionem,
1142 750 1429 816 resurrectionemque
1448 751 1526 817 ejus,
1543 750 1593 802 ad·

590 856 751 922 Proporitto.
996 844 1051 897 dita
1072 846 1113 893 est
1134 837 1274 904 ampliatio
1294 838 1494 900 sacramento,
1514 834 1592 889 obsi-

417 944 566 1011 baptismus
584 947 626 996 est
647 941 820 995 necessarius
837 938 872 992 ad
891 936 962 989 salu·
994 928 1088 997 gnutio
1103 924 1242 993 baptismi,
1252 923 1448 977 vestimentum
1458 920 1592 987 quodem-

383 1042 445 1087 rem.
995 1013 1079 1067 modo
1091 1011 1169 1073 fidei,
1185 1022 1247 1076 quae
1261 1013 1334 1061 retro
1347 1012 1406 1060 erat
1423 1007 1516 1071 nuda,
1535 1018 1590 1059 nec

413 1116 472 1171 teo.
486 1111 626 1167 Probatur
638 1116 662 1165 1.
678 1106 875 1175 exscriptoris.
888 1100 962 1154 Cbri·
995 1101 1087 1166 potest
1096 1098 1153 1164 jam
1165 1095 1225 1147 sine
1235 1106 1285 1146 sua
1296 1093 1366 1159 lege.
1383 1093 1437 1144 Lex
1447 1090 1521 1143 enim
1535 1090 1590 1143 tin·

380 1206 439 1255 stus
452 1200 601 1255 llicodemo
612 1200 680 1253 dixit
694 1198 797 1262 absque
808 1203 877 1245 nora
890 1188 964 1240 nati·
996 1182 1097 1253 guendi
1115 1178 1241 1247 imposita
1252 1183 1307 1241 est,
1319 1181 1346 1230 et
1363 1176 1450 1229 forma
1462 1176 1590 1242 prescri-

380 1286 462 1341 vitate
477 1286 617 1340 neminem
633 1297 714 1353 posse
730 1291 841 1347 reguum
859 1275 906 1327 bei
919 1274 964 1325 in·
996 1274 1041 1335 pta
1054 1283 1060 1318 :
1075 1282 1091 1315 n
1102 1266 1158 1329 lte,
1173 1284 1184 1310 υ
1205 1262 1294 1328 iuquit
1308 1282 1320 1308 u
1334 1261 1430 1314 docete
1445 1261 1590 1325 nationes,

381 1371 470 1439 gredi3
489 1385 606 1439 eumque
624 1369 779 1433 contingere
794 1360 896 1414 nemini
908 1359 963 1411 nisi
996 1369 1013 1400 n
1026 1350 1183 1417 tinguentes
1195 1358 1242 1399 eas
1251 1346 1279 1398 in
1291 1356 1393 1397 nomen
1404 1343 1502 1407 Patris,
1514 1343 1593 1397 etui-

381 1470 453 1524 (φη
465 1463 494 1512 θ(
507 1458 608 1524 spirim
624 1457 717 1508 ,aneto
731 1466 738 1502 :
757 1452 871 1509 «tmen,
882 1456 963 1497 amen
1000 1458 1013 1485 s
1027 1436 1071 1501 lii,
1084 1442 1111 1489 et
1125 1433 1241 1501 spiritus
1250 1432 1371 1485 sancti.»
1388 1431 1456 1484 lluic
1469 1431 1523 1498 legi
1533 1431 1591 1485 col-

381 1544 443 1597 dico
463 1543 528 1607 tibi,
553 1542 605 1595 nisi
625 1536 686 1606 quis
703 1536 814 1587 renatus
831 1528 913 1581 tuerit
929 1540 963 1581 ex
997 1525 1051 1577 leta
1068 1521 1191 1577 delinitio
1209 1520 1254 1573 illa
1272 1518 1373 1572 :sllisi
1396 1520 1458 1585 quis
1475 1524 1591 1573 renatus

383 1642 453 1695 aqua
465 1634 492 1681 et
505 1628 606 1694 spirim
620 1624 728 1679 sancto,
748 1626 804 1668 uou
816 1617 906 1679 potest
921 1613 964 1666 in·
996 1629 1013 1660 »
1024 1610 1106 1663 fuerit
1115 1624 1148 1661 ex
1160 1620 1231 1673 aqua
1243 1612 1270 1661 ot
1279 1606 1396 1673 Spiritu,
1407 1618 1463 1659 non
1474 1606 1591 1659 intrabit

382 1717 467 1770 troire
480 1715 509 1766 in
520 1722 633 1779 reguum
649 1704 706 1768 liei.
721 1722 734 1749 ι
747 1700 759 1735 ²
770 1698 896 1753 conditio
913 1699 964 1765 igi·
997 1714 1013 1744 >2
1027 1695 1055 1747 in
1072 1707 1187 1761 regnum
1200 1694 1374 1755 coelorum;r
1395 1692 1541 1746 obstrinxit
1557 1690 1592 1743 fi-

383 1808 427 1854 tur
437 1802 480 1854 est
496 1813 512 1852 u
525 1796 628 1851 cbristo
640 1792 738 1843 statuta
750 1815 759 1850 ,
771 1798 825 1852 qua
839 1798 896 1839 non
913 1785 964 1837 im·
997 1780 1061 1833 dem
1077 1779 1112 1832 ad
1129 1778 1260 1844 baptismi
1277 1777 1480 1831 nenessitatem.
1494 1778 1591 1843 ltaque

384 1889 472 1955 pieta,
490 1882 564 1951 regui
582 1873 699 1932 coelestis
712 1884 769 1924 uon
785 1870 966 1937 patetintroi·
998 1860 1592 1930 omuesexindccredentostiuguebauturn⁸

385 1978 441 2028 tus.
456 1971 549 2026 verbis
564 1956 728 2032 perspicuis,
741 1956 865 2023 singulos
880 1956 966 2009 bomi·
998 1950 1115 2002 Excusat
1125 1948 1255 2015 baptismi
1269 1948 1366 2000 alaico
1376 1945 1593 1999 administratio·

386 2073 436 2114 nes
461 2044 714 2119 complectentibus,
737 2041 895 2095 enuntiatur
919 2041 965 2093 ille
983 2040 1062 2088 'uem
1090 2034 1126 2087 ob
1155 2033 1336 2100 periclitantis
1366 2031 1554 2084 conditionem
1583 2048 1590 2083 :

386 2145 478 2213 glorie
489 2130 664 2199 assequendae
675 2126 806 2180 conditio.
1001 2138 1014 2167 α
1037 2122 1113 2173 Tunc
1132 2119 1206 2172 enim
1227 2116 1381 2171 constantia
1402 2117 1605 2170 succurrentis¹

416 2230 472 2279 1811.
491 2217 632 2288 apostolos
653 2213 765 2265 mittens
780 2211 965 2264 Gbristusba·
999 2206 1147 2272 excipitur,
1177 2218 1240 2259 cum
1269 2209 1349 2269 urget
1384 2202 1592 2255 circumstantia

383 2314 511 2381 ptlsmum
524 2301 651 2359 omuibus
661 2298 743 2365 jussit
757 2297 941 2350 administrari
955 2310 964 2347 .·
998 2290 1193 2358 periclitantis:
1207 2288 1338 2355 quoniam
1349 2300 1413 2341 rous
1426 2288 1478 2341 erit
1489 2288 1592 2353 perditi

384 2414 398 2444 s
416 2397 515 2447 Sontes
532 2398 599 2451 ergo
617 2383 715 2437 docete
734 2394 831 2435 omnes
851 2387 964 2454 gentes,
998 2376 1128 2442 bominis,
1141 2376 1164 2429 si
1175 2373 1361 2442 supersederit
1373 2374 1592 2439 praestarequod

381 2478 544 2546 baptizantes
556 2479 613 2522 eos.
629 2468 748 2534 »³llrgo
765 2471 893 2520 tenentur
905 2478 967 2519 om·
998 2463 1096 2530 potuit.
1111 2461 1143 2509 »⁷

382 2579 431 2620 ucs
444 2559 609 2627 baptismum
626 2554 776 2619 suscipere.
791 2555 857 2605 liam
871 2552 967 2605 condi·
1033 2548 1089 2602 189.
1101 2547 1249 2615 Scyrillus
1258 2546 1522 2614 Hierosolymitauus
1534 2545 1589 2600 eit:

382 2654 481 2707 tionem
495 2656 557 2697 esse
572 2642 669 2695 salutis
684 2639 847 2707 significavit
862 2652 902 2690 :a
917 2639 965 2705 qui
1001 2650 1014 2678 α
1027 2632 1054 2684 Si
1067 2632 1128 2698 quis
1140 2644 1197 2685 non
1208 2630 1379 2696 baptizatur,
1398 2628 1513 2681 salutem
1531 2640 1592 2683 uon

382 2732 540 2792 crediderit,
559 2733 587 2782 et
598 2728 749 2796 baptizatus
762 2725 858 2791 fuerit,
872 2726 966 2780 salvus
998 2719 1096 2784 babet,
1109 2723 1208 2786 praeter
1221 2717 1297 2769 soloe
1308 2722 1440 2782 martyres
1449 2750 1457 2779 ,
1467 2713 1514 2780 qui
1529 2713 1592 2767 siue

382 2821 439 2875 erit.
460 2835 472 2865 s
491 2816 503 2850 ⁸
523 2818 633 2867 Frustra
653 2813 737 2880 igitur
755 2812 809 2865 sibi
827 2813 967 2866 blanditur
999 2819 1068 2872 aqua
1080 2816 1165 2872 regno
1176 2803 1281 2856 coelesti
1291 2801 1441 2868 potiuntur.
1453 2799 1489 2846 »⁸
1571 2844 1574 2850 .

380 2905 494 2973 quisque
504 2902 540 2954 de
553 2899 618 2963 tide,
627 2899 680 2952 nisi
695 2899 863 2964 baptismum
878 2901 966 2954 susci.
1031 2892 1090 2943 191).
1102 2887 1295 2941 S.bmbrosius
1305 2883 1524 2938 circumcisionis
1534 2897 1592 2953 my-

379 2992 443 3060 piat.
462 2991 518 3042 lloc
535 2984 653 3050 adultis,
671 2986 772 3052 quibus
787 2987 964 3053 praedicatum
998 2975 1111 3030 sterium
1133 2974 1161 3024 in
1179 2971 1343 3036 baptismate
1357 2968 1464 3034 impleri
1480 2967 1565 3022 docet
1584 2985 1592 3021 :

379 3075 459 3130 ruem
473 3073 667 3141 evangelum,
686 3073 853 3139 napusmnm
871 3075 905 3127 au
921 3087 966 3127 sa·
1001 3063 1058 3113 «tt
1073 3055 1256 3117 domesticus,
1276 3053 1492 3119 sentientiam,
1510 3055 1592 3120 etiu-

378 3164 462 3214 1utem
474 3159 659 3213 necessarium
669 3169 733 3212 esse
745 3159 889 3214 manifesto
901 3171 965 3225 pro.
998 3151 1057 3198 stus
1076 3148 1103 3196 et
1121 3147 1249 3208 peccator
1268 3139 1478 3192 circumcidatur
1495 3139 1591 3192 remis·

377 3248 434 3300 but.
452 3247 492 3298 ild
510 3245 630 3297 infantes
642 3245 716 3310 quod
730 3246 863 3312 pertinet,
878 3255 963 3310 quum
997 3231 1075 3284 810118
1096 3235 1296 3296 1601310Γῦ11,
1317 3231 1347 3280 ῑῑῑ
1364 3233 1508 3294 peccalum
1532 3241 1589 3280 non

378 3331 445 3383 sues
461 3337 489 3384 er
507 3330 660 3396 baptismus
680 3332 775 3385 saluus
792 3331 963 3386 conuictores
997 3321 1125 3382 operetur
1141 3315 1277 3383 amplius,
1292 3313 1357 3381 qula
1367 3326 1450 3366 nemo
1464 3313 1590 3367 ascerus

377 3421 554 3479 statuentur,
579 3413 660 3468 tidem
683 3423 773 3470 autem
794 3417 830 3470 ob
854 3418 963 3468 aetatem
997 3403 1026 3454 in
1042 3415 1158 3470 regnum
1182 3402 1332 3465 ssoelOlUssl,
1355 3399 1407 3452 nisi
1424 3411 1474 3466 l)er
1492 3401 1589 3452 53113·

377 3503 429 3568 ipsi
446 3507 585 3568 nequeant
599 3502 715 3568 trabere,
729 3504 896 3570 baptismum
909 3498 964 3552 sal·
997 3494 1119 3541 menium
1129 3489 1312 3554 Baptismus·
1325 3507 1336 3534 ’
1351 3486 1466 3540 lssferills
1478 3485 1513 3538 de
1525 3497 1589 3551 P00·

377 3594 433 3640 tem
442 3588 495 3639 illis
502 3598 563 3640 esse
573 3589 757 3642 necessarium
776 3587 848 3639 baud
860 3592 964 3638 temere
997 3579 1090 3627 ⁰³i⁰l⁰
1104 3573 1170 3626 dicit
1184 3587 1191 3624 τ
1212 3591 1224 3618 ¹
1244 3573 1341 3626 uenus
1357 3585 1415 3624 suae
1430 3569 1589 3624 adscribere

376 3673 570 3736 conciuditur,
589 3683 624 3724 ue
637 3674 712 3726 omni
723 3673 759 3726 ed
770 3671 887 3723 salutem
898 3681 964 3722 cou-
997 3659 1079 3712 debet
1096 3660 1235 3722 infassiiaer
1255 3658 1330 3724 quod
1347 3657 1474 3710 incautus
1491 3655 1543 3708 suit
1560 3660 1589 3708 θῑ

376 3758 479 3813 ditione
490 3772 583 3812 carere
594 3757 747 3812 videantur.
997 3747 1195 3822 intomperans,
1207 3745 1249 3798 vel
1257 3743 1450 3797 remissionem
1463 3747 1589 3809 peccato·

411 3842 666 3898 conmoratus.
687 3857 723 3897 ee
740 3843 859 3896 Petrum
878 3839 965 3892 tructi-
998 3845 1059 3886 rum
1080 3845 1132 3886 nec
1151 3831 1314 3898 acquisivit:
1331 3849 1344 3877 s
1360 3829 1414 3882 llisi
1433 3829 1506 3881 enim
1525 3828 1589 3894 quis

376 3930 456 3982 tione.
476 3933 595 3983 ireneus
614 3932 650 3984 dc
668 3933 775 3984 iavacro
795 3930 823 3979 et
847 3925 964 3990 Spiritus
997 3940 1009 3966 a
1023 3925 1136 3974 renatus
1149 3919 1230 3972 luerit
1242 3931 1273 3970 ex
1287 3929 1356 3984 aque
1369 3923 1397 3969 et
1410 3915 1511 3982 Spiritu
1524 3925 1590 3966 sen·

377 4017 462 4081 gratia
473 4017 555 4070 dicit:
572 4011 962 4082 «Utraquenecessariamum
998 4009 1088 4070 reto,
1106 4017 1163 4058 non
1184 4009 1276 4070 potest
1294 4002 1406 4056 introire
1425 4002 1453 4052 in
1472 4009 1589 4067 regnum

377 4108 492 4168 utraque
502 4103 647 4170 proficiant
657 4103 686 4154 in
697 4101 780 4154 ritum
793 4097 850 4150 bei.
864 4096 897 4143 »⁸
997 4112 1009 4139 r
1026 4089 1080 4145 bei.
1092 4110 1104 4138 a
1120 4089 1216 4156 illique
1230 4089 1337 4140 nullum
1350 4085 1464 4152 excipit,
1477 4095 1534 4138 non
1544 4084 1590 4136 in-

411 4190 468 4241 188.
483 4189 665 4242 Tertullianus
677 4186 715 4238 ait
732 4200 738 4236 :
753 4205 765 4229 «ι
778 4185 871 4236 Fuerit
888 4184 963 4236 salus
996 4179 1118 4243 fantem,
1132 4189 1188 4232 uon
1201 4177 1292 4242 aliqua
1305 4178 1475 4241 preventum
1490 4183 1589 4224 neces-

377 4280 501 4341 retroper
512 4276 593 4327 tidem
603 4272 704 4324 nudam
715 4275 779 4322 ente
788 4268 895 4321 bomini
905 4280 964 4334 pas·
998 4265 1087 4318 sitate.
1098 4265 1133 4313 »⁹

284 4411 288 4418 .
375 4358 481 4414 sionem
492 4368 520 4415 et
532 4357 760 4412 resurrectionem
772 4370 778 4406 ι
792 4359 820 4407 at
832 4353 879 4406 ubi
892 4353 964 4405 fides
1032 4351 1090 4402 191.
1104 4352 1132 4401 S.
1144 4345 1310 4414 Augustinus
1322 4347 1456 4414 majorum
1473 4353 1591 4396 suorum

399 4593 427 4644 (1)
438 4593 498 4635 Sese.
506 4589 632 4632 ilicem.
640 4587 667 4628 de
675 4586 793 4640 baptismo.
1022 4580 1050 4634 (o)
1064 4580 1088 4621 l..
1096 4580 1123 4621 de
1132 4579 1242 4633 Baptiamo
1254 4587 1273 4617 c.
1282 4576 1327 4616 xiii.

400 4664 427 4714 (1)
437 4665 500 4703 loen.
509 4659 541 4700 111.
550 4658 605 4711 1.(1)
615 4660 665 4700 1111.
671 4658 741 4701 uriil.
753 4663 783 4699 te.
1022 4651 1052 4704 (1)
1065 4650 1147 4691 ibidem
1156 4661 1176 4690 c.
1185 4647 1237 4690 xrii.

400 4734 428 4781 (1)
436 4732 501 4771 ldarc.
508 4727 549 4768 xvi.
560 4733 592 4766 11.
1021 4719 1048 4773 (11)
1058 4719 1146 4762 Catech.
1153 4719 1185 4760 rii.

396 4800 429 4852 (11)
439 4800 465 4839 t.
472 4798 504 4838 111.
514 4796 563 4837 adr.
573 4795 625 4836 her.
634 4809 653 4838 e.
661 4797 702 4838 xix.
1021 4790 1049 4842 (1)
1058 4791 1082 4832 L.
1091 4790 1117 4831 de
1126 4789 1161 4830 hie
1168 4787 1206 4840 qui
1213 4785 1353 4828 initienturo.
1362 4784 1391 4824 xi.
