3792 5550
352 556 404 609 oud
659 542 774 598 timer.
793 537 870 590 xvii.
889 538 931 588 litt
950 533 1063 586 stcnls
1086 531 1268 585 enutristis

356 673 468 729 natione
485 664 645 725 derivandi,
659 661 683 713 si
700 658 770 710 illios
781 654 882 707 babeat
892 653 944 705 bo·
978 650 1079 703 dentur
1091 649 1285 714 interrogasse.
1302 649 1339 699 be
1361 645 1442 699 iaicis
1473 645 1583 712 ageba-

354 754 663 814 nismorilxusornatos,
675 744 783 809 sibique
800 741 942 803 obtempe·
979 743 1024 791 tur
1042 736 1117 789 nulla
1136 734 1248 801 speciali
1266 733 1447 787 continentiae
1460 733 1523 799 lege.
1534 733 1583 784 rel

356 852 458 900 rantes.
478 845 561 893 Nemo
575 832 707 899 suspicari
721 828 820 896 poterit
831 829 945 891 sposto-
978 826 1044 877 roto
1055 820 1193 873 adstrictis
1206 835 1214 881 3
1234 820 1355 884 ideoque
1372 820 1456 872 docet
1465 822 1584 883 xposto

356 916 809 994 lumexigereutnxorembabeat
829 916 857 964 et
876 910 946 963 illios
980 910 1024 961 lus
1033 908 1166 973 optimum
1178 919 1240 959 esse
1251 906 1275 957 si
1285 905 1348 971 quis
1358 905 1471 970 pictatis
1486 902 1583 956 studio
1638 937 1641 943 -

355 1021 489 1086 procreet,
498 1009 572 1076 quod
587 1006 700 1059 adnotat
711 1001 770 1065 ipse
782 994 947 1051 llcsenmiil·
981 994 1097 1047 aceruis
1107 994 1246 1058 voluptate
1257 991 1373 1044 omnino
1384 1004 1416 1043 se
1428 990 1583 1051 abstineat,

356 1107 397 1158 ler
418 1122 425 1151 ι
446 1118 462 1147 o
482 1099 615 1149 caeterum
639 1090 699 1141 bac
718 1084 800 1139 verba
825 1077 946 1146 Apostoli
981 1080 1030 1132 sed
1044 1078 1159 1131 liberam
1173 1078 1323 1142 unicnique
1344 1076 1465 1141 relinqui
1485 1075 1582 1127 matri-

357 1202 412 1242 non
429 1185 554 1249 exigunt,
577 1183 608 1229 nt
621 1174 763 1242 presbyter
772 1180 885 1221 uxorem
895 1164 946 1216 ba·
981 1165 1067 1218 monii
1085 1163 1197 1217 ineundi
1211 1163 1383 1221 facultatem,
1406 1166 1582 1226 etpraestare

356 1276 438 1334 bear,
462 1274 508 1321 aiut
530 1261 672 1321 babuerit,
691 1257 739 1311 sed
758 1254 787 1307 id
806 1250 946 1318 permisit,
983 1252 1087 1305 nubere
1109 1262 1192 1315 qnam
1210 1232 1409 1314 cupiditatibus
1425 1260 1458 1299 se
1470 1245 1579 1297 manci-

358 1362 422 1414 dum
441 1368 476 1409 ne
493 1356 585 1420 plures
602 1360 655 1401 una
668 1341 803 1397 babuerit.
823 1338 856 1387 »¹
882 1339 947 1400 Quas
982 1350 1064 1403 pare,
1075 1334 1215 1401 pudicitiae
1226 1333 1335 1387 violatis
1347 1332 1468 1398 legibus.
1484 1352 1498 1377 ι
1512 1334 1582 1383 Pan·

356 1448 391 1500 dc
411 1440 594 1511 permissione
605 1434 673 1487 dicit
692 1431 736 1483 bic
747 1430 899 1491 interpres,
913 1422 947 1475 iis
983 1424 1026 1475 lus
1044 1422 1206 1487 Apostolus,
1220 1440 1231 1464 ι
1246 1419 1440 1471 animadvertit
1451 1418 1578 1478 Grotius,

358 1545 420 1599 quae
448 1527 566 1580 diximus
592 1516 753 1583 corrigenda
788 1516 868 1571 sunt3
897 1521 949 1561 nec
982 1508 1018 1559 de
1028 1505 1082 1558 iilia
1092 1505 1225 1558 tradenda
1246 1504 1347 1566 viro‚«
1360 1503 1388 1555 id
1402 1515 1461 1556 nou
1476 1503 1581 1568 impro-

360 1618 432 1673 enim
455 1614 562 1665 constat
578 1604 736 1671 Apostolum
753 1596 952 1665 permisissent
983 1592 1030 1645 bat
1042 1606 1049 1652 ;
1062 1590 1171 1657 praeiert
1183 1589 1375 1642 tamen·vitam
1395 1586 1577 1652 virginalem,

358 1704 509 1769 Episcopus
524 1692 616 1748 uxoris
633 1685 773 1743 consortio
790 1682 842 1735 irni
853 1692 950 1746 perge·
984 1678 1007 1731 si
1017 1683 1045 1731 et
1059 1678 1118 1742 ipsa
1129 1677 1210 1737 uelit,
1230 1682 1258 1727 et
1270 1680 1410 1740 parentes.
1424 1673 1462 1720 »ὅ
1476 1676 1515 1725 be
1527 1673 1583 1726 cle-

360 1794 412 1842 ret.
983 1762 1278 1817 ricornmconttnentia
1292 1774 1348 1814 non
1361 1766 1422 1813 erat
1440 1761 1580 1825 quaestio,

395 1874 452 1924 189.
475 1866 536 1932 obj.
560 1867 586 1916 d.
611 1860 639 1913 Si
659 1856 767 1912 clericis
779 1866 836 1907 non
853 1852 951 1905 liceret
983 1851 1033 1903 sed
1041 1848 1198 1902 verosimile
1209 1854 1253 1899 est
1263 1860 1296 1899 ex
1308 1860 1353 1907 ea,
1365 1853 1394 1899 et
1402 1860 1436 1898 ex
1447 1845 1578 1899 laudibus

360 1970 459 2013 uxores
473 1952 629 2017 suscipere,
647 1947 748 1997 mirum
772 1945 814 1993 est
835 1938 949 1991 Paulum
984 1936 1085 2002 quibus
1116 1933 1256 2000 virgineus
1278 1936 1367 1983 Status
1390 1918 1584 1993 efferebatur,

361 2047 395 2098 de
413 2056 447 2096 oo
470 2038 599 2099 siluisse,
622 2031 796 2084 rimoxnoum
817 2030 844 2078 et
860 2022 951 2074 Titum
984 2022 1157 2077 occasionem
1170 2017 1585 2072 corrnrxrrsouomouuuaoor

377 2132 531 2184 doeeniem·
985 2106 1169 2169 utrumculpa
1187 2104 1279 2168 aliqua
1309 2102 1379 2155 ieret
1401 2103 1470 2153 inire
1488 2104 1585 2155 matri·

398 2217 454 2267 190.
470 2214 549 2273 llesp.
563 2210 600 2259 lie
610 2217 705 2258 eorum
727 2200 837 2254 dotibus
855 2195 900 2262 qui
916 2194 951 2247 ad
985 2192 1124 2253 monium,
1137 2190 1180 2242 vel
1194 2190 1254 2255 ejus
1269 2187 1380 2255 juribus
1392 2187 1441 2239 uti.
1457 2187 1584 2241 elericos

362 2298 543 2355 ministerium
560 2289 679 2357 eligendi
692 2292 770 2340 erant
778 2284 876 2351 agebat
885 2284 954 2346 Apo·
985 2294 1041 2333 non
1062 2276 1200 2344 possead
1221 2276 1290 2327 iilud
1310 2274 1395 2326 veruti
1425 2274 1583 2326 remedium

362 2388 450 2445 tolus,
464 2381 583 2444 ideoque
605 2376 642 2427 de
664 2375 724 2439 lege
748 2382 801 2436 qua
822 2366 952 2433 probibe-
985 2365 1148 2431 coningere,
1162 2372 1345 2427 quaecumque
1362 2360 1585 2425 eospnlsettcn·

361 2477 454 2527 rentur
467 2461 655 2522 matrimonio,
679 2461 741 2524 post
758 2454 873 2508 ordines
892 2464 953 2504 sus·
986 2451 1066 2510 tatio,
1079 2462 1113 2501 ex
1133 2448 1218 2501 totius
1236 2444 1409 2510 antiquitatis
1417 2444 1546 2496 moribus
1556 2448 1582 2494 ot

362 2564 470 2625 coptos,
496 2564 559 2606 eum
583 2546 692 2601 siluisse
704 2543 803 2596 mirum
823 2543 952 2597 aurosa
987 2537 1149 2591 auctoritare
1165 2532 1331 2592 diaretorum
1352 2530 1475 2596 ruooouo
1489 2530 1583 2582 oreos

362 2642 514 2713 praesertim
541 2648 626 2702 quum
643 2631 803 2684 Timotheus
829 2630 856 2677 et
876 2623 954 2676 Titus
987 2636 1043 2676 uon
1067 2634 1128 2675 esse
1144 2617 1288 2671 reserenda
1311 2630 1374 2682 quae
1392 2616 1428 2669 de
1455 2616 1581 2668 fidelibus

363 2724 550 2786 ordinatorum
575 2730 659 2774 onera
690 2718 745 2782 jam
772 2716 902 2766 nossent.
922 2721 954 2762 ea
988 2706 1277 2779 universisdpostolus
1290 2704 1366 2756 dicit.
1378 2704 1507 2756 Proiecto
1519 2701 1584 2755 alias

363 2813 453 2868 0d00fi
468 2813 533 2863 dum
546 2807 596 2872 ipsi
607 2805 641 2856 ad
652 2799 834 2854 ministerium
846 2808 953 2850 sacrum
988 2795 1070 2851 tradit
1078 2793 1244 2857 viduasque
1256 2797 1351 2844 votum
1364 2790 1502 2842 castitatis
1513 2803 1585 2841 nun-

362 2900 581 2954 assumefssssfflf·
988 2879 1164 2946 cupaverint,
1179 2877 1202 2928 si
1215 2883 1312 2941 postea
1326 2876 1493 2940 nupserint,
1505 2876 1533 2927 in
1545 2875 1584 2927 in-

396 2985 453 3034 ¹9¹·
474 2976 533 3042 001⁸·
552 2977 578 3026 4·
600 2971 747 3037 Apostolus
768 2968 803 3020 de
821 2965 955 3019 coelibatu
988 2966 1097 3020 teritum
1110 2977 1204 3024 ruere,
1218 2963 1254 3015 ob
1267 2962 1398 3016 uiolatam
1409 2961 1495 3014 iidem
1509 2963 1584 3015 cbri.

364 3081 458 3138 agens,
469 3077 532 3118 eum
542 3058 759 3122 uniuscujusque
770 3051 882 3104 arbitrio
891 3050 956 3102 reli·
989 3058 1031 3104 sto
1044 3049 1286 3116 prosedamum
1306 3048 1414 3101 feruore
1427 3048 1514 3099 animi
1533 3050 1586 3100 ela·

364 3147 562 3208 ctnminnnit,
575 3149 602 3196 et
612 3141 737 3208 quamvis
749 3138 785 3192 ob
797 3138 956 3203 ingruentes
989 3142 1025 3189 tae
1034 3135 1140 3188 deliciis
1153 3133 1265 3199 spiritus
1282 3133 1459 3186 fruerentur:
1471 3140 1500 3186 et
1517 3134 1583 3187 ado·

280 3273 284 3282 ·
364 3235 571 3309 persecutiones
584 3234 611 3284 et
625 3224 886 3282 vitaesolicitudines
898 3235 956 3274 me·
990 3220 1167 3275 lescentiores
1189 3219 1288 3271 viduas
1306 3218 1343 3271 ob
1362 3218 1389 3270 id
1412 3219 1529 3284 periculi
1547 3220 1581 3272 ad

364 3326 418 3380 lins
437 3323 503 3376 dicii
515 3317 654 3372 abstinere
676 3328 692 3366 a
712 3311 830 3378 nuptiis,
850 3310 956 3361 nullum
990 3305 1171 3360 ministerium
1183 3303 1586 3368 Ecclesimqnalodtaconjssae

363 3423 456 3468 tamen
478 3411 620 3474 peccatum
639 3400 745 3453 admitti
763 3400 843 3450 docet
856 3399 879 3448 si
893 3396 956 3462 quis
990 3392 1117 3450 obibant.
1137 3403 1193 3443 uon
1207 3403 1270 3442 esse
1287 3378 1476 3442 admittendas
1488 3391 1587 3452 jubet:

364 3513 411 3552 eas
426 3497 514 3554 ineat,
530 3487 682 3555 praesertim
702 3483 816 3536 libidine
829 3481 958 3534 cumdis·
993 3475 1254 3529 «Adolescentiores
1266 3481 1359 3526 antem
1371 3475 1470 3527 viduas
1485 3475 1585 3528 (levita,

364 3580 471 3638 crimini
496 3575 593 3628 salutis
612 3573 681 3623 alias
695 3571 833 3632 objectura
848 3582 854 3616 ε
870 3569 959 3619 «Pro.
991 3565 1058 3615 cnm
1072 3560 1144 3612 enirn
1159 3558 1302 3611 luxuriatae
1313 3559 1417 3612 fuerint
1428 3560 1457 3612 in
1469 3561 1590 3622 Christo,

365 3673 426 3732 pter
435 3657 643 3713 fornicationem
662 3659 752 3706 autem
766 3651 959 3716 unusquisqne
991 3647 1096 3698 nubere
1106 3645 1589 3708 volunt:babentesdamnationcm

300 3785 312 3802 .
366 3761 444 3803 suam
474 3753 584 3795 uxorem
616 3739 715 3791 babeat
737 3772 744 3786 .
768 3775 774 3786 .
796 3775 802 3788 .
822 3737 898 3800 Quod
933 3736 956 3788 si
990 3729 1394 3798 quiaprimamiidemirritam
1412 3730 1585 3785 feceruut.»‘

365 3845 422 3887 non
444 3843 474 3882 sc
486 3825 652 3884 'eontinent,
676 3822 789 3874 nubant.
809 3821 903 3872 idelius
915 3827 957 3873 est
991 3810 1070 3882 Quod
1086 3818 1121 3868 de
1131 3815 1324 3882 ingruentibus
1342 3817 1584 3882 persecutionibus

366 3917 437 3974 enim
450 3914 553 3969 nubere
568 3923 649 3976 quam
661 3909 713 3960 uri.
726 3907 786 3958 o¹c
814 3907 886 3958 uicos
900 3919 958 3960 non
991 3905 1075 3958 veluti
1099 3906 1243 3958 eoelibatns
1261 3906 1480 3958 commendandi
1510 3918 1589 3960 occa·

365 4003 484 4070 exeipit,
510 4009 580 4064 quos
599 3994 716 4062 proinde
733 4005 777 4045 ma
815 3992 899 4044 monii
912 4005 957 4045 re·
994 3990 1090 4052 sione,
1108 3990 1135 4041 in
1158 3990 1315 4053 objectione
1334 3991 1588 4054 dionuntmeliusa

366 4090 459 4143 medio
493 4091 588 4139 contra
614 4081 704 4135 carnis
728 4079 892 4132 texrtationes
918 4080 957 4132 nti
993 4076 1103 4128 Calvino
1123 4077 1182 4141 ipso
1200 4073 1355 4142 explicatur
1369 4094 1375 4130 ι
1388 4099 1405 4128 «
1417 4080 1533 4145 Propter
1544 4091 1587 4131 ne.

367 4189 449 4243 posse
467 4171 707 4232 manifestumest.
992 4161 1161 4226 cessitatem,
1186 4175 1239 4227 qua
1253 4164 1342 4216 suncti
1356 4165 1383 4216 ,n
1401 4166 1454 4218 hac
1471 4165 1527 4218 vm
1545 4177 1595 4215 m.

402 4260 459 4311 tou.
480 4259 559 4320 licsp.
583 4253 729 4320 Apostolus
746 4263 780 4304 eo
801 4249 854 4302 loci
867 4249 961 4302 Coriu-
994 4252 1219 4312 geutursemper,
1235 4255 1266 4302 ut
1284 4249 1415 4304 libertate
1428 4264 1461 4304 ac
1472 4261 1594 4304 commo.

371 4343 490 4396 tbiornm
502 4339 625 4405 quaesitis
638 4335 794 4402 respoudit,
806 4333 852 4398 qni
862 4333 961 4408 decoe·
994 4332 1078 4384 ditate
1090 4332 1235 4385 coelibatus
1252 4334 1379 4388 fruantur
1391 4333 1545 4390 omnesne

373 4428 458 4479 ”bam
482 4430 510 4475 ⁹²
527 4423 562 4473 ‘¹⁰
588 4419 755 4473 m³¹fim⁰¹¹³³
775 4418 961 4482 ¹¹⁵¹¹l¹¹¹¹⁶³l¹·
1029 4419 1086 4468 ⁴⁹³·
1111 4415 1170 4482 ooj.
1191 4420 1216 4469 5·
1237 4422 1388 4484 Apostolus
1407 4421 1493 4475 uicit.
1513 4421 1597 4472 ono·

744 4502 760 4528 Ο

394 4684 422 4734 (t)
437 4682 460 4722 ln
470 4681 487 4720 l.
499 4679 554 4756 Τίιὶ.
566 4679 596 4719 iii.
606 4684 625 4719 ῖς
694 4691 696 4694 ·
1019 4679 1080 4731 (tillo
1090 4681 1147 4721 Eccl.
1156 4680 1233 4721 riist.

398 4750 450 4802 lali.
463 4749 615 4790 domnae.
656 4756 658 4762 ’
1022 4749 1050 4800 μ)
1061 4749 1076 4790 l.
1090 4750 1146 4790 Tim.
1154 4761 1176 4791 r.
1185 4749 1208 4790 ii.
1216 4752 1244 4802 itt)
1256 4751 1281 4793 ln
1290 4751 1331 4793 loc
