3792 5550
385 556 433 608 220
648 560 761 611 tutet.
780 561 846 612 nili.
867 564 894 614 Ρ.
914 565 946 614 ll.
966 566 1009 616 ott
1026 566 1131 618 lllssAE
1151 567 1328 620 stultiorem

385 672 474 724 stinns
505 673 587 726 retcrt
620 675 785 729 Sacrificium
810 677 836 729 in
867 679 970 744 privata
1005 683 1132 735 laminam
1154 683 1181 735 in
1205 683 1293 738 fronte
1311 677 1483 748 portans,u‘
1502 677 1598 728 bela·

385 757 469 811 domo
483 757 628 824 aliquando
645 773 696 812 suo
714 765 836 826 tempore
853 764 973 816 celebra·
1005 770 1075 822 cobo
1098 769 1214 822 retertur
1240 783 1302 822 eum
1325 777 1437 819 auream
1465 760 1598 815 laminam

385 843 548 895 tum:«Vir
570 844 727 896 tribunitius
751 845 971 915 liisperius,qut
1005 855 1087 907 etiam
1109 860 1233 919 gestasse
1261 855 1290 906 in
1314 851 1401 904 sacris
1432 845 1596 900 muneribus

385 928 457 993 apud
471 939 522 980 nos
534 932 576 980 est
589 965 597 991 ,
609 927 690 981 babet
710 929 737 981 in
756 932 892 986 territorio
906 936 972 987 Eus·
1006 940 1151 994 obeundis.

385 1010 483 1064 salensi
508 1010 621 1063 fundum
651 1013 754 1067 cubedi
784 1019 971 1082 appellatum,
1037 1015 1599 1087 ldt.constattemporeconstantinisa-

385 1096 430 1150 ubi
441 1110 503 1149 cum
514 1096 658 1151 afflictione
671 1099 830 1153 animalium
841 1107 867 1154 et
880 1116 973 1156 servo·
1005 1123 1067 1163 ctos
1089 1109 1230 1161 ministros
1258 1106 1382 1159 uestibus
1403 1103 1492 1156 sacris
1520 1099 1597 1152 indui

385 1196 445 1234 rum
466 1196 578 1236 suomm
594 1185 705 1237 domurn
726 1201 804 1240 suam
827 1189 972 1254 spirituum
1006 1191 1202 1254 consuevisse,
1224 1203 1257 1243 ax
1279 1188 1385 1250 reteri,
1412 1190 1442 1238 ut
1468 1183 1596 1244 videtur,

384 1268 566 1334 malignorum
582 1271 635 1323 vim
649 1272 758 1325 noxiam
778 1275 882 1340 perpeti
896 1289 974 1328 com·
1006 1276 1132 1330 morezin
1143 1275 1268 1328 oratione
1278 1274 1352 1327 enim
1360 1270 1525 1338 panegyrica
1536 1280 1597 1334 quae

385 1354 520 1418 perisset,
535 1356 639 1422 rogavit
653 1363 762 1410 nostros
772 1396 780 1421 ,
791 1372 835 1410 me
848 1359 972 1424 absente,
1005 1362 1041 1414 de
1051 1361 1233 1414 Ecclesiarum
1244 1358 1428 1412 aeditlcatione
1438 1354 1532 1408 habita
1541 1358 1596 1415 est,

385 1440 582 1506 presbyteros,
616 1446 645 1493 ut
673 1442 772 1508 aliquis
801 1457 895 1496 eorum
926 1444 974 1498 illo
1006 1441 1476 1500 exordiumduciturabbisverbis:
1492 1438 1598 1492 «amici

386 1529 530 1590 pergeret,
545 1527 623 1591 quus
644 1526 814 1580 orationibus
833 1530 972 1582 cederent.
1006 1534 1052 1584 bei
1074 1537 1101 1584 et
1129 1531 1305 1593 sacerdotes,
1327 1527 1375 1594 qui
1401 1539 1482 1580 sacra
1507 1524 1598 1578 tunica

387 1609 505 1662 Perrexit
525 1623 610 1671 unus;
625 1611 725 1664 obtulit
745 1611 783 1664 ibi
801 1613 973 1678 Sacrificium
1007 1617 1103 1679 talari,
1115 1622 1142 1670 et
1159 1616 1265 1670 coelesti
1286 1614 1381 1682 glorie
1394 1624 1500 1666 corona
1514 1611 1598 1663 dcco-

386 1694 505 1758 tumoris
528 1694 645 1756 cltrtsti,
667 1709 749 1749 orans
772 1703 904 1763 quantum
926 1711 975 1765 po·
1007 1702 1109 1765 rati,et
1118 1701 1280 1754 sacerdotali
1289 1699 1377 1752 sancti
1393 1698 1513 1764 Spiritus
1525 1701 1600 1750 veste

385 1780 455 1842 tuit,
469 1784 499 1832 ut
519 1786 639 1834 cessaret
657 1782 701 1834 illa
716 1784 831 1836 vexatio.
844 1784 899 1837 beo
915 1796 976 1849 pro·
1007 1787 1096 1839 induti
1120 1786 1196 1840 estis.
1222 1804 1238 1833 u
1255 1785 1279 1827 ⁸-
1291 1783 1484 1837 Theodoretus
1508 1786 1600 1833 narrat

385 1864 976 1935 tinusmiserante,cessavit.»¹i³tcrumdnc
1008 1873 1216 1925 constantinum
1236 1874 1363 1937 Magnum
1383 1868 1519 1931 liucario,
1544 1866 1602 1931 Epi·

386 1954 477 2002 tamcn
497 1952 664 2006 Sacrificium
681 1955 791 2008 nonnisi
812 1955 840 2006 in
855 1955 975 2008 Ecclesia
1008 1970 1093 2022 scopo
1105 1955 1484 2022 nicrosolymitanc,sacram
1497 1957 1600 2004 restem

385 2035 591 2101 celebrabatur,
619 2040 692 2105 quod
715 2044 741 2092 et
759 2042 819 2104 iege
854 2039 976 2093 districte
1009 2042 1158 2094 aureistilis
1170 2045 1323 2096 contextam
1336 2037 1524 2092 donasse.⁸s.
1538 2035 1601 2088 llic·

387 2120 536 2185 injunctum
556 2129 606 2174 est.
626 2123 974 2176 Conciliumlridcntinum
1009 2140 1140 2194 ronymus
1158 2127 1214 2179 ait:
1231 2125 1361 2191 «Religio
1374 2123 1468 2176 divina
1482 2122 1600 2174 alterum

385 2203 487 2257 idcirco
503 2207 586 2270 jussit
600 2207 754 2273 Episcopis,
775 2227 787 2252 t
817 2221 852 2260 ne
869 2208 975 2273 parian·
1008 2211 1131 2263 babitum
1149 2211 1231 2264 babet
1249 2211 1276 2262 in
1294 2209 1451 2261 ministerio
1463 2247 1470 2270 ,
1484 2208 1601 2260 alterum

385 2294 428 2340 tur
448 2289 559 2353 privatis
578 2291 605 2341 in
620 2290 761 2354 domibus,
772 2292 976 2356 atqueomnino
1009 2295 1035 2346 in
1047 2310 1097 2348 usu
1111 2296 1220 2361 vitaque
1231 2294 1380 2348 communi.
1395 2293 1427 2339 »⁷
1442 2291 1602 2346 verosimile

388 2378 462 2425 extra
482 2375 644 2438 Ecclesiam,
666 2376 746 2428 etad
770 2377 892 2430 diuinum
917 2383 977 2430 tan·
1008 2382 1272 2441 censetitencdictus
1280 2383 1343 2432 xlv.
1354 2380 1446 2432 nullas
1455 2376 1601 2444 peculiaris

387 2467 444 2516 tum
454 2465 555 2516 cultum
564 2464 687 2517 dedicata
698 2466 814 2518 oratoria
828 2467 862 2518 ab
872 2466 976 2519 eisdem
1009 2467 1106 2520 turmae
1116 2473 1207 2521 vestes
1218 2466 1410 2532 apostotorum
1429 2463 1600 2529 temporibus

386 2548 533 2602 ordinariis
544 2549 713 2616 designanda
727 2547 978 2616 etvisitauda,san·
1010 2552 1164 2613 adhibitas,
1188 2552 1237 2604 sed
1269 2550 1414 2603 nitidiores
1442 2557 1471 2600 ct
1494 2560 1558 2613 quae
1575 2547 1600 2598 in

386 2635 977 2691 ctumbocsacristciumasaecularibusaut
1010 2637 1094 2705 sacris
1131 2642 1236 2689 tautum
1271 2634 1435 2686 muneribus
1465 2632 1600 2686 obeundis

388 2719 558 2787 regularibus
577 2721 795 2788 quibuscumque
819 2724 920 2791 peragi.
940 2722 977 2772 »1
1010 2722 1221 2789 usurpabantur.
1243 2724 1376 2774 Caeterum
1390 2719 1480 2786 liquet
1497 2730 1599 2770 morem

376 2806 547 2881 'llissionnm
565 2820 647 2859 causa
668 2808 977 2875 indulgeturllissiona·
1010 2805 1600 2873 esseantiquissimum.AttamendcsAEtl-

387 2891 434 2942 riis
448 2896 477 2942 ut
497 2891 524 2941 in
546 2892 658 2955 privatis
679 2893 810 2945 domibus
826 2895 974 2961 aliquando
1011 2893 1103 2959 gentio
1117 2892 1247 2945 refertur:
1259 2894 1340 2944 tsuae
1352 2896 1446 2944 autem
1456 2891 1600 2945 conscien-

388 2975 541 3037 celebrcnt,
555 2978 627 3041 quod
642 2982 734 3029 tamen
747 2978 857 3031 nonnisi
870 2979 898 3031 in
909 2981 975 3032 locis
1011 2976 1056 3029 tiae
1074 2976 1129 3029 lieo
1141 2981 1212 3029 teste
1223 2976 1352 3029 fiduciam
1365 2989 1486 3042 gerens,
1500 2976 1529 3028 iu
1548 2988 1599 3041 qua

391 3061 425 3113 au
445 3062 565 3114 aceresia
590 3063 693 3115 cissitis
722 3064 803 3116 necis
829 3064 977 3119 declaravit
1013 3060 1598 3126 dimissorisanimasacrificauit,

390 3146 539 3200 Concilium
554 3148 750 3201 Baltimorense
763 3148 892 3214 primum.
1009 3152 1037 3199 et
1046 3153 1168 3211 tempore
1180 3147 1318 3209 sacrificii¹
1329 3148 1463 3199 mutanda
1472 3161 1537 3201 esse
1547 3161 1599 3201 oot-

423 3233 479 3283 too.
498 3235 592 3286 vestes
603 3233 735 3299 speciales
749 3234 776 3287 in
791 3235 919 3289 sacrificii
932 3248 976 3288 ce·
1009 3232 1044 3284 da
1060 3233 1153 3296 potius
1166 3244 1249 3296 quam
1261 3232 1426 3284 vestimenta
1443 3231 1600 3285 dicebaut·

388 3317 538 3371 lebrationc
555 3318 719 3371 adhibentur
736 3320 770 3371 ad
788 3320 876 3372 cultus
894 3319 977 3371 deco·
1044 3318 1102 3369 462.
1121 3317 1278 3370 concilium.
1289 3317 1482 3371 tridentinum
1511 3318 1602 3373 decre·

389 3415 462 3463 rem,
482 3403 606 3468 plurimis
619 3403 732 3456 adnexis
750 3404 914 3457 salutaribus
926 3404 978 3456 do·
1010 3402 1049 3455 vit
1062 3417 1069 3452 :
1083 3421 1099 3450 c
1122 3402 1149 3454 Si
1172 3402 1235 3468 quis
1255 3402 1369 3466 dixerit,
1399 3403 1601 3464 caeremonias,

389 3489 532 3541 sumentis.
548 3493 640 3541 Utrum
654 3502 715 3540 mos
734 3502 780 3541 cas
794 3489 925 3541 induendi
943 3490 978 3541 ad
1011 3491 1117 3550 vestes,
1135 3492 1162 3539 et
1188 3491 1299 3540 externa
1327 3487 1424 3553 signa,
1451 3488 1555 3553 quibus
1575 3490 1602 3537 in

389 3574 572 3636 apostolicam
600 3574 760 3643 referendus
789 3575 823 3625 sit
852 3579 984 3646 etatem,
1011 3571 1154 3623 ltissarum
1173 3571 1359 3625 celebratione
1374 3574 1499 3625 Ecclesia
1511 3574 1604 3626 tlatbo

391 3658 461 3707 inter
486 3659 608 3710 cruditos
631 3658 810 3723 disceptatur.
837 3661 980 3714 nonnuliis
1012 3657 1173 3720 ricantitur,
1192 3656 1332 3711 irritantis
1353 3659 1505 3724 impietatis
1523 3672 1601 3720 esse,

316 3729 320 3735 ’
390 3740 424 3791 de
438 3752 516 3791 sacro
538 3742 619 3805 pallio
638 3742 772 3806 explicare
793 3743 978 3811 placuitquod
1012 3740 1098 3803 1111318
1111 3754 1192 3805 (11111111
1214 3741 1302 3795 Officia
1315 3744 1602 3807 pietatis3anatbcma

390 3836 405 3875 a
419 3835 449 3875 se
461 3824 566 3875 Troade
579 3824 701 3877 relictum
721 3825 808 3880 afferri
820 3829 901 3894 jussit
914 3832 980 3883 Pau·
1012 3827 1056 3878 sit.
1072 3826 1109 3870 »⁸
1132 3827 1264 3880 Omnibus
1290 3828 1412 3881 breviter
1440 3830 1601 3897 explicati-<s

387 3910 439 3965 lus,
451 3936 484 3945 —
499 3908 531 3959 sb
548 3911 656 3963 ostitit..
673 3910 684 3943 1
702 3913 738 3964 be
758 3919 852 3967 sancto
873 3916 978 3969 ioanne
1012 3912 1113 3964 decreti
1126 3914 1240 3978 aeqttitas
1253 3914 1365 3979 patebit.

389 3993 470 4045 refert
480 3995 624 4060 Eusebius,
638 4009 669 4048 ex
679 3992 828 4063 Polycrate,
842 4000 978 4065 Ephesino
1050 3999 1102 4049 ido.
1123 3998 1239 4060 casulo,
1260 4011 1310 4050 seu
1320 4001 1448 4063 planeto,
1465 4012 1529 4065 quae
1541 4010 1604 4064 praa⁴

311 4112 313 4117 -
389 4080 539 4145 Episcopo,
563 4082 597 4134 ad
623 4082 755 4135 Victorem
784 4088 882 4151 Papam
908 4086 977 4148 sori·
1011 4081 1091 4146 cipue
1107 4082 1605 4148 estvestls,1'uxtaveteremlormam

389 4166 470 4217 bente
488 4181 494 4215 ε
514 4185 530 4215 tt
548 4170 632 4234 supra
650 4175 746 4233 pectus
769 4171 875 4223 bomini
899 4184 975 4224 recu·
1009 4173 1096 4221 totum
1119 4169 1261 4235 operiebat
1283 4181 1386 4234 corpus
1416 4169 1606 4234 brachiaque,

389 4249 465 4313 buit,
488 4257 515 4304 ct
536 4252 656 4305 Porttifex
683 4255 741 4319 ejus
772 4252 841 4319 suit,
861 4268 973 4307 auream
1008 4253 1077 4306 adeo
1097 4260 1126 4305 ut
1148 4259 1231 4318 caput
1246 4258 1353 4305 tantum
1368 4254 1526 4320 emineret,
1544 4265 1607 4319 quae

414 4532 440 4583 tt)
451 4532 474 4569 L.
483 4530 523 4569 xxii
540 4531 566 4570 dc
575 4531 615 4572 cir.
627 4532 682 4573 beic
699 4535 745 4577 viii.
898 4546 901 4553 ⁴
1032 4542 1058 4592 (bl
1068 4541 1091 4581 L.
1104 4552 1124 4581 1.
1133 4540 1184 4580 bist.
1195 4539 1251 4579 Eccl.
1261 4551 1282 4579 c.
1292 4539 1322 4580 ir.

413 4597 439 4647 ti)
450 4598 506 4636 Sess.
515 4598 563 4636 itii.
572 4599 628 4639 dect.
637 4601 663 4641 dc
678 4602 816 4647 observandis
832 4612 853 4647 et
867 4609 972 4651 evitandis
1032 4610 1059 4660 (dl
1070 4610 1093 4649 L·
1103 4609 1126 4649 ἰί-
1140 4610 1191 4649 hitl-
1200 4609 1257 4649 Eccl·
1265 4621 1285 4648 0·
1295 4609 1361 4649 nli?-

388 4664 409 4703 in
424 4665 490 4704 celeb.
504 4666 579 4707 ldissae.
593 4670 619 4719 (b)
635 4670 662 4709 li.
674 4672 728 4713 Tim.
740 4674 767 4715 ir.
778 4681 809 4715 tit.
1028 4680 1056 4729 il)
1066 4679 1090 4717 L.
1099 4678 1125 4717 tle
1140 4678 1219 4729 Script·
1228 4678 1284 4717 Ecci.
1296 4678 1324 4730 (8)
1337 4679 1362 4718 ln
1371 4679 1421 4731 ejtta
1432 4680 1477 4721 rita
1487 4691 1508 4720 c.
1517 4680 1580 4721 ttiii.

416 4734 442 4796 (t)
454 4734 529 4775 Euaeb.
540 4736 554 4775 l.
564 4748 583 4778 r.
596 4737 647 4779 hist.
656 4740 711 4781 licei.
723 4754 742 4785 e.
755 4744 813 4785 ulii.
1030 4748 1056 4800 (ὓ)
1067 4748 1175 4789 Sesamii
1190 4759 1239 4789 ean.
1247 4748 1284 4790 tii.
