3792 5550
392 575 441 628 alt
743 571 856 624 tneor.
875 571 938 624 lllv.
957 569 998 623 bl}
1015 564 1239 619 ΡΟΕΝΙΤΕΝΤΙΑ.

392 691 524 756 crucifixit
538 690 680 744 bominum
693 690 805 750 lesum,
820 688 890 741 Petri
908 700 980 754 pree·
1015 683 1111 746 tidem,
1128 687 1241 736 auctore
1257 684 1283 732 et
1303 681 1445 732 hortatore
1458 677 1520 744 ipso
1533 678 1601 740 lieo,

390 779 528 832 dicatione
548 780 660 831 vocatur
681 774 715 826 ad
737 773 927 839 baptismum,
952 778 982 825 ut
1015 775 1043 822 el
1054 769 1087 820 ad
1098 767 1235 834 agendam
1247 764 1437 832 poenitentiam
1445 771 1606 830 peccatores

390 862 502 917 sceleris
514 861 581 914 tanti
595 859 692 912 merita
707 859 835 924 deponat.
845 857 880 906 »¹
1020 854 1122 920 redigi,
1140 859 1168 906 et
1190 853 1298 906 veniam
1308 858 1391 917 atque
1408 850 1606 917 indulgentiam

423 951 464 999 77.
484 949 521 998 Ex
533 949 640 997 Petrum
650 957 713 1010 quae
723 944 895 996 laudavimus
905 943 981 997 testi·
1015 939 1211 1005 penitentibus
1228 951 1285 990 nou
1303 936 1444 1003 denegari.
1458 936 1492 982 »⁵
1506 939 1534 988 S.
1544 938 1606 989 Gre-

390 1032 490 1086 moniis
506 1030 592 1096 liquet
608 1029 826 1082 controversiam
845 1043 908 1082 cum
929 1031 981 1082 llo·
1016 1025 1111 1091 gorius
1128 1027 1268 1091 Nysseuus
1280 1023 1392 1076 statuit:
1408 1041 1420 1070 ι
1434 1024 1464 1074 lu
1480 1023 1549 1074 bora
1565 1023 1606 1074 sui

389 1117 505 1171 vatianis
526 1116 682 1181 respexisse
703 1115 897 1167 remissionem
916 1127 983 1178 pec·
1015 1123 1146 1163 excessus
1174 1124 1190 1163 e
1215 1111 1270 1163 rita
1307 1114 1433 1174 apostata
1471 1108 1606 1173 poenitens
1704 1116 1705 1125 ¹

391 1209 532 1272 catorum,
548 1213 603 1254 non
622 1199 769 1253 tantumin
789 1201 850 1253 loro
868 1205 982 1252 externo
1015 1196 1184 1248 sacramenti
1213 1193 1418 1248 communionis
1443 1193 1497 1245 erit
1530 1193 1606 1258 parti·

390 1288 536 1351 Eccleslae,
559 1288 607 1340 sed
634 1287 715 1339 etiam
744 1299 822 1348 rere,
842 1290 870 1338 et
888 1297 980 1338 coram
1015 1295 1090 1347 ceps.
1103 1281 1151 1333 Sin
1163 1286 1254 1334 aulem
1267 1278 1422 1346 contigerit,
1432 1286 1464 1331 ut
1474 1279 1498 1331 is
1509 1285 1606 1344 praeter

393 1376 462 1427 lieo:
477 1370 981 1426 debacenimAmbrosiusmanilesto
1015 1381 1093 1433 spem
1111 1368 1201 1431 vivat,
1229 1367 1257 1418 ln
1287 1367 1387 1419 eodem
1414 1379 1512 1417 rursus
1537 1364 1604 1418 viret

392 1461 455 1526 agit.
471 1459 603 1525 Equidem
621 1458 741 1510 severior
753 1457 798 1508 illa
814 1456 982 1522 poenitentiae
1013 1454 1118 1521 judicio
1131 1453 1310 1520 mysticorum
1323 1457 1559 1505 sacramentorum
1571 1451 1602 1503 ad

391 1546 545 1610 disciplina,
557 1556 618 1610 quae
631 1556 680 1608 per
692 1541 980 1608 plurasaeoulaviguit,
1014 1540 1077 1594 ritae
1104 1541 1207 1592 exitum
1231 1551 1319 1604 usque
1341 1537 1513 1603 poenitens.»
1528 1537 1539 1569 ⁶
1558 1539 1602 1588 lle

390 1629 501 1682 inducta
513 1628 681 1691 ridetur,ne
691 1627 804 1680 faciliori
818 1627 906 1681 veniae
918 1640 982 1699 con·
1015 1628 1099 1682 crevit
1121 1628 1273 1681 Concilium
1296 1627 1435 1679 llicaeuum
1451 1641 1488 1675 τι(
1509 1628 1546 1676 lte
1563 1623 1601 1675 bis

388 1713 530 1767 secutione
558 1713 723 1788 poenitentes
747 1713 780 1764 ad
811 1713 981 1778 peccandum
1015 1710 1600 1779 quiadexitumt·eniunt,etiamnunclex

388 1799 487 1852 flerent
496 1798 707 1865 propensiores,
721 1803 748 1850 et
761 1803 790 1850 ut
804 1797 982 1851 llonlauista·
1015 1799 1128 1863 antiqua
1153 1797 1344 1862 regularisque
1371 1796 1545 1856 seruabitur3
1566 1795 1599 1848 ita

389 1899 450 1936 rum
473 1890 500 1937 ot
525 1885 736 1938 Novatlanorum
760 1884 868 1938 obviam
896 1884 982 1936 iretur
1014 1891 1044 1938 ut
1061 1884 1159 1950 siquis
1177 1876 1345 1950 egreditur'a
1359 1881 1600 1947 corpore,ultimo

391 1972 621 2025 accusationibus.
634 1969 981 2035 Conciliidliberitanisspi»
1015 1975 1042 2023 et
1053 1969 1172 2022 maxime
1192 1968 1350 2022 necessario
1367 1967 1471 2020 viatico
1494 1965 1600 2018 minime

390 2058 465 2124 scopi
478 2065 645 2112 censuerunt
656 2057 851 2110 ecclesiasticae
862 2069 983 2109 commu·
1014 2055 1145 2120 privetur.
1156 2054 1192 2101 »⁷

390 2144 483 2196 nionis
508 2145 588 2208 jura,
618 2155 653 2194 nc
679 2141 790 2206 quidem
821 2140 849 2191 in
884 2139 981 2193 mortis

391 2229 549 2282 discrimine
563 2242 625 2281 esse
638 2227 807 2294 quibusdam
820 2226 983 2293 gravissime
1220 2227 1329 2280 CAPUT
1344 2226 1390 2276 lll.

388 2314 611 2380 delinquentibus
636 2312 830 2374 concedenda,
848 2311 860 2345 ¹
881 2313 981 2378 quibua

388 2404 479 2452 tamen
497 2399 604 2454 veniam
622 2399 648 2451 ln
668 2400 742 2462 loro,
762 2400 800 2452 uli
814 2398 905 2462 aiunt,
917 2411 982 2452 con·
1202 2411 1234 2450 ne
1251 2409 1424 2450 contentetur.

388 2485 982 2552 scientiaedenogatamnonpossumusnobis

359 2581 360 2584 ’
386 2571 563 2637 persuadere.
591 2571 711 2624 bernolt
741 2571 891 2638 Cyprianus
913 2584 981 2638 quo-
1048 2570 1595 2639 laeotestasremtttendipeecata,quan

387 2657 514 2710 rumdam
537 2655 752 2724 episcoporum,
766 2658 814 2724 qui
832 2658 980 2710 «dandam
1014 2655 1202 2708 sacerdotibus
1211 2656 1420 2720 vindicavimus,
1432 2657 1461 2710 ln
1472 2671 1520 2711 eos
1531 2671 1596 2711 exer·

389 2746 506 2797 moechis
520 2757 616 2811 paoem
635 2757 690 2799 non
714 2749 941 2811 putaverunt,et
953 2743 980 2796 in
1015 2740 1101 2794 cende
1123 2741 1229 2808 estqui
1258 2741 1349 2796 animo
1363 2743 1508 2809 poenitenti
1522 2748 1593 2804 sunt;
1628 2794 1633 2800 .

388 2836 476 2881 totum
495 2830 662 2894 poenltentiae
679 2830 770 2882 locum
790 2837 885 2883 contra
904 2830 984 2882 adul·
1015 2839 1070 2879 non
1088 2825 1289 2893 enimpossunt
1302 2829 1429 2881 homines
1451 2844 1512 2882 eam
1530 2842 1595 2883 exer·

388 2916 456 2966 teria
481 2914 638 2966 clauserunt
656 2928 667 2963 τ
685 2911 725 2959 »⁶
743 2927 859 2979 quorum
889 2919 981 2967 tamen
1014 2924 1095 2976 core,
1117 2914 1171 2966 uisi
1185 2916 1230 2968 liei
1255 2917 1360 2970 vicibus
1378 2916 1541 2984 iungentes,
1555 2919 1595 2985 qui

392 3000 500 3051 decreta
519 2998 544 3050 el
567 3010 621 3050 non
643 2996 752 3049 luerunt
777 2997 921 3063 probata‘
943 3001 981 3051 lla
1014 2999 1204 3063 peccatoribus
1216 3014 1272 3055 non
1289 3003 1412 3070 alialege
1424 3005 1533 3057 reniam
1545 3005 1598 3070 pol·

389 3086 438 3138 luit
456 3086 538 3138 etiam
559 3090 639 3141 vetus
665 3084 828 3155 disciplina,
849 3090 878 3138 ut
898 3099 981 3139 nemo
1016 3083 1107 3137 licitus
1125 3091 1176 3139 est.
1188 3105 1204 3135 ι(
1216 3090 1348 3143 contritio
1361 3128 1369 3153 ,
1382 3111 1394 3135 »
1416 3097 1499 3156 prout
1516 3104 1531 3143 a
1550 3089 1598 3142 Tri-

389 3171 559 3237 poenitentiae
589 3170 710 3237 publium
733 3170 852 3223 stadium
883 3171 983 3225 iterato
1014 3168 1134 3223 dentinis
1144 3173 1267 3239 Patribus
1289 3173 1428 3237 delinitur,
1445 3180 1513 3229 «est
1523 3174 1597 3227 animi

389 3262 483 3322 posset
499 3270 659 3323 percurrere
680 3262 868 3323 :quapropter
888 3258 933 3323 qui
952 3258 980 3310 in
1013 3256 1094 3310 dolor
1103 3270 1136 3310 ac
1148 3258 1295 3313 detestatio
1307 3261 1342 3313 de
1354 3261 1598 3327 peccatocommls·

391 3344 484 3411 gravia
501 3345 622 3399 facinora
643 3344 753 3410 publica
774 3344 874 3397 luenda
893 3344 981 3410 poeni·
1015 3354 1064 3406 so,
1083 3355 1146 3395 cum
1170 3344 1311 3409 proposito
1336 3358 1392 3398 uon
1418 3332 1549 3412 pecca‘ndl
1568 3346 1599 3398 de

390 3430 475 3483 tentia
486 3432 696 3495 relabebantur,
713 3430 842 3483 Ecclesiae
858 3442 981 3483 commu·
1014 3432 1124 3480 caetero.
1139 3448 1152 3474 r
1163 3426 1175 3461 ⁸
1187 3430 1313 3483 consona
1338 3436 1380 3482 est
1400 3432 1461 3484 lraec
1483 3430 1599 3485 delinitio

388 3515 471 3568 nione
490 3515 600 3567 nonnisi
618 3516 669 3567 sub
686 3520 804 3568 mortem
823 3514 920 3566 iterato
934 3514 982 3565 do·
1014 3513 1047 3566 iis
1059 3527 1120 3578 quae
1130 3514 1212 3567 tradit
1221 3515 1368 3581 Gregorius
1377 3518 1493 3583 llngnus
1507 3532 1536 3568 ει
1549 3519 1599 3569 Pte

388 3600 447 3651 nari
462 3600 616 3651 valuerunt.
643 3598 816 3651 Eruditorum
837 3598 980 3651 bominum
1014 3596 1126 3650 nitentia
1146 3604 1189 3651 est
1209 3600 1280 3652 mala
1293 3602 1430 3665 praeterita
1454 3604 1596 3669 plangere,

389 3683 424 3735 do
448 3682 491 3733 his
509 3682 593 3733 rebus
620 3680 834 3745 disceptationes
856 3687 980 3734 nostrum
1014 3684 1373 3750 etplaugeudaiterurnnon
1387 3687 1598 3741 committerent

389 3780 444 3820 non
463 3766 578 3820 interest
595 3766 714 3831 penitius
733 3767 895 3831 expendere.
1010 3768 1116 3822 Attritio
1128 3769 1227 3822 dicitur
1250 3771 1295 3823 illa
1320 3773 1424 3836 peccati
1444 3773 1595 3833 detestatio,

422 3852 465 3906 78.
475 3853 613 3905 Generalis
626 3852 981 3921 Ecclesiaediscipliuaqua·
1014 3866 1075 3918 quae
1089 3873 1102 3899 r
1111 3856 1155 3907 vel
1178 3868 1211 3907 ex
1232 3857 1408 3922 turpitudinis
1421 3859 1526 3923 peccati
1537 3870 1596 3911 eon·

363 4002 364 4007 η
389 3940 455 3993 libet
473 3944 553 3992 aetate
578 3938 706 3993 omnibus
723 3938 919 4005 poenitentibus
937 3954 980 3993 ve
1014 3940 1197 4004 sideratione,
1210 3943 1253 3994 vel
1275 3944 1491 4009 eugebennaeet
1509 3956 1595 4011 poena·

389 4026 463 4078 niarn
482 4030 509 4077 et
525 4023 748 4078 communionem
764 4024 980 4079 ecclesiasticam
1014 4038 1074 4077 rum
1095 4031 1170 4078 melu
1191 4028 1374 4080 communiter
1391 4030 1551 4095 coneipitur.
1562 4026 1598 4073 »¹⁰

388 4110 647 4177 postpoeuitentiam
655 4110 777 4163 indulsit.
789 4112 816 4162 S.
831 4110 980 4177 Cyprianus
1014 4111 1096 4164 uolor
1104 4111 1269 4177 quicumque
1277 4125 1325 4164 seu
1336 4112 1512 4178 imperfectus
1521 4152 1529 4176 ,
1539 4125 1596 4178 qua·

389 4199 426 4251 ait
441 4214 447 4249 :
464 4219 475 4245 υ
489 4198 629 4251 Neminem
648 4200 777 4263 putamus
803 4210 819 4249 a
836 4197 923 4249 fructu
937 4211 981 4249 sa·
1014 4196 1048 4248 lis
1060 4198 1287 4262 ascalonenses
1305 4199 1444 4264 perlectus
1457 4236 1465 4263 ,
1478 4198 1597 4252 contritio

387 4283 552 4337 tisiactionis
563 4290 648 4349 etspe
659 4282 903 4348 pacisarcendum;
918 4295 981 4333 cum
1015 4284 1108 4337 stricte
1125 4284 1231 4348 dictus,
1250 4285 1332 4338 debet
1347 4298 1362 4337 a
1384 4285 1500 4350 Spiritus
1515 4284 1595 4338 sancti

392 4368 510 4423 sciamus
524 4370 599 4433 juxta
612 4367 811 4439 scripturarum
828 4365 980 4421 divinarum
1014 4368 1193 4436 inspiratione
1204 4370 1356 4441 proficisci,
1369 4375 1397 4423 et
1413 4372 1473 4437 ejus
1486 4370 1534 4424 niti
1549 4368 1596 4423 ad-

416 4632 443 4685 (l)
453 4632 478 4671 L.
487 4632 510 4671 ii.
519 4632 545 4671 de
554 4630 628 4683 poenit.
638 4641 657 4670 c.
664 4630 692 4671 iv.
701 4626 728 4683 (Ω)
739 4629 792 4671 Cen.
800 4629 816 4671 i.
1034 4633 1061 4685 (tl
1070 4634 1109 4685 lip.
1118 4633 1146 4674 ad
1155 4634 1253 4685 beloium
1262 4634 1315 4675 can.
1323 4634 1346 4673 ii.
1357 4635 1382 4686 (l)
1391 4635 1445 4676 Cau.
1452 4634 1498 4675 xiii.

416 4703 443 4753 lo)
453 4702 492 4753 Ep.
502 4700 533 4743 lli.
544 4701 570 4741 ad
580 4700 694 4741 Antonian.
1035 4703 1064 4754 (8)
1073 4702 1132 4744 Sese.
1145 4704 1186 4745 uir.
1196 4715 1244 4755 cap.
1253 4704 1283 4745 ir.
1300 4704 1327 4757 (tl
1337 4706 1399 4746 llom.
1409 4706 1477 4748 miv.
1486 4704 1509 4745 iu
1518 4705 1596 4753 Brau-

417 4770 443 4821 (tl
457 4768 496 4823 Ep.
507 4769 542 4811 lit.
551 4769 577 4811 ad
585 4769 647 4811 Corn.
659 4770 686 4823 (5(
697 4768 895 4825 opulentum.
1038 4772 1077 4823 (lo)
1088 4771 1145 4814 Sena.
1155 4772 1196 4815 xit.
1206 4777 1254 4825 erp.
1264 4772 1293 4813 iv.

531 4885 553 4924 ὗ

611 4941 629 4965 ιι

566 4979 582 5011 ὓ
