3792 5550
359 570 393 620 50
755 563 870 615 Thaca.
889 566 932 615 xl,
945 559 987 611 DE
1005 562 1175 616 ohrllsilo.

358 684 425 737 lium
434 684 480 749 qui
491 682 569 735 electi
580 684 739 740 censentur:
749 693 834 745 quum
842 679 950 733 caeteris
986 678 1088 743 agnito,
1096 678 1295 734 invocationem
1305 680 1385 733 trium
1396 692 1579 746 personarum

360 769 427 821 nihil
440 767 537 834 prosit.
550 764 670 832 Magistri
683 765 711 817 in
724 766 806 819 verba
823 766 953 831 jurarunt
985 763 1148 828 baptizando
1161 767 1345 834 negligebant.
1362 788 1374 813 «ι
1387 766 1511 820 llaeretici
1532 762 1577 819 au·

320 840 325 847 ’
359 852 568 920 Presbyteriani.
580 850 590 885 ¹
985 852 1051 912 tem,
1065 868 1077 895 l
1091 848 1190 916 inquit,
1200 870 1216 900 κ
1227 854 1332 906 nullum
1352 853 1454 905 hahent
1464 866 1579 905 consor·

393 940 451 991 236.
470 938 547 1001 Quod
565 937 711 1002 apostulus
736 941 847 989 sanctos
879 936 953 989 dicat
987 934 1054 987 tium
1068 938 1342 1005 uostraedisciplinae,
1353 953 1423 1005 quos
1435 945 1584 992 extraneos

361 1026 434 1077 lilios
450 1022 591 1084 fidelium,
610 1021 675 1074 licet
694 1022 764 1073 alter
781 1034 880 1087 parens
893 1021 954 1073 iuli·
986 1020 1081 1088 utique
1103 1028 1219 1077 testatur
1232 1025 1290 1090 ipsa
1303 1025 1441 1091 ademptio
1454 1037 1574 1077 commu-

360 1111 430 1163 delis
447 1108 545 1166 fuerit.
566 1107 774 1173 intelligendum
795 1111 837 1159 est
856 1108 954 1159 cosle·
986 1106 1142 1161 nicationis.
1161 1112 1220 1163 Non
1242 1111 1330 1164 debeo
1348 1113 1375 1163 lu
1399 1111 1452 1164 illis
1475 1122 1580 1178 cogno·

358 1197 469 1263 gitimos
480 1208 560 1254 esse,
574 1198 601 1247 et
616 1194 769 1246 sanctitatis
788 1194 873 1246 veluti
893 1206 955 1246 can·
987 1206 1065 1246 scere
1079 1195 1154 1259 quod
1173 1196 1239 1247 mihi
1257 1202 1299 1248 est
1317 1200 1502 1262 praeceptum,
1515 1195 1579 1261 quia

361 1282 478 1334 didatos.
492 1282 612 1345 Rogatus
629 1279 716 1331 luerat
733 1278 897 1331 sententiam
918 1279 954 1331 de
987 1292 1043 1332 non
1058 1280 1131 1333 idem
1150 1283 1222 1334 Deus
1239 1287 1282 1335 est
1295 1283 1376 1336 nohis
1392 1286 1418 1335 et
1438 1282 1509 1343 illis,
1528 1295 1582 1335 nec·

362 1368 395 1420 iis
421 1367 468 1433 qui
496 1367 673 1419 matrimonio
702 1379 764 1418 oum
792 1365 954 1417 infidelibus
987 1379 1059 1417 unus
1077 1366 1217 1430 Christus,
1233 1368 1258 1419 id
1274 1373 1333 1431 est,
1347 1368 1439 1431 idem,
1460 1368 1578 1433 ideoque

361 1454 500 1521 conjuncti
518 1458 614 1515 eraut,
633 1465 738 1518 cosque
761 1452 871 1505 monuit
884 1465 919 1504 ne
938 1465 954 1503 a
988 1463 1039 1504 nce
1058 1452 1212 1517 Baptismus
1233 1466 1305 1505 unus
1326 1454 1389 1519 quia
1410 1466 1466 1506 non
1483 1454 1577 1506 idem:

361 1541 525 1608 conjugibus
542 1539 735 1603 discederent,
758 1539 780 1590 si
799 1537 827 1590 hi
853 1538 955 1591 vellent
988 1550 1070 1601 quem
1089 1552 1174 1602 nuum
1201 1538 1253 1592 rite
1281 1552 1336 1593 non
1356 1540 1490 1602 habeant,
1518 1540 1577 1593 sine

361 1640 423 1681 cum
436 1626 469 1678 iis
482 1626 658 1690 tranquillam
669 1624 771 1691 degere
784 1624 868 1677 vitam
883 1638 890 1674 :
904 1624 954 1675 «Si
988 1622 1071 1675 dubio
1081 1636 1137 1675 uon
1150 1624 1260 1677 habent.
1276 1642 1286 1672 l
1300 1624 1311 1657 ⁸
1323 1624 1486 1691 Agrippinas
1498 1662 1505 1687 ,
1515 1627 1582 1676 Gar-

361 1710 424 1779 quis
450 1710 534 1763 frater
559 1723 671 1763 uxorem
698 1708 779 1761 hahet
796 1708 955 1771 infidelem,
987 1708 1339 1775 thaginensisEpisoopus,
1361 1710 1472 1762 incunte
1496 1710 1577 1762 tertio

362 1805 390 1851 ct
412 1799 472 1851 haec
495 1796 633 1849 consentit
662 1794 786 1848 hahitare
803 1794 954 1856 camillo,
989 1797 1101 1858 saeculo,
1113 1797 1212 1849 iterum
1228 1798 1404 1863 baptizandos
1416 1797 1578 1862 censuitqui

361 1895 417 1936 non
436 1882 555 1934 dimittat
578 1881 663 1933 illam.
685 1883 718 1933 Et
743 1880 838 1946 siqua
856 1880 957 1933 mulier
989 1879 1024 1931 ah
1054 1881 1189 1935 haereticis
1223 1882 1351 1948 baptizati
1378 1882 1498 1945 lucrant;
1516 1896 1582 1948 quae

362 1968 450 2021 fidelis
473 1968 556 2019 habet
577 1966 665 2018 virum
692 1967 846 2030 infidelem,
867 1973 893 2019 et
911 1966 956 2019 hic
990 1954 1104 2019 invaluit
1131 1968 1159 2019 in
1188 1969 1274 2021 hiriea
1301 1970 1493 2032 consuetudo,
1518 1972 1580 2023 eta

362 2055 500 2109 consentit
527 2054 652 2106 hahitare
672 2065 735 2106 cum
756 2053 819 2116 illa,
837 2066 894 2105 non
914 2052 957 2104 di·
990 2054 1017 2102 S.
1028 2052 1161 2117 cypriano
1171 2057 1198 2105 et
1210 2054 1323 2120 collegis
1333 2054 1400 2116 suis,
1414 2054 1440 2106 in
1453 2055 1578 2120 plurihus

362 2142 452 2195 mittat
463 2141 551 2192 virum
562 2156 569 2190 z
580 2140 764 2192 sanctificatus
777 2145 820 2191 est
832 2137 957 2191 cnimvir
990 2138 1134 2200 conciliis,
1154 2139 1271 2192 decretis
1292 2140 1398 2192 firmata
1421 2146 1479 2204 est,
1499 2141 1578 2193 annis

363 2225 480 2278 inlidelis
501 2238 550 2291 per
562 2223 706 2296 mulierem
717 2223 825 2275 lidelem
836 2261 843 2285 ,
856 2228 884 2276 et
896 2237 958 2276 san·
989 2222 1082 2284 iethet
1093 2224 1151 2275 256.
1164 2226 1202 2276 lle
1214 2224 1247 2277 ad
1258 2226 1415 2279 Pontificem
1427 2227 1579 2278 homanum

363 2310 479 2364 etidcata
494 2314 536 2362 est
553 2308 653 2361 mulier
675 2308 795 2360 iulidelis
808 2322 857 2375 per
867 2308 956 2362 virum
990 2307 1095 2371 delata,
1114 2311 1141 2360 S.
1156 2310 1310 2375 Stephanus
1323 2310 1382 2363 illas
1396 2312 1578 2364 conciliorum

365 2395 475 2448 lidelem
488 2410 494 2447 :
508 2394 630 2460 alioquin
649 2393 696 2445 lilii
714 2393 798 2447 vestri
822 2392 957 2446 immundi
990 2392 1162 2457 sanctiones,
1175 2394 1338 2448 universalis
1349 2396 1477 2449 Ecclesiae
1495 2396 1578 2449 mori·

363 2485 472 2542 essem,
504 2492 578 2532 nunc
604 2483 696 2531 autom
718 2478 806 2531 sancti
831 2483 905 2553 sunt.
920 2479 958 2526 »¹
991 2477 1043 2531 hus
1054 2484 1082 2531 et
1093 2479 1233 2532 traditioni
1245 2480 1374 2534 adversas
1384 2521 1392 2545 ,
1404 2484 1583 2535 vehementer

364 2566 462 2618 Eximit
484 2566 631 2631 apostolus
647 2564 775 2617 fidelihus
798 2565 957 2631 scrupulum
990 2562 1163 2629 improbavit,
1172 2565 1291 2617 minatus
1302 2567 1507 2621 Praesulesillos
1517 2580 1579 2621 sese

364 2664 419 2719 quo
438 2652 611 2719 angebantur
628 2650 712 2715 aliqui
729 2650 764 2703 de
781 2651 891 2717 juribus
905 2664 961 2703 ma·
990 2649 1197 2710 abstenturum,
1222 2651 1351 2704 Ecclesiae
1381 2652 1484 2705 scilicet
1506 2666 1586 2705 com·

365 2739 486 2792 trimonii
509 2750 573 2804 erga
603 2738 728 2791 ethnicos
751 2739 885 2806 conjuges
901 2750 959 2791 ser·
991 2736 1120 2789 munione
1140 2736 1322 2803 privaturum,
1352 2736 1375 2790 si
1405 2738 1433 2790 in
1460 2737 1581 2792 novitate

363 2825 477 2886 vendis,
499 2836 587 2888 eaque
614 2823 696 2876 docet
726 2829 821 2876 sancta
848 2823 907 2876 lieri
931 2829 959 2877 et
993 2822 1093 2874 tuenda
1131 2827 1346 2888 perseverarent.
1380 2823 1485 2874 decreti
1521 2824 1581 2886 ejus

365 2910 501 2976 legitima,
513 2921 546 2960 ex
557 2907 649 2960 fidelis
661 2909 787 2974 conjugis
799 2908 960 2968 consortio,
991 2917 1098 2958 summa
1110 2907 1137 2957 in
1150 2909 1176 2958 S.
1191 2906 1315 2972 Cypriani
1329 2905 1444 2970 epistola
1456 2905 1489 2958 ad
1502 2906 1581 2957 Pom·

365 3008 421 3061 quo
436 2995 517 3046 etiam
530 2988 605 3057 saepe
621 2992 736 3059 contigit
748 2999 779 3044 ut
794 2993 912 3046 infidelis
922 2994 957 3046 ad
991 2989 1081 3055 peium
1101 2991 1242 3042 exhibetur
1254 2990 1297 3042 his
1309 2987 1418 3041 verbis:
1437 3007 1453 3038 r<
1474 2989 1501 3042 Si
1519 2989 1582 3055 quis

365 3082 447 3134 tidem
464 3079 663 3132 traduceretur.
677 3078 764 3132 Filios
785 3092 879 3132 eorum
891 3079 958 3146 legi·
991 3087 1056 3140 erpo
1075 3087 1089 3127 a
1109 3087 1281 3140 quacumque
1300 3073 1398 3127 haeresi
1424 3074 1530 3128 venerit
1546 3075 1583 3128 ad

365 3167 448 3220 timos
459 3171 487 3219 et
498 3159 608 3218 sanctos
620 3164 699 3228 dicit,
710 3178 743 3218 ex
761 3170 823 3220 toro
840 3166 958 3231 nuptiali
992 3172 1058 3222 nos,
1072 3159 1140 3212 nihil
1158 3159 1312 3222 innovetur,
1330 3157 1383 3211 nisi
1404 3160 1478 3224 quod
1493 3159 1583 3213 tradi-

366 3257 527 3320 procreatos
546 3258 576 3304 et
594 3250 685 3303 tidelis
707 3251 839 3318 genitoris
866 3252 959 3307 studio
991 3251 1050 3299 tum
1069 3250 1127 3308 est,
1146 3249 1176 3297 ut
1193 3257 1292 3297 manus
1311 3244 1350 3296 illi
1373 3243 1531 3311 imponatur
1547 3245 1584 3298 ad

366 3337 498 3393 institutis
515 3337 616 3390 sanctis
635 3336 808 3391 imbuendos.
992 3329 1189 3398 penitentiam.
1202 3347 1219 3376 s
1229 3329 1241 3365 ⁴
1253 3329 1439 3394 Eirmilianus,
1451 3333 1583 3384 Caesareae

743 3420 745 3423 '
993 3417 1021 3469 in
1038 3415 1209 3482 cappadocia
1228 3415 1397 3481 Episcopus,
1414 3415 1539 3467 camdem
1551 3427 1587 3469 ac

574 3510 677 3561 cleda
696 3509 752 3559 l'lt.
941 3530 945 3535 ·
993 3499 1316 3566 Cyprianussententiam
1333 3497 1418 3550 tuitus
1431 3503 1487 3560 est,
1500 3497 1584 3552 acrio·

829 3580 837 3608 i
926 3594 932 3602 '
992 3583 1069 3637 rihus
1088 3584 1115 3634 iu
1132 3584 1298 3648 Stephanum
1318 3581 1439 3634 dicteriis
1459 3582 1582 3648 prolatis.

509 3691 541 3728 un
560 3691 675 3730 armario
689 3691 815 3730 orrrrsm.
993 3673 1061 3723 Sunt
1078 3671 1125 3736 qui
1145 3671 1287 3735 utriusque
1310 3670 1413 3722 litteras
1436 3671 1487 3723 hac
1507 3671 1586 3723 dere

668 3818 671 3824 ¹
993 3756 1181 3823 supposititias
1200 3756 1316 3820 hahent,
1342 3760 1372 3809 et
1399 3756 1585 3810 conciliorum

401 3847 461 3900 ast.
480 3846 647 3912 Baptismum
671 3846 801 3898 collatum
819 3846 853 3897 ah
871 3845 960 3896 haere·
993 3847 1070 3904 acta,
1085 3848 1113 3896 et
1130 3849 1214 3896 totam
1236 3842 1451 3896 controversiam
1469 3842 1496 3894 in
1509 3853 1583 3908 quae·

332 3980 335 3984 Δ
369 3935 430 3988 ticis
443 3933 512 3986 nihil
525 3933 617 3986 valore
636 3932 743 3985 censuit
756 3930 956 3993 Tertullianus,
991 3929 1107 3983 stiouem
1128 3934 1235 3983 vocant.
1250 3928 1334 3983 Nobis
1354 3933 1447 3982 tamen
1471 3916 1583 3994 persua·

370 4020 423 4073 nisi
442 4020 547 4086 placcat
567 4019 627 4083 ejus
645 4016 728 4069 verba
750 4015 785 4068 de
805 4014 840 4067 iis
856 4013 958 4066 intelli·
992 4029 1053 4068 sum
1070 4021 1112 4068 ast
1139 4015 1318 4082 cyprianum,
1343 4013 1404 4065 lidci
1431 4013 1538 4076 studio,
1556 4017 1584 4065 et

371 4119 450 4173 gere,
477 4103 540 4170 qui,
566 4101 697 4169 mysterio
721 4099 860 4152 Trinitatis
883 4099 957 4153 haud
992 4099 1200 4165 haeresisodio,
1219 4100 1324 4153 ineam
1345 4099 1587 4165 sentcntiamper-

400 4345 449 4396 (tle
464 4345 509 4385 The
519 4341 631 4384 intenteol
640 4352 682 4381 one
699 4351 724 4380 or
734 4338 786 4380 both
802 4338 911 4391 helievinp
923 4351 963 4394 pe-
995 4340 1044 4382 thet·
1052 4338 1077 4381 ol
1083 4350 1138 4392 ege,
1147 4351 1173 4382 or
1187 4338 1324 4392 intentabat
1333 4340 1381 4381 that
1394 4351 1458 4392 grace
1472 4341 1590 4393 belongetle

373 4420 431 4455 rente
453 4426 490 4454 are
511 4419 533 4452 to
557 4412 584 4451 be
601 4409 705 4463 heptited.
720 4423 731 4445 »
750 4409 821 4448 «The
837 4408 924 4462 efficacp
939 4409 964 4449 ol
995 4409 1189 4462 uuto,eecording
1206 4410 1588 4454 totlreeouueelolGod'aotrawril

372 4484 466 4538 baptism
489 4483 507 4523 ie
529 4486 568 4522 not
585 4479 627 4520 tied
645 4484 668 4520 to
682 4480 729 4520 that
747 4480 844 4519 moment
870 4478 895 4518 ol
909 4479 962 4519 time
995 4479 1017 4520 in
1027 4477 1062 4519 hh
1071 4479 1256 4531 appointedtime.
1269 4478 1417 4520 »Centenius
1430 4479 1454 4519 ol
1462 4479 1533 4532 luith,
1550 4479 1587 4520 eb.

373 4553 468 4596 vhereiu
482 4552 498 4593 it
513 4552 531 4592 ie
540 4549 705 4597 administered:
719 4555 754 4603 yet
762 4549 962 4602 notwithstanding,
994 4547 1066 4590 xxciii.
1078 4553 1130 4590 Μ.
1143 4553 1163 4589 a.

373 4625 446 4676 hythe
456 4623 514 4674 right
522 4632 562 4662 nee
570 4620 594 4661 ol
608 4621 653 4661 thio
670 4619 787 4660 ordinante
794 4619 832 4660 the
841 4630 905 4671 grace
912 4631 963 4671 pro-
1022 4615 1048 4669 (ἱ)
1062 4617 1079 4658 l.
1087 4616 1138 4658 cor.
1148 4615 1185 4659 rii.
1195 4621 1227 4659 lt.

374 4693 443 4734 mieed
453 4692 472 4732 ie
484 4697 522 4732 not
537 4692 588 4744 only
605 4689 697 4742 offered,
714 4690 753 4730 but
775 4687 842 4741 really
854 4687 963 4729 exhibited
1022 4685 1050 4738 (a)
1060 4685 1107 4728 Elis.
1115 4686 1142 4727 tle
1152 4685 1268 4740 Baptiemo.
1278 4697 1298 4729 e.
1308 4698 1342 4730 tv.

374 4760 417 4800 and
426 4758 537 4800 conterret
553 4762 579 4810 hy
588 4758 625 4799 the
636 4756 781 4812 llolyGhoet,
795 4763 817 4796 to
831 4755 885 4796 ench
896 4755 961 4808 (whe-
1021 4755 1049 4810 (t)
1064 4756 1103 4810 Ep.
1116 4757 1179 4800 luia.
1272 4805 1277 4812 1
