3792 5550
735 562 804 613 Chi).
822 561 888 611 till,
905 562 948 611 BE
965 560 1186 614 cuauaeruitu.
1530 562 1564 616 55

357 681 445 735 semel
462 679 667 733 matrimonium
690 692 746 733 non
768 678 879 744 inierit,
896 680 946 731 hu·
980 678 1032 731 dus
1054 677 1208 744 Baptismus
1228 690 1285 731 non
1306 684 1364 733 erat
1389 680 1453 745 quia
1468 681 1565 734 ,anima

346 766 477 834 jusmodi
489 780 546 834 prae
557 768 683 832 caeteris,
696 767 743 835 qui
759 768 851 821 forsan
871 766 947 819 ades·
980 764 1136 817 charactere
1147 764 1267 831 quodam
1289 765 1418 831 insignita
1432 771 1508 831 erat,
1521 768 1569 833 qui

356 861 438 917 sent,
461 853 562 906 dehere
580 868 659 908 sacro
680 867 795 907 munere
806 853 881 921 iungi
903 854 947 905 in·
981 849 1066 903 deleri
1081 863 1136 903 non
1155 856 1270 917 poterat.
1284 852 1371 914 Quum
1382 852 1472 905 anima
1483 852 1569 919 parti-

238 990 241 997 ,
352 939 448 1003 dicat,
477 940 543 1007 quin
567 945 649 1007 neget
672 954 897 1007 quemcumque,
922 940 946 992 si
980 935 1034 988 hus
1052 938 1328 999 careat‚charactere
1344 937 1381 991 'de
1401 950 1456 1004 quo
1478 939 1568 1006 loqui-

284 1027 290 1031 '
353 1026 419 1078 talis
437 1032 538 1092 praestn
552 1038 609 1080 nou
624 1026 704 1092 ioret,
722 1040 806 1094 posse
830 1026 858 1079 ld
876 1027 946 1079 iace·
980 1034 1042 1073 mur
1061 1040 1074 1067 a
1087 1022 1230 1087 Spirituale
1243 1023 1382 1089 quoddam
1408 1023 1539 1089 signum,
1554 1045 1567 1069 ι»

357 1124 399 1176 re,
411 1111 450 1163 uti
476 1118 551 1164 recte
577 1112 691 1165 adnotat
718 1112 916 1177 albaspinaeus.
936 1110 946 1144 ¹
980 1104 1188 1173 intelligendum
1203 1113 1265 1171 est,
1284 1113 1367 1173 prout
1388 1108 1468 1162 docet
1481 1110 1570 1175 liuge-

349 1197 480 1250 (talasius
492 1188 603 1263 agnovit
615 1198 691 1252 laicis
703 1197 730 1249 id
740 1198 822 1251 licere
833 1211 861 1247 :a
871 1195 946 1262 quod
980 1194 1061 1257 nius,
1078 1207 1114 1246 «a
1128 1194 1234 1249 caeteris
1251 1195 1436 1249 distinctivum
1451 1201 1478 1249 et
1490 1196 1568 1250 inde-

356 1287 386 1335 et
406 1282 482 1336 laicis
500 1283 660 1336 Christianis
681 1284 769 1337 iacere
784 1283 946 1349 plerumque
980 1279 1075 1343 lehile,
1087 1278 1123 1327 »⁷
1139 1280 1244 1333 scilicet
1255 1294 1309 1346 quo
1321 1281 1473 1347 baptizatus
1485 1283 1520 1335 ab
1534 1295 1567 1335 eo

350 1368 526 1421 conceditur.
540 1388 552 1415 n
566 1368 578 1402 ²
590 1370 648 1423 lmc
666 1369 802 1436 Baptisma
817 1388 830 1414 a
847 1381 863 1420 a
880 1380 947 1433 quc·
978 1364 1090 1430 quinon
1101 1364 1196 1431 recipit
1204 1366 1379 1431 Baptismurn,
1389 1368 1570 1433 reipsaeteo·

349 1466 475 1520 cumque
488 1454 539 1507 rite
552 1456 681 1507 collatum
699 1453 807 1521 prolicit
825 1454 859 1506 ad
873 1454 945 1506 salu·
980 1454 1097 1505 ramhec
1108 1451 1294 1518 distinguitur,
1307 1454 1437 1519 quodque
1449 1460 1567 1518 maneat,

352 1545 429 1603 tem,
445 1530 464 1587 'a
483 1539 523 1592 uti
545 1540 639 1593 docuit
660 1538 945 1603 Nicolausl.respon-
979 1550 1128 1603 numquam
1157 1538 1315 1591 delendum.
1348 1540 1447 1593 'tribus
1473 1542 1568 1593 Sacra-

354 1622 427 1676 dens
440 1624 474 1676 ad
492 1624 615 1678 consulta
629 1625 827 1691 bulgarorum,
841 1628 869 1675 et
881 1634 946 1675 eon·
978 1624 1079 1675 mentis
1097 1624 1280 1677 characterem
1300 1625 1373 1678 hune
1387 1624 1506 1691 imprimi
1518 1627 1567 1680 do-

357 1714 412 1761 stat
435 1709 679 1762 emLateranensis
706 1708 747 1759 lv.
764 1706 878 1760 concilii
900 1706 946 1758 de·
980 1711 1023 1759 cet
1037 1707 1165 1773 Ecclesia,
1184 1711 1356 1767 anathemate
1369 1711 1396 1763 in
1410 1718 1505 1764 contra
1525 1713 1568 1765 di-

347 1800 450 1856 =cret0,
474 1795 519 1847 cui
551 1799 685 1847 consonat
709 1792 822 1855 eugenii
844 1792 947 1844 instru-
980 1797 1074 1844 centes
1086 1793 1187 1845 lato:«
1210 1795 1236 1846 Si
1255 1795 1317 1860 quis
1330 1795 1428 1848 dixerit
1440 1796 1468 1847 in
1482 1798 1568 1850 tribus

356 1879 413 1932 ctio
436 1895 470 1929 :a
492 1879 580 1932 Etiam
601 1892 725 1947 paganus
747 1884 776 1932 et
802 1877 946 1930 haereticus
981 1876 1176 1939 sacramentis,
1201 1879 1339 1943 Baptismo
1363 1880 1485 1945 scilicet,
1503 1884 1570 1934 Con-

350 1965 495 2033 haptizare
507 1972 606 2031 potest.
620 1986 632 2012 a
644 1966 656 1999 ⁸
979 1958 1148 2041 firmatione,
1161 1968 1188 2014 et
1199 1962 1299 2015 ordine
1311 1976 1366 2017 non
1382 1966 1499 2031 imprimi
1510 1967 1570 2019 cha·

389 2052 447 2104 248.
466 2052 693 2119 Antiquissimum
706 2039 884 2106 esse'morem
898 2064 943 2117 ag·
977 2053 1111 2099 rectorem
1139 2050 1166 2100 in
1188 2049 1294 2113 anima,
1315 2051 1368 2104 hoc
1388 2056 1445 2115 est,
1460 2054 1579 2119 signum·

353 2139 431 2192 norit
445 2137 573 2192 calvinus
590 2153 598 2189 t
616 2156 627 2187 a
648 2139 723 2201 Quod
741 2142 832 2190 autem
851 2137 944 2189 multis
978 2134 1118 2199 qaroddam
1131 2136 1274 2202 spirituale
1286 2142 1313 2190 et
1325 2137 1481 2203 indelebile,
1496 2140 1569 2193 unde

344 2224 454 2278 abhinc
484 2224 592 2277 saeculis
616 2223 741 2290 adeoque
757 2224 793 2276 ah
808 2222 869 2289 ipso
887 2221 943 2275 iere
977 2233 1009 2273 ea
1019 2221 1109 2274 iterari
1119 2234 1174 2275 non
1189 2229 1313 2289 passuum
1326 2226 1470 2277 anathema
1482 2225 1568 2278 siti8

353 2310 483 2364 Ecclesiae
501 2310 623 2374 exordio,
643 2324 695 2362 usu
714 2315 854 2376 receptum
873 2308 962 2373 init,'
1007 2306 1066 2360 aad.
1081 2309 1225 2362 Character
1236 2310 1374 2377 Baptismo
1388 2310 1567 2377 impressusa

355 2402 388 2449 nt
399 2397 426 2448 in
439 2396 563 2462 periculo
576 2396 673 2449 mortis
690 2395 752 2449 laici
763 2395 941 2461 baptizarent,
976 2392 1100 2445 Patribus
1123 2394 1250 2447 Ecclesiae
1272 2396 1452 2462 praedicatur,
1471 2397 1565 2463 utique

354 2482 379 2533 si
397 2482 522 2535 minister
539 2482 567 2533 in
586 2486 709 2547 tempore
733 2494 789 2535 non
811 2481 941 2543 adesset,
974 2479 1049 2544 Juxta
1067 2479 1239 2533 traditionem
1261 2482 1295 2533 ab
1310 2483 1446 2548 apostolis
1461 2484 1567 2537 deriva-

356 2580 413 2619 non
425 2567 505 2621 video
523 2567 695 2639 quamtirma
709 2567 814 2619 ratione
833 2566 942 2619 delendi
977 2570 1042 2615 tam.
1059 2584 1071 2609 «
1093 2566 1226 2628 Nemota,
1250 2584 1262 2611 ι
1283 2566 1372 2631 inquit
1389 2568 1417 2617 s.
1429 2566 1565 2629 Basilius,

346 2657 447 2716 coeat.
465 2651 503 2699 »⁸
521 2652 720 2720 Presbyteriani
738 2652 879 2705 calcinum
900 2664 943 2703 se·
980 2668 992 2693 α
1010 2661 1142 2713 «inarum,
1161 2655 1333 2713 nostrarum,
1346 2664 1380 2702 an
1398 2650 1565 2715 adversarii,

343 2736 423 2803 arni,
443 2750 522 2804 quam
546 2743 629 2792 totam
647 2738 836 2805 antiquitatem
860 2750 943 2791 vene·
976 2734 1094 2800 partium
1115 2734 1169 2798 sis,
1183 2734 1303 2799 noverit,
1316 2735 1369 2790 nisi
1383 2736 1505 2804 mysticis
1528 2737 1565 2791 si·

353 2824 853 2891 randammaluerunt‚etBaptismum
864 2837 943 2889 aeque
977 2821 1037 2886 gnis
1074 2814 1281 2874 familiaritatem
1311 2822 1485 2888 praeteieras,
1510 2823 1563 2878 uisi

353 2921 387 2962 ac
411 2922 518 2962 coenam
543 2909 655 2962 nonnisi
676 2923 691 2962 a
714 2909 847 2962 ministris
865 2909 942 2962 verbi
976 2905 1112 2974 signatum
1135 2907 1170 2960 sit
1195 2921 1277 2974 super
1305 2913 1331 2962 te
1354 2909 1446 2962 lumen
1472 2910 1564 2963 vultus

346 2993 439 3047 divini
460 2995 511 3047 rite
537 2996 670 3049 ordinatis
693 2996 843 3048 ministrari
859 3008 942 3063 posse
976 2993 1092 3046 Domini.
1106 2993 1161 3046 Nisi
1177 2995 1361 3048 characterem
1379 2995 1407 3047 in
1431 2999 1458 3048 te
1478 3008 1564 3062 agno-

342 3081 538 3142 ·contendnnt;
552 3081 563 3114 ⁸
576 3083 628 3134 sibi
642 3083 677 3135 de
700 3097 749 3134 sua
768 3081 941 3134 ordinatione
975 3086 1033 3132 scat
1055 3081 1191 3146 Angelus,
1214 3094 1333 3146 quonam
1362 3082 1445 3135 modo
1468 3087 1563 3147 prote

360 3165 506 3218 lludentes.
529 3166 704 3231 Episcopales
732 3167 761 3218 in
790 3166 942 3219 contrarias
975 3165 1122 3230 pugnabit,
1150 3172 1197 3217 aut
1228 3167 1261 3218 ab
1288 3167 1407 3219 inimicis
1439 3167 1563 3220 vindiea-

341 3252 455 3304 :aheunt
471 3249 630 3303 sententias.
650 3250 662 3282 ⁶
678 3302 681 3306 Α
976 3247 1057 3298 niti»
1072 3248 1082 3280 ⁰
1097 3251 1124 3300 s.
1134 3250 1302 3314 Augustinus
1316 3251 1421 3303 confert
1434 3251 1563 3316 Baptismi

976 3331 1160 3384 characterem
1178 3346 1240 3384 cum
1252 3340 1316 3386 nota
1334 3335 1494 3400 corporibus
1515 3336 1563 3387 mi·

558 3421 662 3471 CAPUT
678 3417 743 3470 vlll.
975 3415 1053 3467 litum
1073 3415 1138 3470 olim
1160 3417 1277 3472 inusta:
1294 3439 1306 3466 «
1324 3423 1364 3472 lin
1384 3421 1453 3474 sorte
1471 3421 1562 3476 miuus

937 3545 942 3554 .
975 3501 1079 3555 haerent
1107 3505 1281 3558 Sacramenta
1307 3507 1454 3560 christiana
1479 3521 1562 3575 quarn

538 3602 568 3640 nn
585 3603 757 3644 camorana.
973 3589 1123 3654 corporalis
1145 3591 1204 3644 lraec
1223 3597 1308 3656 nota,
1335 3607 1397 3646 cum
1418 3593 1561 3646 rideamus

973 3687 1024 3728 nec
1042 3682 1182 3742 apostatas
1194 3691 1287 3732 carere
1300 3680 1483 3746 Baptismate‚
1501 3681 1561 3746 qui·

384 3764 444 3816 ate.
456 3765 522 3816 curn
539 3763 584 3816 illa
599 3765 727 3830 quamde
746 3765 883 3831 Baptismo
904 3766 938 3817 ah
973 3759 1025 3814 ltus
1040 3767 1133 3829 utique
1148 3778 1197 3830 per
1216 3753 1406 3830 poenitentiam
1426 3767 1562 3820 redeunti·

349 3848 487 3903 haereticis
507 3852 606 3904 collato
633 3851 820 3905 controversia
843 3852 952 3905 retuli·⁴
973 3847 1093 3901 hasnon
1111 3849 1272 3914 restituitur,
1284 3857 1311 3904 et
1328 3851 1391 3905 ideo
1406 3852 1492 3905 amitti
1504 3865 1560 3905 non

349 3949 426 3998 mus,
441 3932 562 3989 connexa
582 3942 625 3989 est
647 3937 700 3989 alia
721 3937 755 3990 de
778 3938 937 3990 charactere
971 3946 1053 3998 posse
1061 3933 1220 4001 judicaturi
1232 3953 1248 3984 >a
1260 3935 1342 3991 ¹⁰hlio
1353 3938 1381 3989 in
1395 3939 1456 3990 loco
1472 3937 1537 3989 dicit
1551 3953 1557 3988 :

349 4021 491 4088 haptizatis
501 4021 643 4090 impresso,
656 4022 718 4075 ideo
729 4021 829 4088 qnippe
840 4021 938 4074 iteran·
962 4037 987 4076 ,e
1006 4019 1110 4072 liabere
1122 4025 1149 4072 et
1161 4020 1241 4084 dare,
1256 4027 1283 4074 et
1295 4022 1418 4087 accipere
1430 4021 1560 4086 Baptismi

364 4287 401 4336 it)
415 4287 576 4327 Cit.a1uenino
586 4285 643 4327 Dies.
653 4284 676 4325 ii.
686 4285 712 4326 de
722 4284 849 4338 nspeiemo,
858 4295 895 4336 qn.
905 4283 932 4326 ri.
968 4285 1037 4326 nister
1046 4282 1070 4324 oi
1078 4283 1114 4322 the
1122 4281 1182 4323 word
1200 4281 1295 4336 lausnlly
1304 4281 1435 4324 ordeined.»

335 4366 364 4395 ⁴.
373 4354 396 4395 ii.
406 4361 448 4395 art.
461 4355 484 4394 ii.
805 4379 809 4388 ·
993 4354 1020 4406 (dl
1035 4352 1087 4393 Vide
1100 4353 1119 4391 h
1128 4350 1247 4404 dictionerp
1260 4351 1284 4392 oi
1296 4352 1331 4392 ihs
1348 4352 1489 4408 Church,by
1505 4357 1559 4399 lter.

371 4426 399 4474 tt)
416 4425 455 4478 Ep.
464 4424 492 4465 ad
500 4424 613 4465 universos
627 4423 745 4476 Episcopus
753 4435 773 4464 e.
782 4422 820 4463 rii.
965 4425 1022 4465 Wm.
1032 4423 1146 4473 staunton,
1155 4421 1204 4462 heu
1214 4422 1278 4474 l'orli,
1289 4427 1344 4474 teca,
1353 4429 1394 4466 ert.
1408 4423 1454 4478 Lep
1466 4425 1531 4478 Bcpt.
1552 4475 1555 4480 Ι

371 4492 399 4544 (³)
415 4493 478 4533 lustr.
488 4494 515 4533 ad
525 4496 628 4534 armenos
638 4493 660 4533 in
675 4493 741 4534 Cone.
751 4494 808 4534 l'lor.
991 4493 1018 4546 (t)
1034 4493 1122 4532 Decreta
1131 4490 1158 4530 nd
1167 4491 1279 4530 Armenoc.

370 4559 396 4613 (t)
422 4561 445 4601 ln
460 4561 560 4603 Antidoto
576 4562 625 4603 adr.
644 4563 709 4604 Cone.
726 4563 784 4604 Trid.
812 4563 870 4605 Sese.
895 4565 933 4605 vii.
993 4563 1021 4615 (8)
1036 4559 1200 4604 sessulam.
1214 4559 1239 4600 ix.

338 4641 395 4670 ean.
410 4641 430 4670 x.
993 4632 1020 4686 (9]
1035 4629 1150 4672 Homulli.
1164 4629 1185 4668 in
1196 4631 1217 4670 S.
1230 4631 1345 4683 Baptisma.

372 4699 400 4750 (51
414 4699 542 4742 Confession
550 4700 632 4743 oiiaitli
641 4701 690 4752 ,oh
700 4701 762 4742 xxvii.
770 4713 793 4742 n.
800 4703 842 4743 im
850 4703 935 4745 neither
994 4702 1032 4754 (td)
1048 4702 1072 4743 L.
1082 4699 1105 4740 ii.
1112 4705 1185 4741 contra
1194 4700 1256 4752 epist.
1271 4701 1405 4743 parmeniani
1415 4714 1433 4742 c.
1443 4699 1488 4740 nili.

339 4767 448 4810 oiwhicli
466 4781 516 4822 map
530 4770 679 4823 hediepeneed
692 4771 720 4824 by
733 4771 935 4826 subbutbpami-
