3792 5550
357 567 409 620 340
650 565 765 616 sanct.
783 565 859 616 ltvtt.
879 565 921 616 ott
938 565 1051 618 steats
1068 567 1249 622 oltolltlstts.

361 683 406 735 vel
423 681 555 747 majorem
581 692 672 732 rerum
692 691 725 732 ac
742 679 877 733 bonorum
889 691 952 732 suo·
986 687 1047 744 tur,
1068 681 1185 736 Ordines
1202 681 1292 736 valide
1310 678 1430 742 confert,
1453 679 1582 746 quamvis

360 781 423 820 rum
435 772 540 833 partem
563 779 626 818 cum
649 765 790 818 instructis
800 765 908 818 aedious
922 765 949 818 in
986 773 1091 833 peccet.
1110 767 1244 834 Equidem
1264 765 1406 819 decretum
1418 770 1493 818 esta
1511 767 1582 818 Gon-

361 854 453 906 locnm
475 851 612 918 ejusmodi
629 850 834 914 transferendo,
857 851 951 916 ibique
987 852 1050 907 cilio
1073 852 1198 917 llicaeno,
1217 852 1381 906 Novatianos
1406 857 1435 904 et
1452 850 1582 914 Arianos,

360 937 475 1003 insuper
486 949 536 1002 per
544 935 655 1001 aliquod
672 936 874 992 considerabile
882 942 952 990 tem·
987 937 1035 1003 qui
1058 938 1086 991 in
1105 937 1203 990 haeresi
1225 935 1342 990 ordinati
1367 937 1495 1001 luerunt,
1515 937 1582 990 reci-

361 1037 414 1088 pus
422 1021 632 1082 commorando,
641 1021 709 1074 satis
720 1035 858 1089 superque
870 1035 952 1076 suum
986 1023 1118 1090 pieudos,
1154 1022 1285 1074 ordinum
1312 1021 1420 1088 gradu,
1444 1034 1531 1086 quiem
1557 1021 1584 1073 in

360 1114 493 1174 perpetuo
512 1107 615 1160 ibidem
634 1108 812 1173 permanendi
829 1107 951 1162 animum
989 1109 1089 1162 haeresi
1109 1111 1302 1174 susceperant,
1313 1111 1442 1168 servato;
1457 1107 1534 1172 quod
1550 1107 1583 1159 de

361 1191 604 1252 demonstraverim
624 1196 652 1244 et
674 1191 852 1246 nihilominus
881 1193 953 1246 ulte-
986 1194 1145 1248 omnibnsa
1172 1205 1346 1258 quacumque
1364 1192 1464 1246 haeresi
1473 1205 1584 1246 conver

360 1278 417 1332 rius
443 1282 561 1344 utroque
587 1291 654 1332 casu
666 1291 697 1332 se
714 1292 778 1334 vere
802 1285 831 1332 et
842 1278 953 1332 realiter
987 1280 1026 1334 sis
1039 1280 1169 1345 deinceps
1179 1279 1274 1332 statuit
1289 1278 1442 1332 Concilium
1456 1280 1513 1330 l'll.
1535 1281 1583 1331 llu-

361 1364 483 1416 animum
497 1364 655 1430 hujusmodi
668 1364 954 1430 habere,jure1uran-
986 1365 1126 1432 pastinum
1143 1366 1200 1431 jam
1222 1363 1395 1416 laudavimus
1418 1363 1579 1416 Donatistas

360 1449 398 1502 do
424 1447 595 1502 affirmet-¹
621 1449 769 1515 llegulares
806 1449 953 1502 ordinandi
988 1456 1145 1517 urgentem,
1165 1456 1193 1502 et
1213 1448 1286 1502 idem
1312 1448 1347 1500 da
1369 1448 1527 1514 Baptismo,
1549 1448 1582 1502 de

359 1542 425 1587 sunt
437 1535 473 1586 ab
487 1534 622 1599 Episcopo
634 1534 662 1586 in
674 1535 753 1600 cujus
770 1534 951 1588 dioecesimo-
989 1535 1106 1600 ordine,
1132 1541 1159 1589 et
1183 1535 1218 1587 de
1241 1534 1371 1588 omnibus
1397 1536 1582 1588 sacramentis

360 1619 510 1672 namatium
535 1625 578 1672 est
598 1618 700 1681 situm,
719 1631 769 1671 nec
782 1624 900 1684 possunt
916 1619 952 1672 ad
989 1625 1154 1674 statuentem
1169 1619 1344 1686 principium.
1358 1619 1387 1672 ld
1397 1620 1503 1686 passim
1517 1634 1584 1687 pra--

359 1706 443 1759 alium
453 1704 634 1768 remitti‚nisi
646 1704 800 1770 Episcopus
818 1704 953 1758 dioeoesa-
989 1707 1108 1760 dicatzs
1128 1707 1303 1759 Sacramenta
1330 1717 1393 1771 qum
1415 1717 1474 1758 non
1495 1711 1583 1758 muta-

360 1797 414 1846 nu's
425 1792 514 1858 absit,
525 1793 569 1847 vel
578 1791 766 1845 ordinationes
783 1792 890 1845 nonsit
907 1791 954 1844 lra-
989 1793 1057 1855 stis,
1081 1791 1152 1846 sicut
1169 1790 1277 1844 hahetis
1300 1790 1519 1856 approbantura
1536 1803 1584 1844 no·

359 1878 501 1933 biturus.¹
519 1877 641 1931 vicarius
677 1877 817 1931 Generalis
846 1877 952 1930 litteras
988 1878 1086 1930 liis.»⁸
1202 1897 1215 1924 ι
1235 1880 1273 1930 Ex
1290 1877 1431 1930 catholiea
1444 1877 1521 1930 enim
1537 1879 1582 1930 ltc-

359 1964 561 2020 dimissoriales
593 1963 700 2018 clericis
722 1962 903 2016 saecularibus
915 1962 951 2015 ad
987 1964 1070 2019 clesia
1083 1970 1148 2018 sunt
1164 1965 1257 2018 omnia
1270 1963 1410 2018 ltominica
1422 1966 1583 2018 Sacramen-

358 2050 551 2116 suscipiendos
564 2049 700 2102 abelleno
716 2049 854 2115 Episcopo
874 2047 952 2100 ordi·
988 2051 1135 2117 ta,quaesic
1147 2051 1291 2104 habetiset
1307 2051 1394 2115 datis,
1405 2051 1585 2116 quemadmo-

359 2151 410 2192 nes
419 2151 475 2191 non
485 2139 558 2192 valet
576 2135 747 2198 concedere,
758 2135 812 2188 nisi
824 2134 952 2200 proprius
988 2137 1053 2190 dnm
1067 2137 1239 2190 habebantur
1248 2141 1276 2190 et
1287 2137 1517 2199 dabantur,etiam
1528 2136 1584 2202 pri-

361 2225 512 2290 Episcopus
532 2223 580 2275 diu
592 2221 665 2274 absit
680 2222 708 2273 in
721 2221 954 2287 regionibuslon-
987 2236 1104 2288 nsquam
1118 2222 1303 2276 indeexiretis
1323 2261 1329 2273 .
1351 2261 1357 2274 .
1379 2261 1384 2274 .
1408 2260 1415 2275 .
1435 2222 1582 2276 nobiscum

360 2309 485 2376 pinquis,
506 2308 551 2361 vel
571 2307 684 2372 speciali
700 2307 831 2360 mandato
843 2307 913 2360 nanc
925 2307 952 2360 ei
989 2313 1080 2362 autem
1093 2308 1159 2362 estis
1169 2307 1197 2360 in
1207 2307 1357 2374 Baptismo,
1366 2307 1395 2360 in
1405 2308 1543 2374 symbolo,
1556 2308 1581 2360 in

361 2393 528 2460 delegaverit
540 2390 732 2459 potestatem.⁸
752 2394 805 2445 tlec
831 2391 953 2445 vicarius
988 2391 1095 2446 ceteris
1107 2392 1581 2458 Dominicissacramentis.»⁶Quod

361 2480 538 2548 capitularis,
551 2479 597 2546 qui
610 2478 891 2544 scilieetacopr'tuto,
902 2491 953 2533 seu
989 2484 1079 2532 eutem
1098 2478 1274 2534 innocentius
1288 2480 1309 2530 1.
1329 2479 1364 2532 de
1384 2479 1525 2534 lraereticis
1543 2479 1582 2532 di·

360 2565 478 2633 collegio
490 2564 690 2618 canonicorum
710 2564 840 2618 Ecclesiae
857 2565 954 2618 Gathe-
988 2563 1042 2618 cit:
1058 2582 1074 2612 u
1086 2576 1137 2616 nec
1149 2564 1215 2616 dere
1230 2564 1289 2630 ejus
1307 2564 1447 2630 (Spiritus)
1461 2565 1581 2631 plenitu-

286 2695 289 2701 .
364 2653 467 2716 dralis,
487 2658 601 2707 vacante
615 2652 820 2719 sede',eligitur
839 2651 957 2705 eddioe·
988 2650 1081 2704 dinem
1092 2655 1228 2716 possunt,
1243 2663 1307 2716 quae
1319 2651 1439 2704 maxime
1465 2652 1493 2704 in
1508 2651 1581 2706 ordi-

361 2752 459 2795 ceseos
472 2739 594 2806 regimen
622 2739 712 2794 donec
738 2738 893 2805 Episcopus
905 2738 954 2792 de·
988 2736 1145 2791 nationibus
1170 2735 1360 2802 operaturml
1385 2735 1501 2803 respicit
1525 2748 1580 2805 gra-

363 2826 488 2892 signatus
497 2825 579 2877 inerit
590 2825 710 2888 ,litteras
722 2823 880 2889 hujusmodi
890 2836 955 2878 con·
988 2823 1053 2877 tiam
1070 2822 1176 2879 ordinis
1193 2836 1266 2877 :nec
1286 2824 1346 2890 ejus
1361 2824 1487 2877 valorem
1505 2823 1580 2877 attin

362 2910 464 2964 cedere
482 2914 575 2974 potest
586 2911 657 2961 intra
670 2922 800 2961 annuma
819 2909 954 2963 dievaca-
988 2909 1045 2977 git,
1065 2911 1189 2977 quamvis
1201 2911 1321 2965 honores
1338 2910 1439 2963 Christi
1462 2910 1578 2975 profanis

359 2995 461 3057 tionis,
480 2993 533 3045 nisi
562 2993 588 3045 ei
608 2993 656 3059 qni
676 2992 812 3045 beneficio
824 2993 955 3047 ecclesia·
989 2993 1124 3059 ejusmodi
1135 2994 1324 3048 sacerdotibus
1333 2996 1433 3051 merito
1454 2996 1577 3062 deneget.

361 3080 433 3134 stico
446 3080 583 3142 donatus,
606 3079 647 3132 vel
659 3090 723 3133 mox
740 3077 903 3141 donandus,
916 3079 952 3131 ad
988 3080 1057 3136 ilinc
1068 3086 1126 3135 tota
1146 3087 1237 3137 errant
1254 3095 1284 3135 ro
1301 3082 1445 3149 Anglicaui
1458 3082 1578 3137 nonnulli

361 3165 478 3219 ordines
498 3164 690 3230 suscipiendos
702 3169 838 3217 teneatur.
852 3162 864 3198 ⁸
877 3164 953 3218 idem
988 3167 1176 3221 ordinationes
1191 3166 1280 3223 irritas
1301 3181 1364 3221 esse
1377 3168 1513 3223 docentes
1526 3169 1578 3223 ltae-

315 3306 320 3313 ,
360 3252 510 3306 dicendum
520 3250 556 3303 de
567 3249 796 3304 Administratore
812 3248 951 3313 dioecesis,
987 3265 1184 3307 reseoscausa.

364 3338 429 3404 oui,
441 3335 610 3405 juxta‘sedis
622 3334 785 3401 spostolicae
796 3329 953 3398 indultum,
1022 3340 1080 3390 las.
1095 3338 1265 3392 schismatici
1279 3341 1338 3405 pari
1353 3341 1461 3397 ratione
1479 3342 1514 3395 ad
1533 3345 1579 3395 Ec-

362 3420 819 3490 designatustueritaoepistolio,
832 3426 872 3484 ¹11,
886 3419 953 3473 sede
989 3424 1080 3479 clesiae
1109 3426 1331 3480 communionem
1355 3429 1442 3495 recipi
1465 3442 1580 3484 consue·

363 3514 489 3571 vacante,
503 3504 753 3573 fedatdloesseiimr
766 3516 816 3569 ΡΠ)
828 3505 953 3558 morinus
987 3516 1098 3575 verunt,
1115 3513 1201 3579 gradu
1219 3527 1301 3579 quem
1325 3524 1508 3583 susceperant
1525 3531 1580 3571 ser-

360 3594 588 3656 ⁰⁰³1r582tll¹¹1ffl
608 3588 808 3641 0³⁰⁰ssic⁰lt¹m
842 3588 953 3654 capitu·
988 3600 1062 3651 vato.
1086 3597 1129 3651 Sic
1149 3599 1301 3665 presbyteri
1317 3614 1332 3653 a
1347 3603 1456 3657 Meletio
1474 3604 1579 3657 ordina-

360 3678 417 3729 lum
436 3673 663 3728 nonhabeanlus·
853 3740 858 3749 ¹
986 3680 1022 3745 ti,
1040 3683 1148 3748 iuribus
1167 3684 1266 3749 spretis
1292 3687 1363 3739 Petri
1385 3689 1576 3751 alexandrini,

392 3760 451 3811 ist.
482 3757 631 3824 legitimus
666 3755 798 3829 ordinum
827 3756 954 3813 minister
988 3766 1142 3819 restrium
1153 3769 1270 3823 tlicaenis
1286 3772 1372 3837 gratia
1390 3773 1487 3827 donati
1499 3779 1575 3837 sunt,

361 3849 405 3898 ost
434 3842 586 3909 Episcopus
609 3840 773 3903 catholicus,
789 3842 955 3908 jurisdictio-
989 3854 1035 3913 ut,
1057 3852 1142 3919 gradu
1161 3860 1284 3917 servato,
1300 3850 1455 3911 secundum
1472 3861 1576 3920 locum,

358 3932 475 3997 nisque
499 3928 600 4005 gaudet
617 3928 717 3981 limites
735 3940 791 3984 non
815 3935 952 3998 transgre-
989 3941 1053 4000 post
1073 3937 1248 4003 presbyteros
1263 3952 1277 3991 a
1293 3941 1451 3995 patriarcha
1471 3943 1576 3996 ordina·

358 4017 448 4071 diens.
475 4015 524 4080 Qui
549 4012 655 4068 ordinis
680 4011 846 4079 episcopalis
857 4016 951 4069 chara·
988 4021 1225 4084 tomootinerent.
1245 4026 1515 4081 «liaconditionein
1530 4030 1576 4081 Ec·

358 4111 433 4158 ctere
445 4102 594 4169 insignitus
604 4102 664 4160 est,
688 4100 738 4153 sed
755 4100 952 4165 jurisdictione
987 4106 1079 4161 clesiae
1120 4109 1348 4163 communionem
1381 4113 1576 4174 admittantur,

357 4196 450 4254 caret,
464 4190 508 4245 vel
526 4189 597 4243 ultra
621 4188 682 4253 ejus
699 4185 800 4241 limites
812 4190 954 4256 progredi·
986 4192 1116 4247 nimirum
1142 4200 1171 4247 ut
1195 4195 1390 4251 ecclesiasticae
1401 4198 1541 4263 dignitatis
1552 4202 1578 4250 et

599 4286 611 4319 Ι

382 4453 411 4504 (t)
425 4453 583 4494 Constitutione
592 4482 600 4506 ‚
609 4465 657 4506 que
671 4453 748 4508 incipit
765 4462 772 4489 τ
791 4454 955 4507 Speculatores,
1016 4456 1044 4509 (a)
1054 4457 1106 4510 Cap.
1117 4457 1148 4499 iii.
1158 4458 1184 4499 de
1192 4464 1259 4512 temp.
1269 4459 1316 4499 ord.
1325 4459 1349 4499 in
1358 4466 1376 4501 o.

361 4532 421 4562 anno
431 4526 488 4562 teet.
1016 4525 1044 4578 (tt
1052 4526 1109 4568 Trid.
1117 4528 1182 4569 Cone.
1197 4527 1256 4569 Sese.
1265 4527 1302 4570 vii.
1313 4539 1361 4581 cap.
1368 4540 1388 4569 x.
1398 4530 1425 4569 de
1434 4528 1481 4569 liei.

387 4593 416 4641 (tp
428 4591 480 4630 Vide
498 4590 580 4642 Gener.
592 4592 616 4633 S.
624 4593 717 4635 Concilii
736 4597 795 4639 Trid.
811 4597 955 4649 interpretum
1014 4593 1043 4647 (t)
1052 4596 1091 4649 Ep.
1100 4596 1183 4639 lxxxvii.

363 4670 422 4710 resp.
433 4663 465 4698 te.
478 4659 549 4699 llartii
558 4670 595 4701 en.
612 4667 661 4703 leot
669 4691 677 4714 ,
686 4665 745 4717 apud
757 4667 890 4707 ltronenium
898 4666 954 4706 dere
1012 4665 1038 4717 (t)
1049 4666 1088 4718 Ep.
1096 4666 1266 4708 advincentiunx
1279 4668 1413 4710 Donatistam
1423 4667 1480 4709 xciii.

357 4730 407 4771 See.
416 4728 431 4769 1.
447 4728 492 4770 viii.
500 4740 520 4769 c.
532 4729 564 4771 iii.
573 4731 626 4773 vide
639 4738 660 4773 et
674 4734 780 4776 Benedicti
795 4737 848 4778 ltiv.
859 4736 951 4778 Constit.
1012 4734 1040 4786 [a]
1051 4736 1089 4788 Ep.
1100 4736 1127 4777 ed
1135 4736 1258 4789 stenprtr.
1271 4737 1372 4781 Antiooh-

359 4809 408 4850 ane
417 4796 505 4849 incipit:
514 4797 528 4837 1
529 4801 616 4850 raperet
626 4801 687 4841 nobit
697 4816 704 4845 ‚-
713 4812 741 4841 an
754 4807 811 4843 tter.
1256 4818 1258 4823 ’
