3792 5550
382 589 429 638 lau
703 583 816 633 ablat.
834 580 901 631 xlll.
920 582 948 631 P.
970 581 989 630 l.
1009 578 1051 631 ba
1070 577 1297 630 auculalsrla

380 699 501 767 Gregorii
539 704 664 764 precatur
688 698 818 751 sacerdos
841 712 847 745 ε
873 716 884 741 ι
911 698 973 761 lpse
1006 701 1059 747 tur.
1075 697 1104 745 ln
1125 695 1298 747 invocatione
1321 693 1598 760 legimuszuuteffi·

380 787 472 853 igitur,
489 785 613 846 bomine,
624 788 668 835 tua
681 794 748 835 voce
759 784 817 833 ltaec
830 780 972 847 proposita
1007 780 1060 832 ciat
1073 793 1171 845 panem
1184 782 1256 833 bunc
1269 781 1359 846 ipsum
1382 794 1484 845 corpus
1499 780 1599 832 Christi

380 876 532 924 transmata
545 868 746 931 -ptmtam
758 895 790 905 -
803 869 864 932 lpse
890 865 971 931 spiri·
1006 865 1054 917 ltci
1073 866 1179 929 nostri,
1200 872 1227 918 et
1247 865 1360 918 calicem
1377 866 1452 917 ltunc
1472 864 1597 916 exhibeat

381 962 535 1009 tumtunm
561 960 686 1007 sanctum
709 953 804 1016 mitte,
829 956 859 1004 ut
889 951 975 1005 adve—
1006 949 1097 1015 ipsum
1115 951 1276 1017 sanguinem
1292 949 1557 1002 Christllteinostri.
1581 970 1593 993 ιι

381 1042 478 1103 triens,
502 1046 611 1100 sancta,
639 1040 712 1092 bona
731 1044 758 1092 et
781 1037 900 1104 gloriosa
923 1048 972 1088 sua
1039 1038 1098 1087 dl’l.
1111 1036 1250 1101 AEtbiopes
1268 1036 1296 1087 in
1313 1049 1362 1088 sua
1380 1034 1520 1101 liturgia,
1535 1042 1597 1100 post

380 1125 526 1193 praesentia
538 1125 688 1179 sanctificet
699 1128 898 1177 ottransmutet
912 1134 974 1187 pro-
1006 1120 1108 1173 Cltristi
1126 1121 1208 1174 rerba
1230 1121 1257 1173 in
1272 1134 1372 1187 panem
1388 1122 1502 1173 recitata
1521 1134 1537 1171 a
1555 1133 1596 1171 sa·

382 1210 471 1276 posita
494 1211 629 1276 pretiosa,
651 1216 677 1263 et
691 1215 785 1263 sancta
808 1210 879 1261 dona
902 1208 972 1271 ista,
1006 1207 1134 1269 cerdotc,
1164 1207 1309 1259 clamant:
1331 1225 1344 1251 ι
1366 1208 1474 1268 lmen,
1494 1214 1595 1267 amen,

382 1296 409 1346 in
424 1294 516 1360 ipsam
528 1308 625 1360 corpas
643 1301 668 1349 ct
687 1294 849 1361 areapolitem
871 1298 973 1345 uostrae
1007 1296 1100 1345 tmen.
1117 1292 1260 1345 Credimus
1286 1299 1312 1345 et
1326 1293 1391 1345 certi
1413 1305 1510 1344 sumus
1522 1330 1530 1355 ,
1541 1292 1596 1342 lau·

383 1380 563 1433 liberationis.
589 1400 601 1426 ιι
628 1380 751 1444 Populus
771 1394 777 1430 :
804 1399 815 1423 ιι
843 1377 974 1430 Attenda-
1007 1378 1105 1430 damus
1118 1383 1155 1440 te,
1169 1377 1363 1430 bomineltens
1376 1377 1596 1439 noster,bocest

382 1479 454 1518 ntus.
474 1485 485 1510 ιι
500 1465 638 1517 Diaconos
653 1479 661 1514 :
680 1465 800 1515 namen.
817 1482 828 1508 ιι
845 1463 974 1515 Sacerdos
1006 1478 1087 1527 uere,
1098 1469 1125 1517 et
1141 1463 1177 1515 ita
1193 1464 1348 1527 credimus,
1362 1477 1463 1529 corpus
1481 1469 1568 1516 tuum.
1581 1480 1598 1508 ιι

382 1555 438 1604 olto
453 1563 515 1604 voce
536 1566 544 1601 :
564 1568 579 1597 ιι
597 1552 629 1601 ut
650 1549 731 1601 iaciat
746 1561 845 1614 panem
862 1548 974 1612 quidem
1007 1548 1137 1602 Similiter
1155 1554 1218 1615 post
1232 1549 1316 1601 verba
1335 1550 1362 1600 in
1393 1548 1524 1610 calicem,
1550 1560 1596 1613 po·

383 1638 465 1689 istum
479 1635 538 1688 lieri
562 1642 686 1687 sanctum
706 1647 805 1700 corpus
824 1639 900 1686 tuum
922 1635 974 1685 bo-
1008 1636 1088 1700 pulus
1103 1634 1169 1687 dicit
1187 1649 1194 1684 ε
1211 1654 1224 1679 ι
1237 1637 1331 1686 tmen.
1345 1637 1411 1686 vere
1429 1640 1473 1686 est
1487 1632 1598 1699 sangnis

383 1721 448 1775 mini
477 1721 520 1773 bei
542 1726 568 1773 ct
598 1719 763 1782 salvatoris,
797 1716 974 1783 supremique
1007 1724 1088 1781 tuus,
1112 1717 1260 1771 credimus.
1280 1739 1292 1763 ι

384 1807 464 1872 liceis
486 1805 609 1858 omnium
631 1811 756 1858 nostrum
773 1805 838 1856 iesu
855 1802 973 1865 christi,
1040 1806 1099 1856 518.
1115 1806 1145 1856 Ιιι
1162 1804 1281 1870 liturgia
1304 1806 1445 1867 Romana,
1462 1805 1540 1869 juxta
1553 1816 1598 1855 an-

385 1894 412 1944 in
441 1891 634 1945 remissionem
669 1894 863 1955 peccatorum,
884 1892 912 1940 et
939 1888 974 1940 ad
1007 1890 1178 1956 tionissimos
1189 1891 1288 1942 Gelasii
1302 1897 1328 1943 et
1342 1889 1464 1956 Gregorii
1477 1890 1596 1951 codices,

384 1978 466 2029 ritam
493 1980 622 2029 aeternam
652 1973 920 2027 communicantibus
941 1986 975 2025 ex
1008 1974 1134 2038 liabetur,
1155 1978 1194 2028 uti
1210 1975 1502 2037 bodie,oratio:«nt
1519 1974 1598 2027 nobis

384 2062 440 2115 illo.
467 2082 478 2105 ιι
494 2061 538 2114 Aa
555 2060 773 2113 continuationem
793 2058 916 2111 sacerdot
934 2062 976 2110 ter
1007 2075 1105 2127 corpus
1123 2066 1150 2114 et
1163 2062 1275 2127 scapeia
1289 2059 1337 2125 pat
1350 2060 1522 2113 dilectissimi
1541 2060 1598 2111 Filii

383 2148 449 2199 dicit
474 2162 482 2197 :
510 2166 521 2190 t
545 2148 650 2210 Corpus
666 2150 791 2197 sanctum
809 2148 837 2196 et
862 2142 975 2209 sanguis
1008 2148 1047 2200 tui
1066 2147 1173 2200 bomini
1185 2147 1273 2200 nostri
1292 2150 1358 2200 lesu
1375 2146 1485 2199 Christi.
1503 2168 1515 2192 ιι
1535 2148 1599 2199 Post

384 2233 520 2297 pretiosus
531 2268 538 2293 ι
550 2244 632 2283 vesus
644 2233 708 2282 10⁵¹!
725 2229 824 2281 Chtisli
843 2228 902 2281 Filii
916 2228 983 2303 Dei„
1008 2234 1320 2287 consecrationemdteit
1341 2234 1471 2285 sacerdos
1485 2249 1491 2283 :
1509 2255 1521 2278 ι
1533 2231 1599 2285 olle-

383 2321 477 2369 .lmen.
500 2317 659 2367 Emmanuel
677 2314 721 2366 bei
740 2315 842 2377 nostri,
862 2316 915 2368 boc
932 2321 976 2368 est
1007 2320 1093 2372 rimus
1107 2320 1244 2385 praeclarae
1259 2318 1393 2384 majestati
1409 2322 1483 2381 tuae,
1499 2319 1533 2371 de
1546 2318 1598 2370 tuis

294 2425 297 2431 ·
384 2415 456 2455 rere.
470 2406 564 2453 aman.
578 2401 701 2465 Poputtts
715 2416 723 2451 .·
741 2419 752 2449 ι
765 2405 860 2462 Amen,
875 2400 974 2464 credo,
1007 2405 1087 2457 donis
1096 2418 1129 2457 ac
1140 2404 1221 2466 datis,
1232 2404 1350 2457 bostiam
1362 2416 1468 2468 puram,
1482 2404 1598 2457 bostiam

385 2489 478 2550 credo,
493 2488 575 2540 credo
589 2493 616 2539 et
627 2486 760 2540 confiteor
777 2488 912 2553 usquead
934 2488 976 2539 ul·
1008 2496 1149 2552 sanctam,
1174 2489 1292 2542 bostiam
1311 2488 1532 2555 immaculatam,
1553 2502 1598 2553 pa-

385 2574 480 2625 timum
507 2573 649 2639 spiritum,
671 2572 745 2639 quod
767 2571 824 2625 icccc
849 2573 909 2637 ipra
935 2577 975 2625 est
1008 2573 1548 2637 nemsanctumvitreacternae,ctcalicem
1558 2586 1598 2625 sa-

383 2657 585 2723 coroaiuitiea,
604 2670 686 2724 quam
704 2657 849 2723 accepisti,
863 2656 974 2710 Christe
1009 2660 1073 2713 lutis
1083 2665 1230 2725 perpetuae.
1243 2660 1301 2711 »ald
1312 2660 1597 2724 postcommunionem

384 2748 456 2799 bens
470 2751 578 2806 noster,
594 2757 629 2797 ex
643 2748 736 2796 sancta
750 2743 864 2796 bomina
880 2748 974 2797 nostra
1009 2746 1036 2798 in
1053 2746 1120 2799 testo
1139 2746 1184 2798 SS.
1196 2744 1320 2799 Processi
1331 2750 1358 2798 et
1374 2744 1528 2797 llartiniani
1541 2750 1598 2797 orat

385 2831 519 2899 lteipara,
539 2836 566 2883 et
592 2843 701 2894 semper
718 2829 825 2895 Virgine
846 2829 938 2882 llaria.
962 2851 974 2877 »
1010 2832 1158 2886 sacerdos:
1173 2852 1185 2877 «
1205 2831 1332 2896 Corporis
1350 2833 1419 2883 sacri
1440 2837 1470 2884 el
1487 2831 1598 2897 pretiosi

385 2919 449 2969 lost
459 2915 680 2969 communionem
697 2915 812 2967 dicitur:
826 2935 838 2960 ιι
850 2916 976 2968 Concede
1009 2918 1149 2985 sanguinis
1162 2917 1258 2984 repleti
1268 2915 1415 2979 libamine,
1428 2929 1602 2981 quaesumus,

386 3000 466 3054 nobis
486 3014 533 3066 per
552 3001 754 3052 immaculatum
774 3011 875 3064 corpus
899 3005 975 3052 tuum
1008 3003 1120 3056 bomine
1141 3005 1211 3055 beat
1232 3007 1336 3064 noster,
1349 3007 1380 3054 ut
1393 3001 1466 3067 quod
1489 3002 1532 3066 pia
1552 3001 1597 3053 de·

386 3085 575 3151 etpretiosum
596 3089 671 3136 tuum
688 3082 850 3149 sanguinem
874 3084 977 3136 redem-
1009 3088 1120 3141 votione
1144 3088 1282 3154 gerimus,
1313 3092 1386 3139 certa
1409 3086 1597 3152 redemptione

386 3171 524 3237 ptionem,
538 3170 607 3222 sicut
621 3168 739 3235 benigne
758 3168 907 3234 praestitisti
929 3182 979 3223 no·
1009 3173 1158 3240 capiamus.
1175 3172 1238 3225 »lld
1253 3175 1280 3223 S.
1293 3174 1402 3224 Petrum
1419 3171 1453 3224 ad
1468 3171 1595 3223 Vincula:

385 3257 428 3309 bis
449 3261 565 3309 nunaut
581 3269 613 3308 ex
628 3254 695 3320 ipsis
716 3254 911 3308 Eucharistiam
932 3267 978 3320 ac:
1012 3281 1023 3305 ι
1044 3259 1172 3324 corporis
1193 3258 1263 3311 sacri
1281 3262 1308 3310 et
1326 3255 1437 3322 pretiosi
1458 3256 1600 3323 sanguinis

385 3344 547 3410 ciperemus.
567 3362 579 3387 ι
1011 3347 1106 3413 repleti
1124 3344 1268 3406 libamine,
1289 3349 1367 3395 »ete
1383 3344 1412 3393 ln
1429 3341 1600 3394 exaltatione

418 3432 477 3483 516.
496 3427 644 3490 Jacobitta,
655 3425 822 3492 Eutychiana
833 3438 926 3477 errore
940 3425 979 3476 in·
1011 3435 1038 3484 s.
1048 3431 1143 3484 crucis
1158 3429 1191 3482 ad
1202 3426 1488 3495 postcommunionem
1502 3442 1527 3476 t«
1536 3428 1599 3477 lesu

386 3515 462 3578 tecti,
482 3514 509 3564 in
531 3512 622 3578 syria,
636 3513 750 3576 AEgypto
772 3514 801 3562 et
813 3509 977 3574 lapsania,
1010 3516 1109 3568 christi
1123 3513 1228 3567 bomini
1247 3513 1334 3565 nostri
1353 3523 1471 3578 corpore
1494 3518 1521 3565 et
1538 3523 1599 3562 san-

387 3604 485 3663 praeter
502 3598 528 3646 S.
554 3593 651 3646 iacobi
672 3594 839 3659 liturgiam,
865 3599 978 3645 utuntur
1010 3603 1092 3665 guine
1112 3600 1247 3666 saginati,
1267 3612 1316 3664 per
1345 3610 1428 3664 quem
1449 3597 1539 3650 crucis
1557 3603 1600 3648 est

388 3681 437 3733 alia
463 3691 544 3744 quam
569 3680 596 3729 S.
620 3677 750 3728 blarutbae
771 3676 906 3730 catholico
930 3677 979 3728 tri·
1011 3686 1208 3738 sanctiticatam
1225 3683 1362 3736 vexillum.
1382 3681 1424 3728 »¹

388 3768 491 3827 buunt,
512 3764 558 3829 qui
580 3763 651 3815 circa
670 3763 750 3815 linem
777 3763 870 3815 saeculi
888 3765 978 3828 qtrarti
1043 3773 1101 3822 319.
1129 3771 1158 3822 ln
1175 3770 1254 3821 ltissa
1280 3767 1461 3819 ambrosiana
1485 3778 1602 3831 eaquae

387 3851 512 3905 tloruissc
536 3849 644 3902 dicitnr.
670 3851 699 3900 ln
717 3862 749 3902 ea
766 3849 881 3928 babetur
898 3850 978 3904 into·
1010 3869 1091 3922 supra
1105 3869 1137 3908 ex
1154 3857 1275 3908 Romana
1296 3852 1471 3904 recitavimus
1489 3851 1524 3904 ad
1540 3864 1604 3905 ver·
1664 3865 1667 3868 ·

387 3939 458 3992 catio
485 3939 511 3988 S.
534 3935 651 4002 spiritns
681 3935 778 3990 iisdem
805 3935 860 3988 lere
884 3937 976 3989 verbis
1010 3942 1076 3994 bum
1096 3941 1152 3993 fere
1174 3939 1317 3992 habentur.
1341 3940 1472 3990 Praeterea
1495 3937 1530 3990 atl
1547 3937 1604 3988 lra-

387 4024 487 4090 quibus
513 4022 572 4074 aliae
597 4021 739 4086 liturgiae,
760 4029 786 4074 et
803 4025 864 4087 post
880 4023 977 4075 recita·
1011 4027 1127 4080 ctionem
1138 4024 1267 4078 sacerdos
1281 4024 1364 4076 dicit:
1378 4043 1390 4067 ι
1404 4022 1510 4088 Corpus
1523 4028 1603 4075 tuum

388 4122 441 4163 tam
461 4107 624 4162 sacramenti
640 4103 838 4161 institutionem
854 4108 920 4162 dicit
930 4111 977 4160 Sa·
1010 4111 1152 4177 frangitur,
1164 4109 1288 4172 Christe,
1303 4109 1373 4162 calix
1388 4109 1568 4162 benedicitur.
1587 4129 1600 4151 ιι

387 4192 612 4249 cerdosztlllos
634 4193 715 4245 etiam
732 4193 895 4258 cerporiset
915 4207 977 4246 san-
1011 4199 1116 4248 Partem
1146 4195 1174 4246 in
1203 4194 1314 4247 calicem
1342 4193 1511 4258 demittens,
1530 4193 1567 4245 ait
1593 4207 1601 4242 z

390 4281 480 4346 patrinis
503 4279 544 4331 sui
568 4277 653 4330 sancti
680 4277 825 4343 particlpes
853 4278 992 4342 iaciens„
1013 4303 1025 4328 ι
1044 4282 1205 4335 commixtio
1231 4280 1382 4335 consecrati
1422 4279 1548 4346 corporis
1571 4285 1603 4330 et

391 4365 515 4419 doctrina
529 4363 619 4417 divina
637 4363 745 4416 erudiit.
760 4382 781 4417 a,
795 4365 852 4417 Alia
865 4370 978 4417 utuntur
1011 4366 1151 4432 sanguinis
1174 4364 1281 4420 bomini
1309 4363 1396 4417 nostri
1416 4367 1483 4417 lesu
1500 4362 1601 4416 Christi

390 4447 651 4517 atturgtaquaebeati
665 4448 759 4504 iacobi
771 4449 902 4504 Edessam
912 4449 977 4503 dici·
1011 4451 1091 4504 nobis
1112 4449 1256 4504 edentibus
1273 4456 1301 4503 et
1323 4449 1497 4502 sumentibus
1518 4447 1607 4515 prost—

413 4696 439 4748 (ι)
454 4696 530 4736 llirum
539 4700 571 4736 est
582 4696 667 4738 Rullum
683 4697 782 4750 aliosque
794 4697 882 4738 bissem
900 4697 977 4738 Roma·
1009 4708 1096 4749 mesu,
1105 4708 1173 4750 quum
1182 4694 1252 4738 verbis
1267 4693 1400 4748 perspicuis,
1410 4693 1511 4745 tluameis
1528 4692 1606 4733 minus

386 4778 437 4806 nam
446 4766 540 4817 dogmati
556 4767 792 4810 transubstantiationis
803 4767 910 4808 adversari
921 4767 977 4808 ablr-
1009 4767 1170 4809 vehementibus
1179 4795 1185 4818 ,
1194 4764 1247 4806 illud
1256 4765 1360 4806 adstruat.
