3792 5550
685 585 754 637 CAP.
773 585 802 635 V.
823 587 864 638 DE
881 587 1010 640 titulans
1031 590 1145 643 MISSAE.
1464 589 1513 645 225

228 731 230 737 ·
308 721 355 774 per
374 709 423 763 tria
436 709 526 778 priora
540 710 636 762 saltem
649 704 748 758 saecula
762 702 890 757 Ecclesiae
924 703 1061 758 submissa
1078 719 1164 771 voce,
1191 707 1244 760 alia
1270 721 1335 762 vero
1359 709 1471 764 elatiore
1484 710 1511 761 in

306 799 389 866 riguit
409 797 501 850 arcani
515 795 667 861 disciplina.
681 793 757 846 Ritus
770 791 837 845 ratio
849 797 891 843 cst
923 795 1003 846 llissa
1015 795 1272 859 pronumtiarentur,
1284 796 1411 849 instituit.
1425 799 1509 850 caere

305 886 444 940 veneratio
455 895 519 950 erga
534 881 692 948 mysterium
701 879 888 940 tremendum,
923 880 1031 932 rnonias
1049 879 1114 933 item
1125 881 1261 944 adhibuit,
1276 886 1305 932 ut
1324 879 1453 947 mysticas
1465 878 1510 936 be·

305 969 436 1024 ctGhristi
445 970 516 1030 inter
525 980 661 1021 aerumnas
671 965 890 1031 silentiumouod
923 966 1110 1030 bedictiones,
1123 967 1243 1033 lumina,
1258 968 1451 1034 thymiamata,
1463 982 1511 1021 vc·

305 1055 415 1108 indicat.
923 1057 979 1104 stes
994 1053 1100 1118 aliaque
1112 1052 1139 1104 id
1155 1065 1240 1119 genus
1260 1053 1345 1104 multa
1356 1066 1388 1105 en
1402 1057 1509 1117 aposto-

334 1145 392 1194 lll.
413 1140 538 1194 candelae
550 1136 613 1192 ditae
633 1137 661 1191 in
681 1138 774 1200 altari,
793 1149 888 1189 unaex
922 1140 974 1192 lica
988 1139 1149 1204 disciplina,
1167 1146 1194 1191 et
1211 1140 1375 1202 traditione,
1399 1152 1453 1205 qua
1479 1147 1506 1192 et

302 1233 417 1293 utraque
442 1227 531 1279 crucis
554 1230 644 1291 parte,
676 1223 886 1285 accenduntur,
921 1228 1049 1293 majestas
1071 1226 1140 1279 tanti
1159 1225 1286 1279 sacrificii
1303 1227 1508 1279 commendare·

283 1329 353 1381 ‘qua
370 1315 475 1369 ratione
496 1313 560 1366 lldei
581 1314 672 1364 lumen
692 1324 707 1363 a
730 1310 836 1362 Christo
859 1308 887 1361 in
921 1320 981 1376 tur,
993 1318 1020 1366 et
1037 1319 1143 1365 mentes
1161 1312 1281 1364 fidelium
1299 1325 1348 1377 per
1365 1313 1424 1365 haec
1445 1311 1508 1366 visi-

301 1402 568 1471 gentesludaeosquc
586 1397 714 1451 diffusum
728 1402 790 1463 apte
803 1397 888 1463 signi·
920 1398 984 1451 bilia
1005 1398 1144 1465 religionis
1171 1403 1199 1451 et
1220 1398 1329 1464 pietatis
1349 1397 1445 1464 sigua,
1469 1399 1503 1450 ad

301 1489 539 1555 liratur.'lligentc
560 1485 766 1552 persecutione,
782 1485 886 1536 lumine
920 1499 1011 1538 rernm
1023 1485 1226 1538 altissimarum.
1240 1485 1343 1549 quaein
1357 1484 1410 1536 boc
1422 1483 1509 1535 Sacri-

300 1587 368 1640 opus
386 1578 445 1627 crat
461 1571 617 1626 Christianis
630 1583 707 1624 sacra
723 1570 848 1636 mysteria
859 1569 886 1620 in
920 1571 981 1624 ficio
1001 1572 1101 1634 latent,
1125 1569 1384 1635 contemplationem
1403 1567 1505 1621 excita·

300 1659 399 1726 cryptis
427 1663 454 1712 et
478 1657 645 1711 catacumbis
671 1655 881 1738 celebrantibus.
920 1665 1023 1710 rentur.
1040 1659 1079 1704 »ἱ

299 1750 349 1802 Sed
363 1763 412 1802 sen
425 1745 607 1806 necessitate,
621 1757 670 1796 seu
680 1743 887 1810 significationis
954 1747 1011 1796 liti.
1031 1748 1126 1798 Preces
1143 1750 1296 1811 caeteraqne
1307 1745 1408 1812 quibus
1420 1745 1508 1798 bitur-

297 1847 380 1888 causa
399 1836 492 1885 lumen
517 1830 668 1883 adhibitum
687 1829 768 1882 luerit
785 1828 881 1888 initio,
920 1833 963 1898 gia
976 1836 1099 1893 constat,
1113 1843 1169 1883 non
1189 1831 1285 1884 eadem
1297 1831 1416 1897 gaudent
1433 1832 1505 1883 anti-

297 1923 408 1973 constat
433 1917 500 1969 illud
527 1915 753 1981 significationem
781 1925 885 1966 sacram
920 1919 1032 1985 quitate.
1046 1919 1084 1970 Ex
1100 1917 1198 1970 tustini
1216 1916 1339 1983 apologia
1352 1917 1509 1982 liquetqui-

296 2003 430 2068 deinceps
456 2002 591 2055 adnexam
620 1998 767 2060 habuisset
791 1998 886 2052 scribit
919 2005 982 2058 dem
1002 2004 1096 2071 primis
1114 2004 1222 2057 saeculis
1243 2003 1361 2069 prolixas
1382 2015 1506 2069 precesa

297 2089 369 2142 enim
382 2089 581 2154 Hieronymus:
595 2106 606 2132 ι
622 2088 672 2144 Per
685 2090 757 2138 iolas
769 2083 885 2136 Orientis
919 2092 1077 2154 sacerdote,
1088 2091 1114 2142 in
1124 2089 1302 2142 Eucharistiae
1310 2087 1505 2148 celebratione,

296 2175 432 2229 Ecclesias
451 2174 561 2241 quando
582 2172 728 2239 legendum
745 2175 787 2224 cst
798 2175 886 2225 livan-
919 2179 1054 2230 recitatas.
1074 2175 1202 2242 Liturgiae
1217 2187 1313 2228 omncs
1331 2174 1429 2227 iisdem
1447 2172 1504 2226 lere

297 2264 409 2330 gelloni,
427 2262 613 2316 accenduntur
642 2261 801 2323 luminaria,
831 2261 883 2326 iarn
917 2262 1376 2329 constantpartibus,quamquam
1394 2260 1504 2313 diverso

297 2349 352 2400 sole
372 2347 516 2412 rutilante,
529 2361 584 2401 non
597 2347 691 2414 ulique
703 2347 737 2398 ad
751 2347 883 2414 fugandas
917 2349 1125 2415 aliquantulum,
1135 2346 1231 2400 ordine
1243 2358 1439 2412 nonnunquam
1453 2345 1508 2397 dis·

255 2477 257 2480 .
297 2434 504 2500 tenebras,scd
524 2435 558 2487 ad
585 2433 693 2500 signum
711 2433 812 2499 lactitiae
836 2433 882 2485 de·
917 2434 1023 2500 positis.
1054 2434 1158 2498 Ubique
1186 2433 1217 2484 fit
1244 2431 1345 2485 oblatio
1370 2431 1449 2496 panis
1479 2438 1506 2483 et

296 2519 514 2572 monstrandum.
544 2520 620 2572 Unde
641 2523 668 2572 et
684 2519 805 2584 virgines
829 2517 884 2570 illac
917 2519 988 2580 vini,
1015 2517 1138 2568 Praelatio
1158 2516 1301 2577 recitatur,
1325 2529 1421 2580 preces
1451 2528 1501 2580 pro

296 2604 465 2672 Evangelicae
495 2617 604 2670 semper
628 2605 730 2656 habeut
753 2605 883 2656 accensas
916 2603 984 2655 vivis
994 2600 1196 2662 tunduntur,et
1205 2599 1285 2652 etiam
1298 2611 1347 2664 pro
1358 2599 1502 2652 defunctis.

295 2689 437 2754 lampades
452 2702 524 2740 suas.
544 2691 577 2742 Et
597 2688 631 2740 ad
649 2689 793 2754 Apostolos
815 2687 883 2740 dici·
917 2689 1045 2752 llartyres
1070 2683 1216 2748 sanctique
1236 2689 1503 2747 commemorantur,

294 2782 359 2827 tur:
382 2771 465 2826 «sint
485 2774 569 2826 lumbi
592 2774 674 2827 uestri
691 2772 842 2839 praecincti,
857 2780 884 2828 et
916 2777 946 2826 ut
975 2785 1070 2825 eorum
1106 2771 1303 2825 intercessione
1336 2771 1502 2839 adjuvemur.

294 2877 309 2907 s
317 2862 438 2913 lucernae
446 2859 572 2911 ardentes
582 2859 743 2911 inmanibus
753 2859 879 2913 vestris.»
916 2857 1091 2911 consecratio
1103 2856 1132 2910 lit
1144 2857 1235 2910 verbis
1246 2856 1409 2922 bomiuicis,
1422 2858 1501 2912 invo-

294 2946 325 2998 ut
337 2946 372 2999 dc
393 2947 498 2999 loanue
518 2947 637 3011 Baptista
651 2962 658 2998 ε
674 2964 685 2995 ι
704 2946 752 2998 lllc
765 2951 822 2999 crat
840 2947 881 2998 lu·
916 2944 1118 3010 caturSpiritus
1132 2948 1260 3007 sauctus,
1274 2943 1502 2997 recitaturoratic
1564 2963 1567 2966 ·

294 3048 309 3078 a
321 3044 403 3084 cerna
417 3032 516 3084 ardens
528 3039 554 3085 et
563 3033 671 3094 lucens3
686 3038 741 3085 »ut
754 3033 805 3085 sub
816 3038 879 3100 typo
915 3031 1071 3093 bominica,
1082 3030 1175 3095 ,hostia
1185 3029 1331 3096 frangitur,
1342 3030 1500 3084 communio

295 3118 405 3169 luminis
417 3119 565 3183 corporalis
579 3120 625 3171 illa
642 3120 687 3171 lux
699 3120 878 3183 ostendatur,
914 3116 1075 3182 percipitur,
1089 3120 1116 3168 et
1135 3116 1228 3180 gratiae
1244 3120 1361 3181 aguntur
1378 3114 1415 3168 ob
1432 3114 1502 3166 divi-

295 3202 390 3269 deque
401 3203 428 3255 in
441 3204 572 3256 Psalterlo
583 3204 747 3269 legimus:«
758 3208 879 3257 Lucerna
914 3215 980 3253 num
997 3214 1106 3252 monus.
1137 3202 1199 3253 liaec
1223 3202 1348 3268 liturgiis
1373 3201 1502 3253 omnibus

295 3307 306 3333 ι
327 3287 521 3354 pedibusmeis
535 3287 745 3349 verbumtuum,
756 3288 879 3350 bomine,
914 3286 1048 3338 contineri
1071 3290 1223 3351 agnoscunt
1235 3292 1297 3349 post
1315 3288 1420 3353 Palmer
1432 3289 1498 3338 Oxo·

295 3394 305 3419 a
325 3380 352 3427 ct
376 3376 469 3427 lumen
487 3372 593 3425 semitis
612 3371 691 3423 meis.
710 3370 748 3417 »Ι
914 3368 1052 3422 ιιὶιειιειιε.ι
1064 3369 1192 3433 Singulas
1201 3368 1289 3419 llissae
1301 3370 1430 3421 Romanae
1440 3382 1499 3433 par·

328 3462 384 3512 lib.
403 3460 441 3511 be
458 3458 556 3510 ritibus
574 3456 701 3509 omnibus
717 3455 806 3508 llissae
821 3468 880 3509 mo·
914 3461 965 3514 tcs,
976 3454 1404 3520 proutnuncsehabent,referre
1413 3456 1498 3520 juvat.

292 3550 359 3597 nent
379 3540 529 3594 Tridentini
546 3544 637 3594 Patres
665 3556 671 3593 :
698 3560 714 3591 κ
735 3544 800 3593 curn
831 3555 880 3595 na·
948 3543 1005 3592 lta.
1024 3540 1148 3593 Psalmus
1166 3538 1391 3607 quadragesimus
1404 3552 1501 3592 sccun-

292 3635 352 3682 tura
379 3626 520 3681 hominum
543 3641 574 3681 ea
593 3629 646 3693 sit,
671 3634 779 3680 utnon
802 3628 879 3681 facile
913 3627 965 3680 dus
994 3642 1000 3677 :
1026 3645 1042 3675 c
1063 3625 1159 3678 ludica
1181 3640 1245 3689 me,
1272 3628 1360 3687 beus,
1380 3644 1393 3671 a
1422 3625 1499 3678 initio

292 3719 374 3780 queat
389 3714 449 3767 sine
466 3714 637 3767 adminiculis
655 3714 878 3787 exterioribusad
913 3714 1019 3776 lllssae,
1040 3713 1142 3766 saeculo
1154 3710 1270 3778 septimo
1284 3711 1392 3765 recitari
1401 3710 1500 3778 coepit,

295 3812 384 3853 rerum
404 3800 554 3853 divinarum
585 3800 791 3854 meditationem
815 3814 877 3853 sus·
912 3800 959 3865 qui
977 3811 1038 3852 mos
1061 3812 1076 3851 a
1096 3798 1142 3851 nio
1160 3801 1189 3850 v.
1209 3796 1332 3851 firmatus
1358 3800 1408 3849 est.
1432 3798 1503 3849 Gon·

295 3885 367 3949 tolli;
397 3891 541 3951 propterea
564 3886 607 3951 pia
638 3892 725 3938 mater
755 3886 876 3938 Ecclesia
912 3886 1041 3940 sessionis
1067 3885 1202 3951 generalis
1228 3884 1344 3937 formula
1368 3883 1402 3935 ab
1425 3893 1498 3934 anno

293 3968 358 4023 ritus
383 3970 539 4035 quosdam,
563 3976 593 4021 ut
622 3970 724 4023 scilicet
751 3970 877 4035 quaedam
911 3985 1000 4037 usque
1013 3974 1078 4024 l300
1090 3971 1211 4024 invaluit.
1224 3971 1311 4023 ‘bum
1323 3969 1450 4022 sacerdos
1466 3965 1498 4017 ad

317 4235 343 4286 lt)
356 4238 377 4279 b.
395 4236 441 4277 adv.
452 4236 601 4289 vigilantium.
909 4234 1032 4286 insuering
1049 4239 1071 4275 to
1089 4234 1113 4276 St
1126 4235 1198 4275 Paol's
1207 4236 1286 4287 charge
1302 4241 1323 4276 to
1332 4234 1451 4286 Timothpc
1462 4234 1497 4275 be

315 4304 342 4357 (a)
357 4306 414 4347 Sese.
428 4306 476 4347 xxii.
490 4318 539 4360 cap.
553 4318 572 4349 ι.
909 4307 974 4347 »lore
982 4307 1028 4348 ch
1036 4309 1077 4347 and
1085 4308 1121 4346 the
1128 4306 1184 4347 bord
1191 4308 1253 4347 lesus
1262 4306 1343 4356 Christ,
1351 4305 1392 4344 and
1398 4304 1436 4343 the
1444 4304 1499 4345 elect

311 4368 344 4425 lt}
357 4375 403 4415 Vol.
414 4375 437 4415 it.
451 4376 563 4417 Tractat.
755 4364 757 4369 ’
910 4376 1072 4428 »ΔηεοΙιριιιιά
1087 4381 1110 4417 to
1119 4376 1192 4417 baniel
1201 4376 1243 4417 and
1253 4376 1284 4417 st.
1292 4375 1369 4416 tohn's
1377 4373 1465 4415 addrecs
1476 4380 1497 4415 to

317 4443 344 4494 (a)
356 4446 402 4485 «hs
418 4450 439 4483 to
457 4446 493 4485 the
508 4444 629 4486 confession
642 4449 664 4484 at
674 4442 744 4485 Prima
762 4443 803 4483 aud
814 4434 876 4484 Com·
909 4446 946 4485 the
963 4446 1043 4497 lngclc
1061 4446 1109 4487 who
1125 4457 1180 4487 urere
1194 4450 1241 4486 sent
1254 4450 1276 4485 tc
1292 4445 1359 4484 them.
1377 4443 1447 4484 »VOL
1465 4444 1497 4484 iii.

293 4510 365 4563 pline,
380 4513 401 4552 in
418 4513 487 4554 which
507 4514 525 4554 is
543 4514 669 4555 introduced
687 4514 723 4553 the
732 4524 795 4552 name
804 4512 828 4551 ol
840 4513 876 4553 the
910 4516 984 4556 Tracta
993 4516 1030 4555 No.
1044 4520 1075 4554 lo.
1084 4526 1106 4567 p.
1114 4519 1146 4554 to.
1156 4515 1187 4554 lta
1196 4513 1326 4555 oxonienses
1335 4512 1356 4552 in
1372 4512 1496 4565 prolatione

294 4579 379 4622 lllessed
391 4582 463 4633 Virgin
474 4584 515 4623 and
526 4583 587 4623 other
598 4582 691 4624 Saluta..
709 4610 714 4621 .
727 4609 733 4621 .
748 4582 766 4621 lt
782 4581 800 4623 is
819 4587 876 4622 nota
913 4596 957 4624 suat
967 4582 1060 4623 versioni
1079 4581 1181 4623 breviarii
1191 4594 1197 4621 a
1206 4582 1244 4635 qui
1258 4582 1309 4623 dnm
1319 4582 1383 4622 silent
1391 4581 1418 4621 de
1426 4586 1497 4634 poste-

293 4646 369 4701 simple
378 4650 496 4701 gratuitous
506 4651 627 4691 invocation
640 4652 707 4708 made!
715 4656 737 4691 to
750 4651 807 4691 thern
817 4679 824 4702 ,
839 4651 876 4692 but
911 4652 961 4693 riori
978 4652 1124 4704 confictionis
1132 4658 1193 4705 parte
1202 4652 1315 4704 ‚ridentur
1331 4662 1378 4691 eam
1388 4651 1494 4703 probare,

294 4714 310 4754 it
321 4715 339 4755 is
348 4729 375 4757 an
384 4720 471 4759 addrese
481 4724 502 4760 lo
516 4720 624 4773 htmighty
633 4720 678 4761 God
687 4720 710 4759 a'rt
720 4720 760 4759 Hic
771 4720 876 4772 heavenly
909 4722 1001 4773 ideoque
1008 4721 1184 4763 cousuetudinem
1193 4724 1267 4764 orandi
1275 4724 1366 4765 sanctos
1374 4725 1397 4760 ut
1408 4731 1447 4771 pro
1456 4729 1492 4757 no

294 4792 355 4827 court
363 4816 369 4835 ,
378 4799 402 4828 at
417 4790 549 4831 surrounded
560 4790 586 4842 by
596 4790 635 4830 llic
645 4790 716 4831 saints
728 4789 769 4830 und
779 4792 870 4842 Angeia,
909 4792 942 4833 bio
952 4792 1083 4832 intercedant
1090 4792 1148 4845 apud
1158 4792 1233 4833 Deum·
