3792 5550
1549 442 1573 475 Ns

1575 479 1595 505 κ

656 535 724 589 cur.
738 534 861 590 vtuon
878 534 1273 589 unuusussraurtartorm.
1523 532 1571 584 tat

347 664 457 718 panem
472 656 500 703 et
511 650 604 705 vinum
617 662 728 703 manere
741 662 796 706 uon
810 648 949 715 probant,
984 648 1167 702 eucharistico
1180 660 1331 716 agnoscere
1343 653 1461 714 oportet,
1474 660 1527 712 oua
1540 646 1574 699 de

344 735 466 806 cbristo
479 734 587 789 dicente
600 748 606 785 :
620 735 949 799 Hooeatcorpaameam:
983 745 1066 785 causa
1084 733 1295 799 Cbrysostomus
1314 738 1341 785 et
1361 732 1406 785 alii
1425 733 1519 785 Patres
1542 744 1574 785 ea

344 821 403 875 ,liic
413 826 453 873 est
470 819 584 886 sompnis
597 831 684 873 meus.
701 819 777 883 Quod
797 820 832 872 de
844 832 951 876 veneno
983 818 1075 872 verbis
1088 818 1265 885 amplissimis
1284 818 1461 871 celebrarunt
1473 833 1480 868 t
1492 824 1576 871 caete·

353 905 479 961 admixto
501 904 620 967 dicitur,
641 903 667 957 vi
692 910 789 957 caret:
810 894 951 961 necerim
984 918 1045 957 rum
1064 904 1175 978 alterius
1197 909 1261 956 suut
1276 902 1385 971 generis
1404 903 1438 955 ab
1462 902 1494 954 iis
1513 916 1575 968 quae

348 992 482 1053 cbristus
497 1004 647 1048 uenenum,
661 990 711 1043 sed
721 1003 820 1055 panem
833 990 951 1044 insuum
986 990 1111 1043 ordinem
1131 994 1237 1041 naturae
1260 990 1482 1053 interrumpunt,
1512 1000 1580 1040 cum

355 1090 459 1145 corpus
476 1076 604 1129 mutarit.
617 1078 690 1129 Hane
702 1080 823 1128 nostram
837 1088 953 1140 respon·
986 1075 1087 1141 quibus
1107 1073 1225 1139 proinde
1242 1086 1297 1126 nou
1318 1079 1383 1125 sunt
1399 1071 1574 1125 conterenda.

357 1163 465 1217 sionem
473 1157 756 1227 augustiniverbisde
767 1161 853 1213 realia
863 1160 951 1227 placet
985 1160 1105 1212 Plurima
1117 1158 1233 1225 singuiis
1248 1157 1396 1211 momentis
1412 1157 1576 1222 contingunt

249 1273 254 1280 ·
350 1246 623 1302 -confirmareused
635 1259 670 1297 na
684 1245 737 1311 ipsi
753 1245 865 1311 puidam
876 1245 949 1300 oculi
984 1246 1079 1313 gratias
1101 1246 1249 1309 miracula,
1267 1244 1485 1311 quibusscilicet
1504 1245 1576 1296 bens

357 1334 457 1387 fallunt
473 1347 480 1383 ι
501 1345 556 1386 uon
569 1332 642 1385 enim
655 1332 814 1385 renuntiare
834 1337 952 1397 possunt
984 1340 1091 1387 ruentes
1105 1332 1223 1384 illustrat
1234 1342 1355 1396 superno
1375 1329 1497 1391 lumine,
1516 1340 1576 1381 cor·

353 1418 451 1473 animo
468 1416 521 1471 nisi
535 1416 708 1471 affectionem
732 1430 820 1470 suam.
836 1416 949 1480 Quodsi
984 1418 1074 1484 daque
1094 1416 1242 1471 dilectione
1261 1414 1367 1469 coelesti
1392 1414 1492 1477 afficit,
1513 1427 1575 1480 qum

344 1483 416 1557 'iton
429 1504 519 1557 solum
539 1501 607 1567 ipsi,
624 1502 673 1555 sed
686 1502 768 1555 etiam
787 1514 952 1555 omnescor·
984 1516 1040 1557 non
1061 1503 1123 1557 ideo
1140 1502 1303 1569 deneganda
1322 1507 1401 1563 sunt,
1412 1500 1479 1567 quia
1496 1500 1576 1552 ami·

357 1589 435 1656 poris
448 1601 547 1641 sensus
557 1586 593 1640 ita
603 1587 775 1651 renuntiant,
790 1595 819 1639 ut
830 1586 951 1640 afficiun·
985 1590 1087 1643 raculis
1105 1589 1211 1643 ordinis
1223 1588 1328 1655 physici
1342 1585 1482 1639 differunt.
1494 1585 1577 1651 uoui-

357 1682 423 1741 tur,
440 1674 506 1741 quid
527 1674 561 1726 ab
580 1673 620 1725 eis
636 1673 753 1739 amplius
775 1672 884 1739 exigere
902 1673 952 1727 de·
985 1676 1048 1729 deni
1062 1681 1172 1729 constat
1195 1676 1333 1729 christum
1351 1676 1404 1728 hec
1423 1673 1576 1727 instituisse

356 1762 476 1815 beamus
502 1763 609 1829 ignoro.
631 1800 637 1812 .
659 1800 665 1813 .
686 1796 692 1812 .
712 1763 741 1813 Si
760 1761 823 1827 quis
846 1773 951 1815 remum
987 1764 1209 1823 Sacramentum,
1235 1760 1303 1812 iliud
1323 1759 1486 1812 conficiendi
1499 1763 1576 1824 pote·

352 1846 448 1913 frangi
463 1846 490 1897 in
503 1859 574 1911 aqua
592 1845 736 1911 opinatur,
758 1852 786 1899 et
803 1859 866 1898 cum
888 1844 952 1897 inde
987 1851 1087 1899 statem
1108 1844 1252 1898 homiuum
1269 1848 1345 1897 certo
1363 1843 1469 1905 ordini,
1486 1856 1578 1896 sacer·

351 1918 482 1983 aufertur
494 1930 643 1997 integrari,
657 1943 711 1984 non
727 1931 828 1986 malum
851 1930 953 1985 babent
986 1930 1099 1984 dotibus
1110 1929 1229 1991 scilicet,
1242 1928 1405 1991 tradidisse,
1426 1928 1492 1980 iliud
1513 1942 1577 1993 per·

356 2015 568 2076 internuntium,
581 2016 630 2069 sed
641 2016 871 2082 malusestjudea
876 2053 951 2068 .....
985 2021 1069 2084 petuo
1086 2015 1284 2069 celebrandum
1301 2013 1438 2073 voluisse,
1451 2012 1577 2078 etipsnnr

354 2104 447 2165 Quare
460 2102 554 2154 oculus
565 2106 649 2164 recte,
664 2102 698 2155 ad
712 2102 766 2155 boc
780 2102 853 2156 enim
864 2103 952 2156 iactos
985 2115 1085 2168 corpus
1097 2115 1178 2155 suunt
1190 2106 1218 2153 et
1231 2099 1395 2167 sanguinem
1411 2098 1510 2151 adesse
1527 2097 1578 2150 de·

353 2186 676 2249 estuttantumvideat3
697 2188 746 2240 sed
764 2187 872 2241 animus
891 2201 952 2254 per·
984 2190 1110 2243 clarasse.
1143 2190 1208 2251 Quae
1236 2186 1300 2240 inde
1334 2190 1487 2251 sequuntur
1520 2196 1578 2237 nou

281 2318 289 2331 ,
355 2284 438 2325 verse
450 2270 493 2323 cui
511 2271 546 2325 ad
559 2272 798 2337 contemplandam
813 2286 951 2329 summam
984 2279 1101 2341 possunt
1113 2273 1224 2339 allegari
1241 2277 1271 2324 ut
1287 2270 1389 2324 divinis
1400 2270 1460 2335 eius
1483 2269 1577 2322 consi<

355 2356 590 2423 pulchritudinem
611 2370 707 2421 meus,
726 2369 783 2411 non
803 2358 899 2410 oculus
911 2357 952 2411 la·
984 2361 1028 2413 liis
1041 2366 1225 2426 repugnatum
1238 2370 1324 2423 penes
1344 2356 1434 2421 ipsum
1447 2354 1521 2407 euim
1534 2358 1577 2407 est

296 2457 303 2467 ·
354 2446 483 2495 ctusest.
502 2441 550 2494 llle
568 2446 659 2495 autem
679 2441 869 2495 vultmentam
886 2454 952 2495 con·
985 2458 1040 2511 qua
1069 2445 1188 2499 voluerit
1222 2442 1328 2495 ratione
1361 2455 1412 2494 sua
1441 2442 1576 2506 perficere

322 2534 327 2539 '
356 2534 466 2579 uertere
484 2526 517 2579 ad
539 2539 673 2593 corpora,
692 2527 787 2579 oculos
800 2528 834 2580 ad
855 2529 951 2583 beorn.
985 2544 1077 2596 opera.
1092 2533 1163 2582 Sane
1175 2527 1319 2591 conceptio
1332 2526 1453 2591 virginea
1465 2525 1500 2578 ab
1515 2524 1577 2577 aliis

353 2610 462 2675 Quaerit
487 2611 560 2664 enim
587 2610 740 2677 intelligere
763 2612 901 2673 carnalia,
925 2616 953 2665 et
986 2614 1127 2667 miraculis
1146 2611 1338 2677 discrepabat:
1352 2623 1403 2662 ner
1416 2608 1488 2662 enim
1506 2621 1578 2675 quo·

356 2693 605 2759 uiderespiritalia,
613 2695 686 2759 quod
695 2694 752 2747 fieri
761 2708 815 2747 non
822 2694 952 2759 potestat
987 2698 1072 2751 modo
1084 2697 1230 2764 contigerit
1239 2700 1346 2762 poterat
1358 2707 1491 2748 sensuum
1503 2694 1578 2747 testi·

356 2779 496 2848 angelicae
519 2786 547 2834 et
566 2775 734 2846 propheticae
754 2780 877 2834 visiones
890 2794 953 2848 pos·
986 2785 1080 2840 monio
1090 2789 1233 2847 constare,
1252 2797 1304 2837 nec
1317 2783 1352 2836 ad
1372 2783 1455 2836 tidem
1476 2781 1578 2836 contir-

356 2873 427 2922 sunt
439 2866 521 2920 etiarn
533 2869 741 2934 responsionem
752 2873 877 2921 nostram
894 2867 952 2922 illu·
985 2870 1114 2925 mandam
1127 2869 1303 2933 inserviebat,
1316 2869 1366 2922 sed
1376 2870 1405 2920 in
1415 2882 1448 2921 ea
1459 2868 1575 2922 colenda

358 2960 458 3008 strare.
984 2957 1053 3010 tides
1061 2960 1211 3010 exercetur.

395 3038 453 3090 284.
474 3037 533 3104 ooj.
553 3040 596 3090 5¹.
610 3040 878 3094 transubstantiatio
893 3041 952 3106 plu·
1018 3043 1076 3094 286.
1098 3041 1158 3108 obj.
1176 3041 1220 3093 32.
1245 3039 1512 3095 transubstantiatio
1535 3040 1575 3092 in-

359 3122 445 3176 rima'
458 3122 572 3176 includit
593 3123 743 3186 miracula,
768 3139 830 3190 quae
864 3127 952 3190 qrtoti·
985 3128 1060 3180 utilis
1085 3139 1200 3192 prorsus
1218 3131 1262 3177 est
1282 3127 1428 3177 :Christus
1447 3124 1520 3177 enim
1545 3139 1577 3178 sa

360 3207 424 3270 die,
442 3207 497 3262 imo
520 3207 704 3272 singulisicre
727 3209 952 3270 momentis‚to-
986 3210 1045 3262 suis
1073 3211 1139 3260 dare
1165 3214 1274 3272 potest,
1308 3209 1413 3272 absque
1441 3209 1519 3272 panis
1549 3215 1577 3261 et

359 3299 419 3346 tum
436 3305 484 3358 per
502 3291 619 3351 orbem,
637 3304 653 3342 a
666 3291 856 3344 sacerdotibus
874 3306 953 3356 pera·
986 3293 1042 3346 vini
1056 3292 1083 3346 iu
1096 3306 1197 3357 corpus
1206 3299 1234 3344 et
1244 3293 1405 3358 sanguinem
1418 3305 1499 3344 suum
1508 3304 1577 3345 con·

357 3383 481 3445 guntur,
503 3377 570 3442 quin
593 3375 705 3441 aliquod
729 3376 953 3441 prodeatoorum
987 3378 1124 3431 tersione.
1167 3362 1170 3368 ¹

359 3461 494 3515 indiciam
506 3475 512 3510 :
524 3461 583 3512 baec
593 3460 787 3516 miraculorum
800 3461 954 3529 frequentia
1020 3460 1079 3515 287.
1098 3463 1177 3526 ilcan
1195 3462 1322 3514 Nostrum
1341 3466 1451 3514 nonest
1467 3460 1577 3516 Christo

357 3544 462 3602 diviuae
474 3545 637 3598 oeconomiae
650 3551 798 3613 repugnat,
812 3560 875 3614 quae
887 3560 954 3604 uou-
985 3547 1165 3615 praescribere
1185 3547 1278 3613 leges,
1306 3545 1355 3599 sod
1381 3546 1496 3601 consilia
1516 3549 1577 3614 ejus

358 3630 416 3686 nisi
434 3642 546 3696 perraro
572 3637 677 3686 naturae
700 3632 807 3700 legibus
825 3633 952 3702 derogari
986 3636 1112 3696 adorare,
1126 3639 1154 3686 ct
1163 3631 1295 3687 beneficia
1303 3633 1386 3687 nobis
1397 3634 1489 3687 oblata
1498 3640 1576 3702 grato

357 3716 447 3777 sinit,
461 3722 488 3768 et
500 3715 696 3769 miraculorum
709 3722 872 3784 potestatam
885 3719 952 3771 nulli
985 3719 1113 3787 amplecti
1130 3717 1268 3772 animosi
1279 3718 1388 3785 corpori
1399 3719 1492 3771 anima
1508 3732 1576 3773 con·

358 3801 504 3857 hominum
517 3799 608 3854 ordini
624 3801 753 3868 alligavit,
768 3803 817 3856 sed
829 3816 878 3869 per
889 3816 952 3856 sau·
982 3808 1078 3873 juncta
1105 3817 1161 3858 non
1190 3803 1307 3867 fuisset,
1336 3803 1429 3857 divina
1459 3817 1574 3856 munera

356 3892 422 3940 etos
446 3886 607 3952 plerumque
628 3885 724 3948 uiros,
742 3899 774 3938 ex
787 3887 953 3952 impulsione
986 3889 1067 3943 nobis
1091 3889 1224 3941 donasset
1240 3887 1346 3952 absque
1367 3887 1460 3952 specie
1485 3887 1576 3953 aliqua

356 3972 480 4039 quadam
494 3971 586 4026 diviua
598 3985 629 4023 ea
643 3972 743 4036 patrari
754 3972 848 4035 voluit,
857 3978 885 4024 et
896 3973 953 4038 qui·
986 3979 1117 4031 externa,
1147 3971 1186 4022 uti
1211 3975 1306 4023 monet
1340 3970 1576 4036 Chrysostomus;

356 4054 952 4116 deminiideiconfirmationem,manifestis
987 4056 1036 4109 sed
1056 4062 1159 4108 nostrae
1182 4067 1213 4106 se
1239 4054 1454 4106 misericorditer
1483 4059 1578 4107 attem-

357 4143 462 4196 diviuae
481 4139 952 4208 potentiaeindiciis‚potiust1uam
987 4141 1091 4208 perurit
1113 4138 1282 4201 conditioni,
1304 4141 1509 4191 Sacramentum
1535 4140 1577 4193 in·

358 4229 396 4282 ad
411 4228 492 4281 fidem
505 4227 819 4290 exercendam,occulta
834 4226 951 4292 quadam
988 4227 1155 4285 stituendo,
1185 4238 1241 4291 quo
1276 4239 1339 4278 eum
1371 4225 1423 4277 sub
1457 4229 1576 4280 externis

358 4313 532 4380 operatione.
987 4313 1042 4367 illis
1070 4311 1215 4377 speciebus
1238 4309 1405 4374 accipimus,
1435 4311 1500 4365 certi
1525 4313 1577 4367 bac¹
1614 4338 1618 4343 ·

396 4398 456 4450 285.
477 4398 555 4461 neap.
575 4396 693 4448 Plurima
703 4395 813 4462 quidem
824 4397 955 4450 miracula
990 4399 1096 4451 ratione
1123 4394 1188 4448 iacti
1207 4395 1327 4448 coelestis
1347 4395 1413 4448 doni
1434 4409 1489 4462 quo
1506 4396 1576 4449 dita·

360 4481 813 4547 divinaepotentiaeetbouitatisiu
826 4484 955 4552 mysterio
990 4497 1061 4538 mur.
1089 4485 1275 4550 ignoscamus
1297 4487 1326 4535 ot
1348 4479 1496 4534 adoremus
1517 4487 1577 4536 tao·

391 4725 418 4777 (t)
434 4723 457 4763 t.
470 4723 497 4763 de
508 4701 638 4765 vera'lielssc.
647 4726 716 4766 xxiiii.
751 4705 753 4709 Ι
