3792 5550
374 591 424 644 soe
457 584 713 642 ranunculos
733 582 825 636 exre.
845 581 939 634 ouer.
959 579 1030 634 ese.
1050 579 1082 632 u.
1094 581 1136 634 oc
1154 581 1291 634 speetu.
1306 581 1495 640 urursrnar.

376 705 519 773 sciplinam
532 706 676 770 spectans,
693 711 755 766 quae
771 705 964 752 exconsuetu·
996 697 1048 750 boc
1059 697 1160 763 placuit
1169 697 1334 764 quibusdam
1344 699 1591 755 innocentiiverba

376 793 441 845 dine
450 791 544 857 etleqe
553 787 662 855 pendet.
995 781 1175 848 interpretari.
1189 783 1323 850 Quidquid
1335 783 1387 848 sit,
1398 785 1434 838 de
1445 786 1593 840 sacerdote

407 880 449 930 ⁴8.
472 877 571 930 Formo
592 870 774 931 sacramenti,
798 868 827 922 ln
861 868 960 921 liituali
995 866 1121 922 ministro
1137 867 1208 921 adeo
1227 873 1335 922 constat
1358 882 1391 922 ex
1410 870 1549 936 Scriptura
1562 880 1593 926 et

375 964 497 1016 Romano
518 957 684 1021 tradita,est
697 971 703 1007 :
717 954 962 1008 «Peristamsam
995 953 1158 1019 traditione,
1182 959 1213 1008 ut
1234 954 1369 1008 sententia
1393 955 1445 1020 illa,
1467 957 1591 1026 ambigui

374 1056 445 1102 ctam
466 1044 623 1098 unctionem
650 1048 679 1096 et
703 1053 782 1095 suana
807 1039 961 1108 piissimam
995 1053 1161 1094 sensusnon
1174 1043 1263 1108 possit
1276 1041 1394 1095 officere.
1408 1045 1591 1097 l‘orrouuum

374 1126 794 1196 misericordiamindulgeattibi
808 1125 962 1193 beusqoid·
992 1125 1163 1180 sacerdotem
1195 1126 1323 1181 sufficere
1351 1127 1503 1184 declaravit
1527 1131 1589 1184 Alc·

375 1218 438 1285 quid
451 1215 599 1284 percisum
610 1214 767 1281 deliquisti3
782 1231 793 1261 s
810 1217 838 1265 et
856 1210 896 1264 sic
912 1224 962 1277 per
995 1212 1099 1265 xairdcr
1110 1211 1170 1264 lll.⁶

374 1305 498 1371 singulos
520 1315 619 1356 sensus
640 1313 741 1368 organa
762 1311 857 1353 eorum
882 1296 962 1348 iuun·
1026 1300 1068 1351 50.
1088 1300 1590 1366 nllocsacramentumnisiinfimo‚

374 1390 472 1457 pendo.
507 1390 663 1443 Graecorum
702 1387 788 1440 torma
822 1384 961 1449 aliquanto
994 1385 1029 1438 de
1056 1385 1134 1452 cujus
1163 1392 1252 1439 morte
1281 1386 1411 1451 timetur,
1441 1387 1501 1440 dari
1532 1400 1588 1442 non

372 1475 504 1542 prolixior
525 1479 576 1527 est.
600 1471 677 1539 apud
698 1471 809 1523 balium
827 1467 962 1522 variatum
994 1469 1121 1535 debet‚„
1139 1473 1216 1538 juxta
1233 1472 1373 1526 decretum
1386 1474 1588 1538 ptolemais,

375 1569 507 1623 est;nam
517 1560 545 1612 in
554 1557 771 1613 sacramentario
793 1555 961 1622 Gregoriill.
994 1557 1067 1623 quod
1092 1556 1188 1610 nititur
1205 1557 1297 1611 verbis
1321 1558 1463 1625 Apostoli,
1478 1560 1589 1625 quaede

371 1645 490 1700 dicitur:
506 1665 518 1691 ι
531 1647 607 1712 buqo
618 1649 645 1697 te
654 1643 690 1696 de
699 1643 761 1697 oleo
774 1647 880 1704 sancto,
890 1646 959 1692 etc.»
994 1641 1101 1694 indrmo
1114 1641 1143 1693 in
1157 1641 1316 1696 discrimine
1334 1643 1512 1710 intelligenda
1525 1657 1588 1698 esse

371 1737 399 1786 et
410 1732 486 1786 sicin
497 1730 616 1785 Ecclesia
633 1729 830 1782 tlediolaneusi
841 1727 960 1780 aetates.
993 1727 1175 1782 ostendimus.
1199 1730 1333 1782 caeterum
1355 1742 1409 1783 nou
1437 1737 1480 1784 est
1506 1745 1587 1798 expe-

372 1822 579 1874 ltonaventurae.
593 1815 707 1883 ‘liquet
717 1814 800 1881 igitur
810 1814 962 1878 verbaspe·
994 1813 1109 1867 ctandus
1138 1814 1198 1881 ipse
1225 1815 1322 1869 mortis
1351 1816 1505 1879 articulus;
1538 1818 1586 1871 sed

374 1905 468 1968 etalio,
486 1903 587 1970 quibus
598 1906 706 1955 cunstat
716 1899 820 1963 tonna,
834 1899 868 1951 ad
878 1898 963 1952 disci·
993 1905 1105 1965 praestat
1122 1900 1190 1953 illud
1203 1900 1373 1964 ministrare,
1387 1900 1453 1953 dum
1466 1908 1588 1968 aegrotus

372 1991 475 2056 plinam
494 1988 646 2056 pertinere,
658 1985 783 2053 quamvis
805 1983 961 2037 adhibenda
992 1985 1166 2040 valetauimo
1178 1986 1588 2055 suparare‚utibeneiicioejus

371 2075 667 2140 sintuccessarioqnae
690 2071 847 2125 unctionem
868 2070 904 2122 ad
917 2082 961 2122 sa·
993 2071 1119 2137 gaudeat.
1142 2073 1172 2123 ln
1195 2072 1293 2125 eodem
1314 2071 1412 2126 morbo
1435 2072 1588 2127 ministrari

372 2175 448 2213 crum
460 2158 586 2213 ellectum
604 2156 796 2210 determinent.
993 2156 1092 2210 iterum
1104 2161 1205 2222 potest,
1219 2157 1242 2209 si
1255 2163 1377 2224 aeprotus
1388 2157 1502 2210 evaserit
1512 2161 1590 2212 moi·-

404 2248 447 2296 tii.
468 2263 481 2289 α
498 2244 624 2296 Μίηἱειεν
640 2242 722 2308 buius
739 2239 905 2293 sacramenti
919 2245 961 2292 est
996 2240 1031 2294 tis
1044 2241 1192 2306 periculum
1203 2280 1210 2304 ‚
1223 2247 1250 2294 et
1271 2240 1402 2308 deinceps
1415 2242 1442 2294 in
1455 2242 1523 2295 illud
1546 2257 1588 2296 re·

374 2329 537 2390 socordes»
554 2331 634 2392 prout
646 2325 800 2382 declaratur
811 2323 839 2376 in
850 2325 960 2377 decreto
996 2325 1102 2378 labatur
1121 2341 1128 2376 ε
1147 2340 1199 2392 qua
1224 2326 1251 2378 iu
1280 2339 1310 2380 re
1338 2328 1508 2381 sacerdotem
1531 2341 1588 2382 nou

372 2413 529 2481 Eugeuiano
547 2411 629 2466 toties
650 2409 740 2463 citato.
756 2409 786 2461 ld
807 2413 961 2462 constater
995 2411 1097 2466 dobere
1117 2411 1198 2464 nimis
1215 2413 1277 2480 angi
1304 2419 1398 2467 mouet
1423 2415 1586 2468 Benedictus
1616 2419 1618 2424 ’
1717 2455 1718 2466 .

371 2501 466 2555 tacobi
488 2498 598 2563 verbis,
612 2503 669 2552 tota
687 2494 854 2563 suffragante
875 2495 961 2548 tradi·
995 2499 1049 2551 xlv
1063 2537 1070 2562 ‚
1084 2513 1168 2565 quum
1179 2504 1257 2552 vetus
1271 2499 1400 2552 llcclesiae
1413 2500 1586 2555 consuetudo

373 2589 455 2641 tione.
481 2588 595 2640 crucem
617 2583 756 2650 aliquibus
774 2583 863 2649 liquot
880 2582 961 2635 inno·
994 2583 1130 2638 iterationi
1148 2583 1251 2647 faveat,
1263 2583 1366 2637 variato
1380 2584 1535 2650 periculut

372 2673 453 2726 centii
463 2672 483 2723 l.
497 2672 580 2726 verba
592 2670 628 2724 dc
640 2670 701 2724 oleo
713 2668 850 2722 unctionis
861 2683 868 2719 ε
878 2669 960 2730 «Quo
1028 2673 1070 2722 bl.
1089 2669 1208 2724 erectus
1226 2671 1393 2724 sacramenti
1415 2678 1480 2725 sunt
1491 2672 1585 2738 gratie

373 2761 408 2812 ub
427 2758 564 2825 Episcopo
585 2756 726 2820 contecto,
747 2755 960 2809 nnnsolumsa-
999 2755 1197 2823 augmentum,
1234 2756 1369 2810 abstersio
1409 2757 1586 2825 reliquiarum

370 2844 538 2906 cerdotibus‚
548 2842 597 2895 sed
608 2841 737 2895 omnbus
749 2840 788 2893 uti
800 2839 960 2893 christianis
995 2841 1119 2909 peccati,
1155 2842 1254 2895 animae
1285 2842 1442 2907 alleviatio,
1473 2844 1586 2898 delicto-

371 2928 449 2989 licet‚
474 2927 501 2978 iu
523 2939 573 2978 sua
593 2930 640 2977 aut
657 2938 770 2977 suorum
795 2925 960 2977 necessitate
996 2939 1072 2989 rum,
1085 2925 1108 2979 si
1123 2940 1187 2993 quae
1200 2926 1290 2980 adbuc
1302 2930 1358 2981 sint
1372 2929 1525 2995 expianda,
1541 2930 1586 2982 ab·

369 3009 538 3076 inungendo.
552 3008 583 3056 »¹
594 3010 632 3062 lie
643 3008 773 3062 unctione
784 3009 959 3074 suscipienda
995 3010 1079 3075 latio,
1111 3012 1304 3079 sanitatisque,
1328 3012 1351 3066 si
1371 3014 1522 3079 expedierit
1550 3015 1583 3068 ad

370 3095 445 3160 loqui
476 3094 632 3148 censendus
657 3100 700 3147 est
727 3093 871 3157 Pontiicx;
896 3107 961 3146 nam
995 3097 1111 3150 salutem
1123 3138 1131 3161 ,
1143 3098 1296 3152 'restitutio
1316 3100 1379 3152 llaec
1393 3104 1486 3153 tamen
1498 3100 1528 3154 tit
1540 3100 1585 3153 ad-

371 3180 440 3235 adeo
461 3180 605 3234 constabat
625 3180 794 3234 sacerdotem
808 3179 960 3233 essemini-
991 3183 1113 3250 juvando
1152 3185 1304 3250 remedia,
1339 3186 1416 3252 juxta
1458 3187 1584 3241 ordinem

370 3275 456 3321 strum
469 3269 650 3330 sacramenti,
665 3271 694 3319 ut
707 3265 823 3333 quaestio
837 3270 896 3318 orta
909 3265 960 3328 sit,
993 3268 1171 3323 coustitutum
1197 3284 1212 3323 a
1233 3273 1308 3337 lieo,
1332 3271 1452 3339 ideoque
1479 3274 1585 3341 absque

370 3359 460 3407 utrum
469 3352 647 3420 lipiscopisid
660 3352 753 3405 liceret
762 3350 903 3415 conterre,
916 3351 960 3403 cui
992 3356 1140 3410 miraculo.

370 3440 500 3493 satisfacit
509 3444 604 3506 postea
618 3438 751 3491 ineadem
763 3437 889 3504 epistola.
900 3437 961 3489 Fuit
1026 3441 1146 3495 breviter
1158 3442 1192 3495 dc
1206 3442 1259 3495 boc
1273 3442 1368 3497 ultimo
1381 3444 1506 3498 subsidio
1528 3445 1583 3512 egi·

369 3525 480 3591 quidem
493 3525 561 3576 ritus
578 3523 652 3589 apud
671 3530 845 3589 veteresque
868 3522 960 3574 oleum
993 3538 1063 3578 mus.
1082 3527 1141 3578 lam
1158 3539 1224 3582 vero
1245 3528 1382 3582 tractatui
1400 3529 1464 3583 duis
1483 3529 1539 3583 sit:
1554 3536 1583 3582 ut

368 3610 544 3663 benedictum
564 3622 579 3661 a
597 3608 725 3661 fidelibus
738 3608 959 3675 quibuscumque
992 3610 1027 3662 do
1050 3611 1157 3664 ordinis
1181 3614 1377 3675 sacramento,
1411 3614 1485 3679 quod
1513 3614 1581 3667 tauti

370 3693 550 3747 adhibebatur
561 3692 572 3725 ⁸
583 3693 617 3745 ad
634 3706 701 3746 usus
715 3691 867 3760 quosdam,
886 3694 958 3745 sicut
991 3696 1123 3749 momenti
1133 3703 1174 3750 est
1185 3696 1234 3750 toti
1246 3697 1405 3763 reipublicae
1415 3698 1577 3763 christianae,

370 3790 439 3843 aqua
456 3776 600 3830 benedicta
626 3776 717 3831 adbuc
741 3784 898 3845 usurpatur.
921 3781 958 3832 lie
991 3792 1115 3847 agamus.

398 4064 423 4117 lt)
435 4064 460 4104 ln
468 4062 497 4105 iv.
505 4062 563 4105 Seni.
574 4062 628 4103 bist.
636 4062 669 4103 ἵε.
677 4067 717 4103 art.
725 4063 784 4116 l.qn.
798 4070 816 4105 t.
991 4062 1082 4113 vitium,
1096 4062 1191 4116 vivitque
1206 4063 1304 4116 tegendo.
1313 4062 1410 4116 Georssic.
1418 4064 1449 4104 iii.
1458 4068 1527 4107 cist.

393 4134 421 4187 (a)
436 4136 475 4187 Ep.
484 4133 512 4175 ad
529 4132 654 4174 Demtium
669 4133 815 4185 liugubinum.
825 4133 958 4175 Gernndinm
1014 4132 1044 4184 (t)
1054 4132 1173 4185 Videapud
1190 4132 1300 4173 llufflnutn
1315 4134 1329 4173 l.
1348 4132 1372 4173 ii.
1386 4132 1438 4174 bist.
1454 4132 1508 4174 liccl.
1519 4144 1536 4172 c.
1545 4130 1574 4171 iv.

368 4204 422 4245 iliud
437 4217 442 4244 :
458 4203 600 4257 inungendo,
616 4214 683 4256 pone
699 4203 792 4254 intelligi
808 4202 835 4244 de
857 4203 958 4244 unctione
991 4203 1111 4245 Palladium
1121 4202 1170 4243 hiet.
1181 4203 1292 4244 Louriane
1304 4214 1323 4245 c.
1336 4214 1368 4244 u.

366 4274 504 4326 nrumipieoda
522 4280 610 4316 censeat
629 4273 726 4328 plurimi.
747 4273 872 4327 Exemplum
894 4274 954 4315 baud
1015 4274 1043 4325 (t)
1057 4274 1108 4327 Cap.
1118 4274 1234 4326 Ouranion,
1245 4275 1307 4316 Extra
1319 4274 1410 4317 del'erb
1428 4273 1499 4327 siguli.

369 4342 467 4383 absimile
485 4354 510 4383 er
526 4344 615 4395 virgilio
636 4343 723 4385 adducit
740 4344 847 4385 Perrone:
861 4359 870 4383 a
885 4344 954 4385 Alitur
1013 4344 1045 4397 (c)
1058 4344 1087 4384 lie
1096 4343 1182 4395 Spnodo
1191 4344 1280 4385 ltioecee.
1290 4342 1354 4385 lviii.
