<?xml version="1.0" encoding="UTF-8"?>
<!DOCTYPE html PUBLIC "-//W3C//DTD XHTML 1.0 Transitional//EN"
    "http://www.w3.org/TR/xhtml1/DTD/xhtml1-transitional.dtd">
<html xmlns="http://www.w3.org/1999/xhtml" xml:lang="en" lang="en">
 <head>
  <title>
</title>
<meta http-equiv="Content-Type" content="text/html;charset=utf-8" />
  <meta name='ocr-system' content='tesseract 3.04.00' />
  <meta name='ocr-capabilities' content='ocr_page ocr_carea ocr_par ocr_line ocrx_word'/>
</head>
<body>
  <div class='ocr_page' id='page_1' title='image "./theologiadogmat02kenrgoog_0420.png"; bbox 0 0 3792 5550; ppageno 0'>
   <div class='ocr_carea' id='block_1_1' title="bbox 347 582 1332 661">
    <p class='ocr_par' dir='ltr' id='par_1_1' title="bbox 347 582 1332 661">
     <span class='ocr_line' id='line_1_1' title="bbox 347 582 1332 661; baseline -0.027 -2"><span class='ocrx_word' id='word_1_1' title='bbox 347 607 399 661; x_wconf 81' lang='lat' dir='ltr'>ton</span> <span class='ocrx_word' id='word_1_2' title='bbox 569 602 685 656; x_wconf 76' lang='lat' dir='ltr'>velet.</span> <span class='ocrx_word' id='word_1_3' title='bbox 703 598 767 651; x_wconf 85' lang='lat' dir='ltr'>xlx.</span> <span class='ocrx_word' id='word_1_4' title='bbox 788 596 830 648; x_wconf 83' lang='lat' dir='ltr'>DE</span> <span class='ocrx_word' id='word_1_5' title='bbox 847 587 1060 645; x_wconf 79' lang='lat' dir='ltr'>sncltltturtrls</span> <span class='ocrx_word' id='word_1_6' title='bbox 1079 584 1111 635; x_wconf 84' lang='lat' dir='ltr'>tn</span> <span class='ocrx_word' id='word_1_7' title='bbox 1130 582 1332 637; x_wconf 80' lang='lat' dir='ltr'>urtlvultstttt.</span> 
     </span>
    </p>
   </div>
   <div class='ocr_carea' id='block_1_2' title="bbox 349 691 1573 1293">
    <p class='ocr_par' dir='ltr' id='par_1_2' title="bbox 563 691 1568 785">
     <span class='ocr_line' id='line_1_2' title="bbox 563 691 1568 785; baseline -0.033 -11"><span class='ocrx_word' id='word_1_8' title='bbox 563 717 723 785; x_wconf 80' lang='lat' dir='ltr'>Propositz&#39;o.</span> <span class='ocrx_word' id='word_1_9' title='bbox 970 703 1045 755; x_wconf 90' lang='lat' dir='ltr'>mine</span> <span class='ocrx_word' id='word_1_10' title='bbox 1062 699 1170 753; x_wconf 83' lang='lat' dir='ltr'><strong>Domini</strong></span> <span class='ocrx_word' id='word_1_11' title='bbox 1185 703 1230 751; x_wconf 91' lang='lat' dir='ltr'>:et</span> <span class='ocrx_word' id='word_1_12' title='bbox 1249 695 1338 749; x_wconf 85' lang='lat' dir='ltr'>oratio</span> <span class='ocrx_word' id='word_1_13' title='bbox 1360 693 1424 746; x_wconf 87' lang='lat' dir='ltr'>fidei</span> <span class='ocrx_word' id='word_1_14' title='bbox 1448 691 1568 744; x_wconf 80' lang='lat' dir='ltr'>salvabit</span> 
     </span>
    </p>

    <p class='ocr_par' dir='ltr' id='par_1_3' title="bbox 349 778 1573 1293">
     <span class='ocr_line' id='line_1_3' title="bbox 382 778 1567 876; baseline -0.031 -13"><span class='ocrx_word' id='word_1_15' title='bbox 382 812 491 876; x_wconf 79' lang='lat' dir='ltr'>Septem</span> <span class='ocrx_word' id='word_1_16' title='bbox 499 812 563 859; x_wconf 90' lang='lat' dir='ltr'>sunt</span> <span class='ocrx_word' id='word_1_17' title='bbox 575 816 652 858; x_wconf 81' lang='lat' dir='ltr'>novae</span> <span class='ocrx_word' id='word_1_18' title='bbox 662 800 740 867; x_wconf 83' lang='lat' dir='ltr'><strong>Legis</strong></span> <span class='ocrx_word' id='word_1_19' title='bbox 751 801 936 856; x_wconf 84' lang='lat' dir='ltr'>Sacramenta,</span> <span class='ocrx_word' id='word_1_20' title='bbox 971 789 1125 849; x_wconf 82' lang='lat' dir='ltr'>infirmum,</span> <span class='ocrx_word' id='word_1_21' title='bbox 1144 791 1172 838; x_wconf 92' lang='lat' dir='ltr'>et</span> <span class='ocrx_word' id='word_1_22' title='bbox 1186 783 1325 837; x_wconf 80' lang='lat' dir='ltr'>alleviabit</span> <span class='ocrx_word' id='word_1_23' title='bbox 1337 795 1401 833; x_wconf 92' lang='lat' dir='ltr'>eum</span> <span class='ocrx_word' id='word_1_24' title='bbox 1413 778 1567 835; x_wconf 74' lang='lat' dir='ltr'>Dominus,</span> 
     </span>
     <span class='ocr_line' id='line_1_4' title="bbox 350 861 1569 960; baseline -0.03 -11"><span class='ocrx_word' id='word_1_25' title='bbox 350 909 401 949; x_wconf 88' lang='lat' dir='ltr'>nec</span> <span class='ocrx_word' id='word_1_26' title='bbox 412 895 509 960; x_wconf 89' lang='lat' dir='ltr'>plura,</span> <span class='ocrx_word' id='word_1_27' title='bbox 524 904 575 945; x_wconf 89' lang='lat' dir='ltr'>nec</span> <span class='ocrx_word' id='word_1_28' title='bbox 589 887 727 955; x_wconf 82' lang='lat' dir='ltr'>pauciora.</span> <span class='ocrx_word' id='word_1_29' title='bbox 971 882 999 927; x_wconf 91' lang='lat' dir='ltr'>et</span> <span class='ocrx_word' id='word_1_30' title='bbox 1011 874 1035 927; x_wconf 93' lang='lat' dir='ltr'>si</span> <span class='ocrx_word' id='word_1_31' title='bbox 1047 874 1076 925; x_wconf 92' lang='lat' dir='ltr'>in</span> <span class='ocrx_word' id='word_1_32' title='bbox 1094 871 1213 939; x_wconf 88' lang='lat' dir='ltr'>peccatis</span> <span class='ocrx_word' id='word_1_33' title='bbox 1228 869 1278 930; x_wconf 90' lang='lat' dir='ltr'>sit,</span> <span class='ocrx_word' id='word_1_34' title='bbox 1296 866 1472 919; x_wconf 79' lang='lat' dir='ltr'>remittentur</span> <span class='ocrx_word' id='word_1_35' title='bbox 1485 862 1522 915; x_wconf 90' lang='lat' dir='ltr'>ei.</span> <span class='ocrx_word' id='word_1_36' title='bbox 1535 861 1569 906; x_wconf 80' lang='lat'>»⁵</span> 
     </span>
     <span class='ocr_line' id='line_1_5' title="bbox 382 946 1572 1035; baseline -0.03 -1"><span class='ocrx_word' id='word_1_37' title='bbox 382 984 408 1034; x_wconf 76' lang='lat'>3.</span> <span class='ocrx_word' id='word_1_38' title='bbox 426 980 564 1032; x_wconf 75' lang='lat' dir='ltr'>Probatur</span> <span class='ocrx_word' id='word_1_39' title='bbox 588 978 610 1025; x_wconf 93' lang='lat' dir='ltr'>l.</span> <span class='ocrx_word' id='word_1_40' title='bbox 632 986 668 1025; x_wconf 79' lang='lat' dir='ltr'>cx</span> <span class='ocrx_word' id='word_1_41' title='bbox 699 968 858 1035; x_wconf 77' lang='lat' dir='ltr'>scripturis.</span> <span class='ocrx_word' id='word_1_42' title='bbox 888 969 939 1018; x_wconf 79' lang='lat' dir='ltr'>lia-</span> <span class='ocrx_word' id='word_1_43' title='bbox 973 961 1069 1015; x_wconf 88' lang='lat' dir='ltr'>Unctio</span> <span class='ocrx_word' id='word_1_44' title='bbox 1101 960 1160 1011; x_wconf 79' lang='lat' dir='ltr'>hec</span> <span class='ocrx_word' id='word_1_45' title='bbox 1188 955 1400 1022; x_wconf 80' lang='lat' dir='ltr'>periclitantium</span> <span class='ocrx_word' id='word_1_46' title='bbox 1424 950 1498 1012; x_wconf 88' lang='lat' dir='ltr'>vita,</span> <span class='ocrx_word' id='word_1_47' title='bbox 1526 946 1572 1000; x_wconf 90' lang='lat' dir='ltr'>cui</span> 
     </span>
     <span class='ocr_line' id='line_1_6' title="bbox 349 1035 1572 1133; baseline -0.029 -14"><span class='ocrx_word' id='word_1_48' title='bbox 349 1065 479 1133; x_wconf 87' lang='lat' dir='ltr'>ptismum</span> <span class='ocrx_word' id='word_1_49' title='bbox 492 1063 576 1115; x_wconf 87' lang='lat' dir='ltr'>luisse</span> <span class='ocrx_word' id='word_1_50' title='bbox 594 1073 609 1111; x_wconf 88' lang='lat' dir='ltr'>a</span> <span class='ocrx_word' id='word_1_51' title='bbox 629 1062 693 1111; x_wconf 84' lang='lat' dir='ltr'>lesu</span> <span class='ocrx_word' id='word_1_52' title='bbox 712 1056 819 1109; x_wconf 84' lang='lat' dir='ltr'>christo</span> <span class='ocrx_word' id='word_1_53' title='bbox 831 1052 938 1105; x_wconf 87' lang='lat' dir='ltr'>institu·</span> <span class='ocrx_word' id='word_1_54' title='bbox 972 1053 1148 1113; x_wconf 87' lang='lat' dir='ltr'>peccatorum</span> <span class='ocrx_word' id='word_1_55' title='bbox 1175 1041 1252 1096; x_wconf 84' lang='lat' dir='ltr'>venia</span> <span class='ocrx_word' id='word_1_56' title='bbox 1284 1036 1475 1106; x_wconf 86' lang='lat' dir='ltr'>promittitur,</span> <span class='ocrx_word' id='word_1_57' title='bbox 1500 1035 1572 1085; x_wconf 89' lang='lat' dir='ltr'>ritus</span> 
     </span>
     <span class='ocr_line' id='line_1_7' title="bbox 351 1123 1573 1213; baseline -0.026 -11"><span class='ocrx_word' id='word_1_58' title='bbox 351 1156 409 1203; x_wconf 91' lang='lat' dir='ltr'>tuvn</span> <span class='ocrx_word' id='word_1_59' title='bbox 420 1148 504 1213; x_wconf 83' lang='lat' dir='ltr'>liquet</span> <span class='ocrx_word' id='word_1_60' title='bbox 516 1160 547 1199; x_wconf 85' lang='lat' dir='ltr'>ex</span> <span class='ocrx_word' id='word_1_61' title='bbox 563 1144 694 1197; x_wconf 90' lang='lat' dir='ltr'>mandato</span> <span class='ocrx_word' id='word_1_62' title='bbox 706 1140 847 1207; x_wconf 76' lang='lat' dir='ltr'>apostolis</span> <span class='ocrx_word' id='word_1_63' title='bbox 860 1139 938 1190; x_wconf 89' lang='lat' dir='ltr'>dato:</span> <span class='ocrx_word' id='word_1_64' title='bbox 973 1133 1009 1185; x_wconf 86' lang='lat' dir='ltr'>sit</span> <span class='ocrx_word' id='word_1_65' title='bbox 1021 1144 1136 1184; x_wconf 88' lang='lat' dir='ltr'>necesse</span> <span class='ocrx_word' id='word_1_66' title='bbox 1147 1134 1189 1182; x_wconf 89' lang='lat' dir='ltr'>est</span> <span class='ocrx_word' id='word_1_67' title='bbox 1200 1129 1338 1180; x_wconf 80' lang='lat' dir='ltr'>Christum</span> <span class='ocrx_word' id='word_1_68' title='bbox 1351 1123 1459 1175; x_wconf 83' lang='lat' dir='ltr'>habens</span> <span class='ocrx_word' id='word_1_69' title='bbox 1472 1126 1573 1172; x_wconf 88' lang='lat' dir='ltr'>aucto-</span> 
     </span>
     <span class='ocr_line' id='line_1_8' title="bbox 354 1206 1572 1293; baseline -0.021 -12"><span class='ocrx_word' id='word_1_70' title='bbox 354 1254 366 1281; x_wconf 71' lang='lat'><strong>«</strong></span> <span class='ocrx_word' id='word_1_71' title='bbox 385 1235 486 1285; x_wconf 89' lang='lat' dir='ltr'>Euntcs</span> <span class='ocrx_word' id='word_1_72' title='bbox 499 1230 595 1283; x_wconf 89' lang='lat' dir='ltr'>docete</span> <span class='ocrx_word' id='word_1_73' title='bbox 609 1241 707 1282; x_wconf 88' lang='lat' dir='ltr'>omnes</span> <span class='ocrx_word' id='word_1_74' title='bbox 724 1230 819 1293; x_wconf 85' lang='lat' dir='ltr'>gentes</span> <span class='ocrx_word' id='word_1_75' title='bbox 830 1262 838 1287; x_wconf 86' lang='lat'>,</span> <span class='ocrx_word' id='word_1_76' title='bbox 851 1222 941 1287; x_wconf 85' lang='lat' dir='ltr'>bapti·</span> <span class='ocrx_word' id='word_1_77' title='bbox 974 1231 1032 1271; x_wconf 91' lang='lat' dir='ltr'>rem</span> <span class='ocrx_word' id='word_1_78' title='bbox 1045 1232 1052 1279; x_wconf 92' lang='lat'>;</span> <span class='ocrx_word' id='word_1_79' title='bbox 1066 1216 1154 1282; x_wconf 84' lang='lat' dir='ltr'>ipsius</span> <span class='ocrx_word' id='word_1_80' title='bbox 1180 1213 1253 1266; x_wconf 89' lang='lat' dir='ltr'>enim</span> <span class='ocrx_word' id='word_1_81' title='bbox 1278 1216 1320 1264; x_wconf 89' lang='lat' dir='ltr'>est</span> <span class='ocrx_word' id='word_1_82' title='bbox 1337 1208 1453 1276; x_wconf 78' lang='lat' dir='ltr'>gratiam</span> <span class='ocrx_word' id='word_1_83' title='bbox 1476 1206 1502 1257; x_wconf 90' lang='lat' dir='ltr'>ei</span> <span class='ocrx_word' id='word_1_84' title='bbox 1521 1206 1572 1257; x_wconf 91' lang='lat' dir='ltr'>ad·</span> 
     </span>
    </p>
   </div>
   <div class='ocr_carea' id='block_1_3' title="bbox 349 1309 1574 1470">
    <p class='ocr_par' dir='ltr' id='par_1_4' title="bbox 349 1309 1574 1470">
     <span class='ocr_line' id='line_1_9' title="bbox 349 1309 1094 1377; baseline -0.026 -6"><span class='ocrx_word' id='word_1_85' title='bbox 349 1324 443 1377; x_wconf 76' lang='lat' dir='ltr'>zantes</span> <span class='ocrx_word' id='word_1_86' title='bbox 458 1330 506 1369; x_wconf 88' lang='lat' dir='ltr'>eos</span> <span class='ocrx_word' id='word_1_87' title='bbox 520 1316 547 1367; x_wconf 91' lang='lat' dir='ltr'>in</span> <span class='ocrx_word' id='word_1_88' title='bbox 557 1316 670 1369; x_wconf 90' lang='lat' dir='ltr'>nomine</span> <span class='ocrx_word' id='word_1_89' title='bbox 680 1312 776 1375; x_wconf 86' lang='lat' dir='ltr'>Patris,</span> <span class='ocrx_word' id='word_1_90' title='bbox 789 1317 815 1364; x_wconf 89' lang='lat' dir='ltr'>et</span> <span class='ocrx_word' id='word_1_91' title='bbox 828 1309 902 1373; x_wconf 82' lang='lat' dir='ltr'>Filii,</span> <span class='ocrx_word' id='word_1_92' title='bbox 914 1313 941 1360; x_wconf 90' lang='lat' dir='ltr'>et</span> <span class='ocrx_word' id='word_1_93' title='bbox 975 1310 1094 1356; x_wconf 87' lang='lat' dir='ltr'>nectere.</span> 
     </span>
     <span class='ocr_line' id='line_1_10' title="bbox 351 1385 1574 1470; baseline -0.023 -13"><span class='ocrx_word' id='word_1_94' title='bbox 351 1403 468 1470; x_wconf 86' lang='lat' dir='ltr'>Spiritus</span> <span class='ocrx_word' id='word_1_95' title='bbox 480 1403 578 1456; x_wconf 88' lang='lat' dir='ltr'>sancti.</span> <span class='ocrx_word' id='word_1_96' title='bbox 591 1400 624 1449; x_wconf 79' lang='lat'>»¹</span> <span class='ocrx_word' id='word_1_97' title='bbox 1006 1387 1033 1439; x_wconf 88' lang='lat'>8.</span> <span class='ocrx_word' id='word_1_98' title='bbox 1052 1386 1181 1439; x_wconf 88' lang='lat' dir='ltr'>Ordinem</span> <span class='ocrx_word' id='word_1_99' title='bbox 1210 1385 1420 1435; x_wconf 84' lang='lat' dir='ltr'>sacramentum</span> <span class='ocrx_word' id='word_1_100' title='bbox 1448 1392 1513 1432; x_wconf 89' lang='lat' dir='ltr'>esse</span> <span class='ocrx_word' id='word_1_101' title='bbox 1540 1392 1574 1429; x_wconf 91' lang='lat' dir='ltr'>ex</span> 
     </span>
    </p>
   </div>
   <div class='ocr_carea' id='block_1_4' title="bbox 351 1464 1575 2223">
    <p class='ocr_par' dir='ltr' id='par_1_5' title="bbox 351 1464 1575 2149">
     <span class='ocr_line' id='line_1_11' title="bbox 385 1464 1575 1540; baseline -0.019 0"><span class='ocrx_word' id='word_1_102' title='bbox 385 1491 410 1540; x_wconf 83' lang='grc'>4.</span> <span class='ocrx_word' id='word_1_103' title='bbox 431 1488 669 1540; x_wconf 81' lang='lat' dir='ltr'>confirmationem</span> <span class='ocrx_word' id='word_1_104' title='bbox 692 1485 827 1537; x_wconf 88' lang='lat' dir='ltr'>Christum</span> <span class='ocrx_word' id='word_1_105' title='bbox 840 1482 942 1534; x_wconf 81' lang='lat' dir='ltr'>haltere</span> <span class='ocrx_word' id='word_1_106' title='bbox 975 1476 1003 1527; x_wconf 82' lang='grc' dir='ltr'>Ι).</span> <span class='ocrx_word' id='word_1_107' title='bbox 1018 1475 1100 1526; x_wconf 66' lang='lat' dir='ltr'>Paulo</span> <span class='ocrx_word' id='word_1_108' title='bbox 1112 1470 1268 1535; x_wconf 75' lang='lat' dir='ltr'>colligitur:</span> <span class='ocrx_word' id='word_1_109' title='bbox 1288 1480 1423 1519; x_wconf 81' lang='lat' dir='ltr'>manuum</span> <span class='ocrx_word' id='word_1_110' title='bbox 1434 1465 1510 1517; x_wconf 81' lang='lat' dir='ltr'>enim</span> <span class='ocrx_word' id='word_1_111' title='bbox 1524 1464 1575 1514; x_wconf 86' lang='lat' dir='ltr'>im·</span> 
     </span>
     <span class='ocr_line' id='line_1_12' title="bbox 351 1549 1571 1638; baseline -0.022 -11"><span class='ocrx_word' id='word_1_112' title='bbox 351 1580 493 1627; x_wconf 86' lang='lat' dir='ltr'>auctorem</span> <span class='ocrx_word' id='word_1_113' title='bbox 516 1572 652 1638; x_wconf 79' lang='lat' dir='ltr'>colligitur</span> <span class='ocrx_word' id='word_1_114' title='bbox 674 1584 706 1623; x_wconf 90' lang='lat' dir='ltr'>ex</span> <span class='ocrx_word' id='word_1_115' title='bbox 735 1568 808 1621; x_wconf 81' lang='lat' dir='ltr'>Actis</span> <span class='ocrx_word' id='word_1_116' title='bbox 828 1569 943 1632; x_wconf 77' lang='lat' dir='ltr'>Aposto-</span> <span class='ocrx_word' id='word_1_117' title='bbox 977 1559 1114 1627; x_wconf 87' lang='lat' dir='ltr'>positione</span> <span class='ocrx_word' id='word_1_118' title='bbox 1143 1554 1258 1622; x_wconf 77' lang='lat' dir='ltr'>gratiam</span> <span class='ocrx_word' id='word_1_119' title='bbox 1287 1559 1314 1606; x_wconf 91' lang='lat' dir='ltr'>et</span> <span class='ocrx_word' id='word_1_120' title='bbox 1344 1555 1512 1617; x_wconf 91' lang='lat' dir='ltr'>potestatem</span> <span class='ocrx_word' id='word_1_121' title='bbox 1538 1549 1571 1600; x_wconf 93' lang='lat' dir='ltr'>ad</span> 
     </span>
     <span class='ocr_line' id='line_1_13' title="bbox 352 1635 1574 1721; baseline -0.02 -10"><span class='ocrx_word' id='word_1_122' title='bbox 352 1659 459 1717; x_wconf 83' lang='lat' dir='ltr'>lorum,</span> <span class='ocrx_word' id='word_1_123' title='bbox 480 1656 626 1721; x_wconf 83' lang='lat' dir='ltr'>inquibus</span> <span class='ocrx_word' id='word_1_124' title='bbox 656 1654 773 1721; x_wconf 91' lang='lat' dir='ltr'>legimus</span> <span class='ocrx_word' id='word_1_125' title='bbox 798 1652 944 1719; x_wconf 78' lang='lat' dir='ltr'>Apostolos</span> <span class='ocrx_word' id='word_1_126' title='bbox 977 1658 1054 1697; x_wconf 85' lang='lat' dir='ltr'>sacra</span> <span class='ocrx_word' id='word_1_127' title='bbox 1081 1654 1195 1694; x_wconf 89' lang='lat' dir='ltr'>munera</span> <span class='ocrx_word' id='word_1_128' title='bbox 1213 1638 1284 1691; x_wconf 84' lang='lat' dir='ltr'>tradi</span> <span class='ocrx_word' id='word_1_129' title='bbox 1304 1639 1395 1690; x_wconf 86' lang='lat' dir='ltr'>docet.</span> <span class='ocrx_word' id='word_1_130' title='bbox 1418 1635 1459 1687; x_wconf 83' lang='lat' dir='ltr'>Ad</span> <span class='ocrx_word' id='word_1_131' title='bbox 1481 1635 1574 1687; x_wconf 85' lang='lat' dir='ltr'>Timo-</span> 
     </span>
     <span class='ocr_line' id='line_1_14' title="bbox 352 1723 1574 1807; baseline -0.02 -12"><span class='ocrx_word' id='word_1_132' title='bbox 352 1743 480 1795; x_wconf 84' lang='lat' dir='ltr'>fidelibus</span> <span class='ocrx_word' id='word_1_133' title='bbox 502 1741 644 1807; x_wconf 85' lang='lat' dir='ltr'>baptizatis</span> <span class='ocrx_word' id='word_1_134' title='bbox 673 1753 802 1792; x_wconf 90' lang='lat' dir='ltr'>manuum</span> <span class='ocrx_word' id='word_1_135' title='bbox 832 1736 944 1802; x_wconf 84' lang='lat' dir='ltr'>imposi-</span> <span class='ocrx_word' id='word_1_136' title='bbox 965 1734 1072 1784; x_wconf 69' lang='lat' dir='ltr'>&#39;tlteum</span> <span class='ocrx_word' id='word_1_137' title='bbox 1084 1726 1239 1792; x_wconf 75' lang='lat' dir='ltr'>scripsitzu</span> <span class='ocrx_word' id='word_1_138' title='bbox 1253 1723 1396 1775; x_wconf 82' lang='lat' dir='ltr'>Admoneo</span> <span class='ocrx_word' id='word_1_139' title='bbox 1420 1726 1464 1784; x_wconf 90' lang='lat' dir='ltr'>te,</span> <span class='ocrx_word' id='word_1_140' title='bbox 1483 1725 1514 1771; x_wconf 90' lang='lat' dir='ltr'>ut</span> <span class='ocrx_word' id='word_1_141' title='bbox 1532 1733 1574 1771; x_wconf 90' lang='lat' dir='ltr'>re·</span> 
     </span>
     <span class='ocr_line' id='line_1_15' title="bbox 352 1806 1575 1891; baseline -0.02 -10"><span class='ocrx_word' id='word_1_142' title='bbox 352 1829 428 1882; x_wconf 89' lang='lat' dir='ltr'>tione</span> <span class='ocrx_word' id='word_1_143' title='bbox 442 1828 553 1880; x_wconf 83' lang='lat' dir='ltr'>dedisse</span> <span class='ocrx_word' id='word_1_144' title='bbox 564 1826 693 1891; x_wconf 90' lang='lat' dir='ltr'>Spiritum</span> <span class='ocrx_word' id='word_1_145' title='bbox 707 1827 834 1876; x_wconf 90' lang='lat' dir='ltr'>Sanctum</span> <span class='ocrx_word' id='word_1_146' title='bbox 849 1837 855 1873; x_wconf 91' lang='lat'>:</span> <span class='ocrx_word' id='word_1_147' title='bbox 869 1821 943 1887; x_wconf 89' lang='lat' dir='ltr'>quod</span> <span class='ocrx_word' id='word_1_148' title='bbox 976 1816 1093 1871; x_wconf 87' lang='lat' dir='ltr'>suscites</span> <span class='ocrx_word' id='word_1_149' title='bbox 1105 1812 1218 1881; x_wconf 89' lang='lat' dir='ltr'>gratiam</span> <span class='ocrx_word' id='word_1_150' title='bbox 1232 1810 1293 1871; x_wconf 82' lang='lat' dir='ltr'>liei,</span> <span class='ocrx_word' id='word_1_151' title='bbox 1310 1820 1373 1874; x_wconf 83' lang='lat' dir='ltr'>quae</span> <span class='ocrx_word' id='word_1_152' title='bbox 1390 1812 1434 1859; x_wconf 90' lang='lat' dir='ltr'>est</span> <span class='ocrx_word' id='word_1_153' title='bbox 1444 1806 1474 1862; x_wconf 87' lang='lat' dir='ltr'>itt</span> <span class='ocrx_word' id='word_1_154' title='bbox 1489 1812 1575 1871; x_wconf 82' lang='lat' dir='ltr'>tepor</span> 
     </span>
     <span class='ocr_line' id='line_1_16' title="bbox 354 1891 1524 1974; baseline -0.021 -8"><span class='ocrx_word' id='word_1_155' title='bbox 354 1913 407 1967; x_wconf 89' lang='lat' dir='ltr'>nisi</span> <span class='ocrx_word' id='word_1_156' title='bbox 428 1913 535 1969; x_wconf 85' lang='lat' dir='ltr'>Christo</span> <span class='ocrx_word' id='word_1_157' title='bbox 553 1917 665 1965; x_wconf 86' lang='lat' dir='ltr'>auctore</span> <span class='ocrx_word' id='word_1_158' title='bbox 681 1910 770 1963; x_wconf 88' lang='lat' dir='ltr'>iacere</span> <span class='ocrx_word' id='word_1_159' title='bbox 792 1922 847 1961; x_wconf 93' lang='lat' dir='ltr'>non</span> <span class='ocrx_word' id='word_1_160' title='bbox 866 1912 946 1974; x_wconf 88' lang='lat' dir='ltr'>pote·</span> <span class='ocrx_word' id='word_1_161' title='bbox 978 1902 1182 1969; x_wconf 89' lang='lat' dir='ltr'>impositionem</span> <span class='ocrx_word' id='word_1_162' title='bbox 1192 1910 1325 1951; x_wconf 90' lang='lat' dir='ltr'>manuum</span> <span class='ocrx_word' id='word_1_163' title='bbox 1338 1907 1475 1947; x_wconf 86' lang='lat' dir='ltr'>mearum.</span> <span class='ocrx_word' id='word_1_164' title='bbox 1488 1891 1524 1940; x_wconf 60' lang='grc' dir='ltr'>»θ</span> 
     </span>
     <span class='ocr_line' id='line_1_17' title="bbox 355 1982 1573 2062; baseline -0.018 -13"><span class='ocrx_word' id='word_1_165' title='bbox 355 2003 435 2051; x_wconf 86' lang='lat' dir='ltr'>rant:</span> <span class='ocrx_word' id='word_1_166' title='bbox 454 1996 765 2062; x_wconf 76' lang='lat' dir='ltr'>«imponebantmanus</span> <span class='ocrx_word' id='word_1_167' title='bbox 777 2008 859 2059; x_wconf 89' lang='lat' dir='ltr'>super</span> <span class='ocrx_word' id='word_1_168' title='bbox 872 1994 944 2056; x_wconf 93' lang='lat' dir='ltr'>illos,</span> <span class='ocrx_word' id='word_1_169' title='bbox 1010 1994 1036 2042; x_wconf 83' lang='grc'>9.</span> <span class='ocrx_word' id='word_1_170' title='bbox 1056 1984 1256 2039; x_wconf 88' lang='lat' dir='ltr'>llatrimonium</span> <span class='ocrx_word' id='word_1_171' title='bbox 1278 1994 1341 2035; x_wconf 87' lang='lat' dir='ltr'>esse</span> <span class='ocrx_word' id='word_1_172' title='bbox 1364 1982 1573 2032; x_wconf 89' lang='lat' dir='ltr'>Sacramentum</span> 
     </span>
     <span class='ocr_line' id='line_1_18' title="bbox 352 2061 1573 2149; baseline -0.021 -12"><span class='ocrx_word' id='word_1_173' title='bbox 352 2089 383 2137; x_wconf 85' lang='lat' dir='ltr'>et</span> <span class='ocrx_word' id='word_1_174' title='bbox 400 2084 571 2149; x_wconf 82' lang='lat' dir='ltr'>accipiebant</span> <span class='ocrx_word' id='word_1_175' title='bbox 583 2083 710 2148; x_wconf 92' lang='lat' dir='ltr'>Spiritum</span> <span class='ocrx_word' id='word_1_176' title='bbox 729 2079 913 2133; x_wconf 76' lang='lat' dir='ltr'>sanctum.&gt;›⁸</span> <span class='ocrx_word' id='word_1_177' title='bbox 978 2074 1116 2141; x_wconf 75' lang='lat' dir='ltr'>colligitur</span> <span class='ocrx_word' id='word_1_178' title='bbox 1139 2085 1172 2124; x_wconf 90' lang='lat' dir='ltr'>ex</span> <span class='ocrx_word' id='word_1_179' title='bbox 1195 2068 1339 2122; x_wconf 87' lang='lat' dir='ltr'>sanctione</span> <span class='ocrx_word' id='word_1_180' title='bbox 1367 2063 1471 2118; x_wconf 83' lang='lat' dir='ltr'>vinculi</span> <span class='ocrx_word' id='word_1_181' title='bbox 1497 2061 1573 2127; x_wconf 86' lang='lat' dir='ltr'>quod</span> 
     </span>
    </p>

    <p class='ocr_par' dir='ltr' id='par_1_6' title="bbox 387 2146 1574 2223">
     <span class='ocr_line' id='line_1_19' title="bbox 387 2146 1574 2223; baseline -0.02 -2"><span class='ocrx_word' id='word_1_182' title='bbox 387 2172 413 2221; x_wconf 78' lang='grc'>5.</span> <span class='ocrx_word' id='word_1_183' title='bbox 442 2168 640 2221; x_wconf 86' lang='lat' dir='ltr'>Eucharistiam</span> <span class='ocrx_word' id='word_1_184' title='bbox 670 2167 788 2219; x_wconf 89' lang='lat' dir='ltr'>instituit</span> <span class='ocrx_word' id='word_1_185' title='bbox 821 2166 945 2217; x_wconf 84' lang='lat' dir='ltr'>Christus</span> <span class='ocrx_word' id='word_1_186' title='bbox 979 2161 1049 2214; x_wconf 89' lang='lat' dir='ltr'>solvi</span> <span class='ocrx_word' id='word_1_187' title='bbox 1062 2157 1173 2223; x_wconf 85' lang='lat' dir='ltr'>nequit,</span> <span class='ocrx_word' id='word_1_188' title='bbox 1194 2154 1301 2206; x_wconf 86' lang='lat' dir='ltr'>Christo</span> <span class='ocrx_word' id='word_1_189' title='bbox 1319 2151 1450 2203; x_wconf 89' lang='lat' dir='ltr'>dicente:</span> <span class='ocrx_word' id='word_1_190' title='bbox 1471 2146 1574 2209; x_wconf 79' lang='lat' dir='ltr'>«Quod</span> 
     </span>
    </p>
   </div>
   <div class='ocr_carea' id='block_1_5' title="bbox 354 2232 1578 2743">
    <p class='ocr_par' dir='ltr' id='par_1_7' title="bbox 354 2232 1578 2743">
     <span class='ocr_line' id='line_1_20' title="bbox 355 2232 1574 2319; baseline -0.023 -13"><span class='ocrx_word' id='word_1_191' title='bbox 355 2258 419 2319; x_wconf 86' lang='lat' dir='ltr'>post</span> <span class='ocrx_word' id='word_1_192' title='bbox 436 2265 543 2306; x_wconf 83' lang='lat' dir='ltr'>coeuam</span> <span class='ocrx_word' id='word_1_193' title='bbox 570 2254 747 2317; x_wconf 66' lang='lat' dir='ltr'>paschalem</span> <span class='ocrx_word' id='word_1_194' title='bbox 766 2265 851 2316; x_wconf 86' lang='lat' dir='ltr'>quum</span> <span class='ocrx_word' id='word_1_195' title='bbox 872 2250 944 2302; x_wconf 91' lang='lat' dir='ltr'>enim</span> <span class='ocrx_word' id='word_1_196' title='bbox 979 2248 1051 2299; x_wconf 81' lang='lat' dir='ltr'>licus</span> <span class='ocrx_word' id='word_1_197' title='bbox 1063 2241 1315 2309; x_wconf 77' lang='lat' dir='ltr'>coniunxit,homo</span> <span class='ocrx_word' id='word_1_198' title='bbox 1334 2250 1391 2289; x_wconf 92' lang='lat' dir='ltr'>non</span> <span class='ocrx_word' id='word_1_199' title='bbox 1400 2238 1511 2301; x_wconf 88' lang='lat' dir='ltr'>separet</span> <span class='ocrx_word' id='word_1_200' title='bbox 1522 2248 1529 2283; x_wconf 75' lang='grc' dir='ltr'>ε</span> <span class='ocrx_word' id='word_1_201' title='bbox 1541 2232 1574 2279; x_wconf 79' lang='lat'>»⁷</span> 
     </span>
     <span class='ocr_line' id='line_1_21' title="bbox 355 2322 1574 2401; baseline -0.014 -14"><span class='ocrx_word' id='word_1_202' title='bbox 355 2349 456 2401; x_wconf 88' lang='lat' dir='ltr'>panem</span> <span class='ocrx_word' id='word_1_203' title='bbox 477 2337 505 2387; x_wconf 93' lang='lat' dir='ltr'>in</span> <span class='ocrx_word' id='word_1_204' title='bbox 527 2348 624 2387; x_wconf 91' lang='lat' dir='ltr'>manus</span> <span class='ocrx_word' id='word_1_205' title='bbox 645 2337 827 2400; x_wconf 85' lang='lat' dir='ltr'>sumpsisset,</span> <span class='ocrx_word' id='word_1_206' title='bbox 848 2340 875 2387; x_wconf 88' lang='lat' dir='ltr'>et</span> <span class='ocrx_word' id='word_1_207' title='bbox 891 2335 946 2387; x_wconf 88' lang='lat' dir='ltr'>ire·</span> <span class='ocrx_word' id='word_1_208' title='bbox 980 2339 1008 2385; x_wconf 90' lang='lat' dir='ltr'>et</span> <span class='ocrx_word' id='word_1_209' title='bbox 1026 2344 1060 2384; x_wconf 90' lang='lat' dir='ltr'>ex</span> <span class='ocrx_word' id='word_1_210' title='bbox 1077 2341 1153 2382; x_wconf 88' lang='lat' dir='ltr'>sacra</span> <span class='ocrx_word' id='word_1_211' title='bbox 1172 2329 1232 2393; x_wconf 75' lang='lat' dir='ltr'>eius</span> <span class='ocrx_word' id='word_1_212' title='bbox 1248 2322 1469 2391; x_wconf 85' lang='lat' dir='ltr'>significatione,</span> <span class='ocrx_word' id='word_1_213' title='bbox 1490 2332 1574 2385; x_wconf 88' lang='lat' dir='ltr'>quam</span> 
     </span>
     <span class='ocr_line' id='line_1_22' title="bbox 354 2398 1575 2489; baseline -0.015 -16"><span class='ocrx_word' id='word_1_214' title='bbox 354 2422 461 2489; x_wconf 82' lang='lat' dir='ltr'>gisset,</span> <span class='ocrx_word' id='word_1_215' title='bbox 480 2420 669 2474; x_wconf 85' lang='lat' dir='ltr'>benedicendo</span> <span class='ocrx_word' id='word_1_216' title='bbox 693 2421 780 2473; x_wconf 90' lang='lat' dir='ltr'>dixit:</span> <span class='ocrx_word' id='word_1_217' title='bbox 795 2440 806 2467; x_wconf 76' lang='grc' dir='ltr'><strong>α</strong></span> <span class='ocrx_word' id='word_1_218' title='bbox 826 2422 882 2472; x_wconf 88' lang='lat' dir='ltr'>lloc</span> <span class='ocrx_word' id='word_1_219' title='bbox 905 2424 947 2474; x_wconf 86' lang='lat' dir='ltr'>est</span> <span class='ocrx_word' id='word_1_220' title='bbox 979 2416 1097 2481; x_wconf 87' lang='lat' dir='ltr'>explicat</span> <span class='ocrx_word' id='word_1_221' title='bbox 1115 2412 1229 2474; x_wconf 85' lang='lat' dir='ltr'>Paulus,</span> <span class='ocrx_word' id='word_1_222' title='bbox 1243 2422 1374 2475; x_wconf 90' lang='lat' dir='ltr'>magnum</span> <span class='ocrx_word' id='word_1_223' title='bbox 1396 2407 1424 2458; x_wconf 93' lang='lat' dir='ltr'>in</span> <span class='ocrx_word' id='word_1_224' title='bbox 1436 2398 1472 2458; x_wconf 87' lang='lat' dir='ltr'>eo</span> <span class='ocrx_word' id='word_1_225' title='bbox 1489 2406 1575 2457; x_wconf 87' lang='lat' dir='ltr'>latere</span> 
     </span>
     <span class='ocr_line' id='line_1_23' title="bbox 357 2494 1575 2585; baseline -0.014 -26"><span class='ocrx_word' id='word_1_226' title='bbox 357 2520 578 2573; x_wconf 87' lang='lat' dir='ltr'>corpusmeum,</span> <span class='ocrx_word' id='word_1_227' title='bbox 590 2507 664 2572; x_wconf 82' lang='lat' dir='ltr'>quod</span> <span class='ocrx_word' id='word_1_228' title='bbox 678 2519 727 2572; x_wconf 90' lang='lat' dir='ltr'>pro</span> <span class='ocrx_word' id='word_1_229' title='bbox 745 2506 824 2585; x_wconf 73' lang='lat' dir='ltr'>vobis</span> <span class='ocrx_word' id='word_1_230' title='bbox 843 2507 945 2559; x_wconf 89' lang='lat' dir='ltr'>datur:</span> <span class='ocrx_word' id='word_1_231' title='bbox 980 2503 1141 2569; x_wconf 86' lang='lat' dir='ltr'>mysterium</span> <span class='ocrx_word' id='word_1_232' title='bbox 1161 2498 1366 2566; x_wconf 85' lang='lat' dir='ltr'>conjunctionis</span> <span class='ocrx_word' id='word_1_233' title='bbox 1387 2494 1488 2547; x_wconf 87' lang='lat' dir='ltr'>Christi</span> <span class='ocrx_word' id='word_1_234' title='bbox 1513 2506 1575 2544; x_wconf 90' lang='lat' dir='ltr'>cum</span> 
     </span>
     <span class='ocr_line' id='line_1_24' title="bbox 358 2579 1578 2647; baseline -0.016 0"><span class='ocrx_word' id='word_1_235' title='bbox 358 2595 413 2647; x_wconf 81' lang='lat' dir='ltr'>troc</span> <span class='ocrx_word' id='word_1_236' title='bbox 438 2592 519 2645; x_wconf 81' lang='lat' dir='ltr'>facite</span> <span class='ocrx_word' id='word_1_237' title='bbox 541 2592 568 2644; x_wconf 92' lang='lat' dir='ltr'>in</span> <span class='ocrx_word' id='word_1_238' title='bbox 596 2604 684 2645; x_wconf 89' lang='lat' dir='ltr'>meam</span> <span class='ocrx_word' id='word_1_239' title='bbox 709 2592 948 2646; x_wconf 89' lang='lat' dir='ltr'>commemoratio·</span> <span class='ocrx_word' id='word_1_240' title='bbox 980 2589 1101 2643; x_wconf 88' lang='lat' dir='ltr'>Ecclesia</span> <span class='ocrx_word' id='word_1_241' title='bbox 1113 2586 1515 2641; x_wconf 81' lang='lat' dir='ltr'>affirmans:‹sacramentum</span> <span class='ocrx_word' id='word_1_242' title='bbox 1525 2579 1578 2629; x_wconf 81' lang='lat' dir='ltr'>hoc¹</span> 
     </span>
     <span class='ocr_line' id='line_1_25' title="bbox 358 2664 1577 2743; baseline -0.012 -13"><span class='ocrx_word' id='word_1_243' title='bbox 358 2691 431 2730; x_wconf 85' lang='lat' dir='ltr'>nem.</span> <span class='ocrx_word' id='word_1_244' title='bbox 441 2697 453 2723; x_wconf 73' lang='lat' dir='ltr'>a</span> <span class='ocrx_word' id='word_1_245' title='bbox 463 2678 594 2729; x_wconf 77' lang='lat' dir='ltr'>loculum</span> <span class='ocrx_word' id='word_1_246' title='bbox 603 2677 733 2742; x_wconf 89' lang='lat' dir='ltr'>deinceps</span> <span class='ocrx_word' id='word_1_247' title='bbox 744 2690 825 2729; x_wconf 90' lang='lat' dir='ltr'>manu</span> <span class='ocrx_word' id='word_1_248' title='bbox 833 2678 949 2743; x_wconf 84' lang='lat' dir='ltr'>preiren-</span> <span class='ocrx_word' id='word_1_249' title='bbox 981 2688 1110 2743; x_wconf 87' lang='lat' dir='ltr'>magnum</span> <span class='ocrx_word' id='word_1_250' title='bbox 1122 2679 1174 2736; x_wconf 90' lang='lat' dir='ltr'>est,</span> <span class='ocrx_word' id='word_1_251' title='bbox 1184 2684 1235 2738; x_wconf 91' lang='lat' dir='ltr'>ego</span> <span class='ocrx_word' id='word_1_252' title='bbox 1246 2675 1339 2723; x_wconf 89' lang='lat' dir='ltr'>autem</span> <span class='ocrx_word' id='word_1_253' title='bbox 1351 2668 1416 2720; x_wconf 90' lang='lat' dir='ltr'>dico</span> <span class='ocrx_word' id='word_1_254' title='bbox 1428 2666 1458 2718; x_wconf 92' lang='lat' dir='ltr'>in</span> <span class='ocrx_word' id='word_1_255' title='bbox 1469 2664 1577 2717; x_wconf 79' lang='lat' dir='ltr'>christo</span> 
     </span>
    </p>
   </div>
   <div class='ocr_carea' id='block_1_6' title="bbox 297 2756 1582 4374">
    <p class='ocr_par' dir='ltr' id='par_1_8' title="bbox 297 2756 1582 4374">
     <span class='ocr_line' id='line_1_26' title="bbox 355 2756 1240 2826; baseline -0.008 -10"><span class='ocrx_word' id='word_1_256' title='bbox 355 2763 444 2826; x_wconf 87' lang='lat' dir='ltr'>dens,</span> <span class='ocrx_word' id='word_1_257' title='bbox 463 2761 530 2814; x_wconf 83' lang='lat' dir='ltr'>dixit</span> <span class='ocrx_word' id='word_1_258' title='bbox 543 2777 549 2812; x_wconf 91' lang='lat'>:</span> <span class='ocrx_word' id='word_1_259' title='bbox 566 2762 638 2815; x_wconf 79' lang='lat' dir='ltr'>«llic</span> <span class='ocrx_word' id='word_1_260' title='bbox 649 2767 691 2814; x_wconf 88' lang='lat' dir='ltr'>est</span> <span class='ocrx_word' id='word_1_261' title='bbox 704 2761 772 2816; x_wconf 88' lang='lat' dir='ltr'>calix</span> <span class='ocrx_word' id='word_1_262' title='bbox 785 2775 886 2816; x_wconf 91' lang='lat' dir='ltr'>novum</span> <span class='ocrx_word' id='word_1_263' title='bbox 899 2764 948 2816; x_wconf 86' lang='lat' dir='ltr'>Te·</span> <span class='ocrx_word' id='word_1_264' title='bbox 982 2761 1046 2816; x_wconf 90' lang='lat' dir='ltr'>etin</span> <span class='ocrx_word' id='word_1_265' title='bbox 1059 2758 1189 2812; x_wconf 83' lang='lat' dir='ltr'>Ecclesia.</span> <span class='ocrx_word' id='word_1_266' title='bbox 1205 2756 1240 2802; x_wconf 63' lang='grc' dir='ltr'>»θ</span> 
     </span>
     <span class='ocr_line' id='line_1_27' title="bbox 358 2839 1577 2913; baseline -0.008 -15"><span class='ocrx_word' id='word_1_267' title='bbox 358 2853 525 2899; x_wconf 85' lang='lat' dir='ltr'>stamentum</span> <span class='ocrx_word' id='word_1_268' title='bbox 546 2847 573 2898; x_wconf 90' lang='lat' dir='ltr'>in</span> <span class='ocrx_word' id='word_1_269' title='bbox 591 2849 726 2913; x_wconf 88' lang='lat' dir='ltr'>sanguine</span> <span class='ocrx_word' id='word_1_270' title='bbox 744 2859 805 2899; x_wconf 89' lang='lat' dir='ltr'>mco</span> <span class='ocrx_word' id='word_1_271' title='bbox 818 2886 825 2904; x_wconf 79' lang='grc'><strong>.</strong></span> <span class='ocrx_word' id='word_1_272' title='bbox 839 2847 885 2912; x_wconf 83' lang='lat' dir='ltr'>qui</span> <span class='ocrx_word' id='word_1_273' title='bbox 898 2860 948 2913; x_wconf 92' lang='lat' dir='ltr'>pro</span> <span class='ocrx_word' id='word_1_274' title='bbox 1015 2849 1080 2911; x_wconf 81' lang='lat' dir='ltr'>Quae</span> <span class='ocrx_word' id='word_1_275' title='bbox 1092 2848 1183 2897; x_wconf 87' lang='lat' dir='ltr'>Patres</span> <span class='ocrx_word' id='word_1_276' title='bbox 1201 2843 1237 2896; x_wconf 87' lang='lat' dir='ltr'>de</span> <span class='ocrx_word' id='word_1_277' title='bbox 1255 2841 1373 2908; x_wconf 85' lang='lat' dir='ltr'>singulis</span> <span class='ocrx_word' id='word_1_278' title='bbox 1393 2839 1577 2893; x_wconf 84' lang='lat' dir='ltr'>sacramentis</span> 
     </span>
     <span class='ocr_line' id='line_1_28' title="bbox 357 2926 1578 2997; baseline -0.015 -4"><span class='ocrx_word' id='word_1_279' title='bbox 357 2930 586 2984; x_wconf 68' lang='lat' dir='ltr'>VObiSsssssdetttt·</span> <span class='ocrx_word' id='word_1_280' title='bbox 603 2930 635 2975; x_wconf 78' lang='lat'>»⁸</span> <span class='ocrx_word' id='word_1_281' title='bbox 982 2933 1119 2986; x_wconf 87' lang='lat' dir='ltr'>tradidere</span> <span class='ocrx_word' id='word_1_282' title='bbox 1141 2931 1197 2997; x_wconf 71' lang='lat' dir='ltr'>iam</span> <span class='ocrx_word' id='word_1_283' title='bbox 1221 2929 1415 2991; x_wconf 85' lang='lat' dir='ltr'>recitavimus,</span> <span class='ocrx_word' id='word_1_284' title='bbox 1447 2926 1519 2978; x_wconf 85' lang='lat' dir='ltr'>adeo</span> <span class='ocrx_word' id='word_1_285' title='bbox 1548 2926 1578 2975; x_wconf 90' lang='lat' dir='ltr'>ut</span> 
     </span>
     <span class='ocr_line' id='line_1_29' title="bbox 390 3012 1579 3084; baseline -0.004 -17"><span class='ocrx_word' id='word_1_286' title='bbox 390 3017 415 3067; x_wconf 88' lang='lat'>6.</span> <span class='ocrx_word' id='word_1_287' title='bbox 426 3015 595 3067; x_wconf 84' lang='lat' dir='ltr'>Poeuitentiae</span> <span class='ocrx_word' id='word_1_288' title='bbox 605 3015 721 3066; x_wconf 89' lang='lat' dir='ltr'>instituit</span> <span class='ocrx_word' id='word_1_289' title='bbox 731 3017 948 3081; x_wconf 87' lang='lat' dir='ltr'>sacramentum,</span> <span class='ocrx_word' id='word_1_290' title='bbox 983 3031 1054 3084; x_wconf 93' lang='lat' dir='ltr'>opus</span> <span class='ocrx_word' id='word_1_291' title='bbox 1072 3031 1129 3070; x_wconf 93' lang='lat' dir='ltr'>non</span> <span class='ocrx_word' id='word_1_292' title='bbox 1146 3017 1182 3070; x_wconf 92' lang='lat' dir='ltr'>sit</span> <span class='ocrx_word' id='word_1_293' title='bbox 1199 3018 1227 3068; x_wconf 92' lang='lat' dir='ltr'>in</span> <span class='ocrx_word' id='word_1_294' title='bbox 1250 3028 1348 3069; x_wconf 88' lang='lat' dir='ltr'>eorum</span> <span class='ocrx_word' id='word_1_295' title='bbox 1366 3012 1493 3067; x_wconf 89' lang='lat' dir='ltr'>doctriua</span> <span class='ocrx_word' id='word_1_296' title='bbox 1514 3024 1579 3076; x_wconf 88' lang='lat' dir='ltr'>pro-</span> 
     </span>
     <span class='ocr_line' id='line_1_30' title="bbox 357 3099 1236 3170; baseline -0.001 -17"><span class='ocrx_word' id='word_1_297' title='bbox 357 3105 494 3170; x_wconf 87' lang='lat' dir='ltr'>potestate</span> <span class='ocrx_word' id='word_1_298' title='bbox 510 3099 666 3152; x_wconf 89' lang='lat' dir='ltr'>remittendi</span> <span class='ocrx_word' id='word_1_299' title='bbox 680 3101 722 3153; x_wconf 90' lang='lat' dir='ltr'>vel</span> <span class='ocrx_word' id='word_1_300' title='bbox 741 3101 877 3153; x_wconf 85' lang='lat' dir='ltr'>retinendi</span> <span class='ocrx_word' id='word_1_301' title='bbox 891 3115 952 3167; x_wconf 89' lang='lat' dir='ltr'>pec·</span> <span class='ocrx_word' id='word_1_302' title='bbox 983 3105 1074 3158; x_wconf 86' lang='lat' dir='ltr'>banda</span> <span class='ocrx_word' id='word_1_303' title='bbox 1087 3102 1236 3156; x_wconf 87' lang='lat' dir='ltr'>immorari.</span> 
     </span>
     <span class='ocr_line' id='line_1_31' title="bbox 356 3181 1579 3253; baseline -0.006 -14"><span class='ocrx_word' id='word_1_304' title='bbox 356 3191 419 3240; x_wconf 90' lang='lat' dir='ltr'>cata</span> <span class='ocrx_word' id='word_1_305' title='bbox 431 3186 493 3238; x_wconf 86' lang='lat' dir='ltr'>data</span> <span class='ocrx_word' id='word_1_306' title='bbox 512 3186 668 3251; x_wconf 74' lang='lat' dir='ltr'>apostolis:</span> <span class='ocrx_word' id='word_1_307' title='bbox 693 3207 705 3232; x_wconf 68' lang='grc' dir='ltr'><strong>α</strong></span> <span class='ocrx_word' id='word_1_308' title='bbox 728 3186 847 3253; x_wconf 74' lang='lat' dir='ltr'>Accipite</span> <span class='ocrx_word' id='word_1_309' title='bbox 867 3188 952 3253; x_wconf 87' lang='lat' dir='ltr'>Spiri-</span> <span class='ocrx_word' id='word_1_310' title='bbox 1018 3192 1058 3242; x_wconf 85' lang='lat' dir='ltr'>lli.</span> <span class='ocrx_word' id='word_1_311' title='bbox 1074 3189 1246 3242; x_wconf 70' lang='lat' dir='ltr'>protutura.</span> <span class='ocrx_word' id='word_1_312' title='bbox 1261 3181 1579 3251; x_wconf 75' lang='lat' dir='ltr'>celedripraescriptionis</span> 
     </span>
     <span class='ocr_line' id='line_1_32' title="bbox 297 3268 1580 3342; baseline -0.005 -17"><span class='ocrx_word' id='word_1_313' title='bbox 297 3300 300 3306; x_wconf 86' lang='lat'><strong>·</strong></span> <span class='ocrx_word' id='word_1_314' title='bbox 357 3279 417 3325; x_wconf 86' lang='lat' dir='ltr'>tum</span> <span class='ocrx_word' id='word_1_315' title='bbox 430 3278 573 3324; x_wconf 89' lang='lat' dir='ltr'>sanctum:</span> <span class='ocrx_word' id='word_1_316' title='bbox 587 3285 704 3338; x_wconf 84' lang='lat' dir='ltr'>quorum</span> <span class='ocrx_word' id='word_1_317' title='bbox 717 3272 878 3326; x_wconf 89' lang='lat' dir='ltr'>remiseritis</span> <span class='ocrx_word' id='word_1_318' title='bbox 891 3287 951 3337; x_wconf 86' lang='lat' dir='ltr'>pec·</span> <span class='ocrx_word' id='word_1_319' title='bbox 984 3279 1152 3342; x_wconf 79' lang='lat' dir='ltr'>argumento.</span> <span class='ocrx_word' id='word_1_320' title='bbox 1172 3273 1306 3339; x_wconf 82' lang='lat' dir='ltr'>Equidem</span> <span class='ocrx_word' id='word_1_321' title='bbox 1324 3268 1514 3323; x_wconf 88' lang='lat' dir='ltr'>sextodecimo</span> <span class='ocrx_word' id='word_1_322' title='bbox 1529 3275 1580 3318; x_wconf 60' lang='lat' dir='ltr'>sae*</span> 
     </span>
     <span class='ocr_line' id='line_1_33' title="bbox 356 3353 1581 3425; baseline -0.007 -15"><span class='ocrx_word' id='word_1_323' title='bbox 356 3359 741 3418; x_wconf 81' lang='lat' dir='ltr'>cata,remitluntureiszet</span> <span class='ocrx_word' id='word_1_324' title='bbox 758 3359 952 3425; x_wconf 86' lang='lat' dir='ltr'>quorumreti·</span> <span class='ocrx_word' id='word_1_325' title='bbox 984 3361 1046 3413; x_wconf 91' lang='lat' dir='ltr'>culo</span> <span class='ocrx_word' id='word_1_326' title='bbox 1078 3359 1189 3411; x_wconf 89' lang='lat' dir='ltr'>ineunte</span> <span class='ocrx_word' id='word_1_327' title='bbox 1218 3363 1325 3423; x_wconf 90' lang='lat' dir='ltr'>septem</span> <span class='ocrx_word' id='word_1_328' title='bbox 1358 3353 1581 3422; x_wconf 85' lang='lat' dir='ltr'>agnoscebantur</span> 
     </span>
     <span class='ocr_line' id='line_1_34' title="bbox 360 3437 1582 3508; baseline -0.005 -14"><span class='ocrx_word' id='word_1_329' title='bbox 360 3443 496 3504; x_wconf 87' lang='lat' dir='ltr'>nueritis,</span> <span class='ocrx_word' id='word_1_330' title='bbox 522 3449 627 3495; x_wconf 89' lang='lat' dir='ltr'>retenta</span> <span class='ocrx_word' id='word_1_331' title='bbox 657 3449 730 3496; x_wconf 90' lang='lat' dir='ltr'>sunt.</span> <span class='ocrx_word' id='word_1_332' title='bbox 754 3443 788 3489; x_wconf 78' lang='lat'>»⁴</span> <span class='ocrx_word' id='word_1_333' title='bbox 806 3445 951 3497; x_wconf 72' lang='lat' dir='ltr'>potestatis</span> <span class='ocrx_word' id='word_1_334' title='bbox 984 3447 1159 3497; x_wconf 88' lang='lat' dir='ltr'>Sacramenta</span> <span class='ocrx_word' id='word_1_335' title='bbox 1172 3456 1220 3508; x_wconf 90' lang='lat' dir='ltr'>per</span> <span class='ocrx_word' id='word_1_336' title='bbox 1232 3447 1318 3495; x_wconf 90' lang='lat' dir='ltr'>totam</span> <span class='ocrx_word' id='word_1_337' title='bbox 1332 3454 1386 3507; x_wconf 88' lang='lat' dir='ltr'>qua</span> <span class='ocrx_word' id='word_1_338' title='bbox 1401 3442 1457 3492; x_wconf 85' lang='lat' dir='ltr'>late</span> <span class='ocrx_word' id='word_1_339' title='bbox 1470 3437 1582 3505; x_wconf 88' lang='lat' dir='ltr'>patebat</span> 
     </span>
     <span class='ocr_line' id='line_1_35' title="bbox 359 3523 1581 3618; baseline -0.004 -40"><span class='ocrx_word' id='word_1_340' title='bbox 359 3527 441 3618; x_wconf 80' lang='lat' dir='ltr'>liujus</span> <span class='ocrx_word' id='word_1_341' title='bbox 465 3528 623 3580; x_wconf 84' lang='lat' dir='ltr'>exercitium</span> <span class='ocrx_word' id='word_1_342' title='bbox 645 3525 802 3582; x_wconf 84' lang='lat' dir='ltr'>necessario</span> <span class='ocrx_word' id='word_1_343' title='bbox 831 3532 952 3595; x_wconf 90' lang='lat' dir='ltr'>postulat</span> <span class='ocrx_word' id='word_1_344' title='bbox 986 3528 1219 3582; x_wconf 88' lang='lat' dir='ltr'>Ecclesiam:imo</span> <span class='ocrx_word' id='word_1_345' title='bbox 1237 3533 1264 3580; x_wconf 91' lang='lat' dir='ltr'>et</span> <span class='ocrx_word' id='word_1_346' title='bbox 1282 3528 1356 3593; x_wconf 89' lang='lat' dir='ltr'>apud</span> <span class='ocrx_word' id='word_1_347' title='bbox 1375 3529 1486 3578; x_wconf 86' lang='lat' dir='ltr'>Graecos</span> <span class='ocrx_word' id='word_1_348' title='bbox 1508 3523 1581 3576; x_wconf 88' lang='lat' dir='ltr'>schi-</span> 
     </span>
     <span class='ocr_line' id='line_1_36' title="bbox 365 3609 1582 3702; baseline -0.002 -43"><span class='ocrx_word' id='word_1_349' title='bbox 365 3615 446 3702; x_wconf 81' lang='lat' dir='ltr'>ntum</span> <span class='ocrx_word' id='word_1_350' title='bbox 469 3615 628 3671; x_wconf 88' lang='lat' dir='ltr'>externum,</span> <span class='ocrx_word' id='word_1_351' title='bbox 652 3611 749 3675; x_wconf 76' lang='lat' dir='ltr'>iudicii</span> <span class='ocrx_word' id='word_1_352' title='bbox 773 3612 881 3672; x_wconf 76' lang='lat' dir='ltr'>instar3</span> <span class='ocrx_word' id='word_1_353' title='bbox 910 3620 952 3666; x_wconf 83' lang='lat' dir='ltr'>est</span> <span class='ocrx_word' id='word_1_354' title='bbox 985 3613 1211 3667; x_wconf 78' lang='lat' dir='ltr'>smatealatinis</span> <span class='ocrx_word' id='word_1_355' title='bbox 1225 3626 1275 3678; x_wconf 90' lang='lat' dir='ltr'>per</span> <span class='ocrx_word' id='word_1_356' title='bbox 1285 3614 1387 3665; x_wconf 83' lang='lat' dir='ltr'>saecula</span> <span class='ocrx_word' id='word_1_357' title='bbox 1405 3612 1483 3676; x_wconf 87' lang='lat' dir='ltr'>plura</span> <span class='ocrx_word' id='word_1_358' title='bbox 1496 3609 1582 3661; x_wconf 91' lang='lat' dir='ltr'>divul-</span> 
     </span>
     <span class='ocr_line' id='line_1_37' title="bbox 358 3691 1579 3788; baseline -0.002 -45"><span class='ocrx_word' id='word_1_359' title='bbox 358 3691 485 3788; x_wconf 79' lang='lat' dir='ltr'>emmalt</span> <span class='ocrx_word' id='word_1_360' title='bbox 504 3692 661 3785; x_wconf 77' lang='lat' dir='ltr'>hominibus</span> <span class='ocrx_word' id='word_1_361' title='bbox 683 3695 834 3747; x_wconf 87' lang='lat' dir='ltr'>exercenda</span> <span class='ocrx_word' id='word_1_362' title='bbox 856 3696 883 3746; x_wconf 89' lang='lat' dir='ltr'>in</span> <span class='ocrx_word' id='word_1_363' title='bbox 902 3698 952 3750; x_wconf 81' lang='lat' dir='ltr'>lio-</span> <span class='ocrx_word' id='word_1_364' title='bbox 985 3713 1041 3752; x_wconf 92' lang='lat' dir='ltr'>sos.</span> <span class='ocrx_word' id='word_1_365' title='bbox 1066 3701 1103 3752; x_wconf 79' lang='lat' dir='ltr'>lte</span> <span class='ocrx_word' id='word_1_366' title='bbox 1124 3701 1280 3751; x_wconf 84' lang='lat' dir='ltr'>Graecorum</span> <span class='ocrx_word' id='word_1_367' title='bbox 1304 3696 1431 3750; x_wconf 88' lang='lat' dir='ltr'>doctrina</span> <span class='ocrx_word' id='word_1_368' title='bbox 1460 3691 1579 3746; x_wconf 89' lang='lat' dir='ltr'>dubitari</span> 
     </span>
     <span class='ocr_line' id='line_1_38' title="bbox 360 3777 1580 3850; baseline -0.002 -22"><span class='ocrx_word' id='word_1_369' title='bbox 360 3782 657 3842; x_wconf 82' lang='lat' dir='ltr'>mines,causaut1que</span> <span class='ocrx_word' id='word_1_370' title='bbox 670 3779 835 3844; x_wconf 64' lang='lat' dir='ltr'>cognitane</span> <span class='ocrx_word' id='word_1_371' title='bbox 850 3785 951 3834; x_wconf 89' lang='lat' dir='ltr'>temere</span> <span class='ocrx_word' id='word_1_372' title='bbox 984 3785 1095 3850; x_wconf 82' lang='lat' dir='ltr'>nequit3</span> <span class='ocrx_word' id='word_1_373' title='bbox 1120 3784 1256 3835; x_wconf 83' lang='lat' dir='ltr'>hahentur</span> <span class='ocrx_word' id='word_1_374' title='bbox 1274 3780 1350 3834; x_wconf 91' lang='lat' dir='ltr'>enim</span> <span class='ocrx_word' id='word_1_375' title='bbox 1377 3777 1497 3846; x_wconf 86' lang='lat' dir='ltr'>insignia</span> <span class='ocrx_word' id='word_1_376' title='bbox 1522 3778 1580 3842; x_wconf 77' lang='lat' dir='ltr'>eius</span> 
     </span>
     <span class='ocr_line' id='line_1_39' title="bbox 359 3866 1581 3932; baseline -0.013 -3"><span class='ocrx_word' id='word_1_377' title='bbox 359 3869 389 3914; x_wconf 61' lang='lat'>⁴³⁸</span> <span class='ocrx_word' id='word_1_378' title='bbox 400 3875 542 3928; x_wconf 64' lang='lat' dir='ltr'>perieram</span> <span class='ocrx_word' id='word_1_379' title='bbox 552 3869 718 3915; x_wconf 63' lang='lat' dir='ltr'>exerceatur·</span> <span class='ocrx_word' id='word_1_380' title='bbox 985 3871 1160 3923; x_wconf 85' lang='lat' dir='ltr'>documenta.</span> <span class='ocrx_word' id='word_1_381' title='bbox 1178 3868 1315 3920; x_wconf 79' lang='lat' dir='ltr'>ieremias</span> <span class='ocrx_word' id='word_1_382' title='bbox 1340 3866 1497 3932; x_wconf 86' lang='lat' dir='ltr'>patriarcha</span> <span class='ocrx_word' id='word_1_383' title='bbox 1515 3866 1581 3916; x_wconf 83' lang='lat' dir='ltr'>Gon·</span> 
     </span>
     <span class='ocr_line' id='line_1_40' title="bbox 395 3947 1580 4020; baseline -0.001 -22"><span class='ocrx_word' id='word_1_384' title='bbox 395 3951 420 3999; x_wconf 82' lang='lat'>7.</span> <span class='ocrx_word' id='word_1_385' title='bbox 439 3952 571 4002; x_wconf 86' lang='lat' dir='ltr'>Extremae</span> <span class='ocrx_word' id='word_1_386' title='bbox 586 3951 725 4003; x_wconf 88' lang='lat' dir='ltr'>Unctionis</span> <span class='ocrx_word' id='word_1_387' title='bbox 745 3954 950 4006; x_wconf 88' lang='lat' dir='ltr'>Sacramentum</span> <span class='ocrx_word' id='word_1_388' title='bbox 984 3954 1273 4020; x_wconf 85' lang='lat' dir='ltr'>stantinopolitanus,</span> <span class='ocrx_word' id='word_1_389' title='bbox 1310 3964 1425 4004; x_wconf 90' lang='lat' dir='ltr'>suorum</span> <span class='ocrx_word' id='word_1_390' title='bbox 1469 3947 1580 4000; x_wconf 84' lang='lat' dir='ltr'>nomine.</span> 
     </span>
     <span class='ocr_line' id='line_1_41' title="bbox 361 4033 1582 4106; baseline -0.001 -23"><span class='ocrx_word' id='word_1_391' title='bbox 361 4035 429 4083; x_wconf 81' lang='lat' dir='ltr'>exlt.</span> <span class='ocrx_word' id='word_1_392' title='bbox 438 4033 530 4088; x_wconf 90' lang='lat' dir='ltr'>lacohi</span> <span class='ocrx_word' id='word_1_393' title='bbox 540 4035 661 4098; x_wconf 82' lang='lat' dir='ltr'>Apostoli</span> <span class='ocrx_word' id='word_1_394' title='bbox 670 4037 773 4090; x_wconf 89' lang='lat' dir='ltr'>monito</span> <span class='ocrx_word' id='word_1_395' title='bbox 785 4043 811 4089; x_wconf 91' lang='lat' dir='ltr'>et</span> <span class='ocrx_word' id='word_1_396' title='bbox 822 4038 951 4092; x_wconf 88' lang='lat' dir='ltr'>mandato</span> <span class='ocrx_word' id='word_1_397' title='bbox 985 4040 1095 4106; x_wconf 87' lang='lat' dir='ltr'>agnovit</span> <span class='ocrx_word' id='word_1_398' title='bbox 1110 4039 1160 4091; x_wconf 79' lang='lat' dir='ltr'>«in</span> <span class='ocrx_word' id='word_1_399' title='bbox 1177 4051 1209 4089; x_wconf 92' lang='lat' dir='ltr'>ea</span> <span class='ocrx_word' id='word_1_400' title='bbox 1223 4037 1281 4102; x_wconf 87' lang='lat' dir='ltr'>ipsa</span> <span class='ocrx_word' id='word_1_401' title='bbox 1294 4036 1435 4088; x_wconf 79' lang='lat' dir='ltr'>catholica</span> <span class='ocrx_word' id='word_1_402' title='bbox 1448 4039 1476 4087; x_wconf 93' lang='lat' dir='ltr'>et</span> <span class='ocrx_word' id='word_1_403' title='bbox 1489 4034 1582 4086; x_wconf 82' lang='lat' dir='ltr'>Orthe</span> 
     </span>
     <span class='ocr_line' id='line_1_42' title="bbox 361 4117 1581 4210; baseline 0.001 -43"><span class='ocrx_word' id='word_1_404' title='bbox 361 4117 533 4210; x_wconf 77' lang='lat' dir='ltr'>colligimus:</span> <span class='ocrx_word' id='word_1_405' title='bbox 551 4138 562 4162; x_wconf 86' lang='lat'>«</span> <span class='ocrx_word' id='word_1_406' title='bbox 575 4119 728 4172; x_wconf 84' lang='lat' dir='ltr'>infirmatur</span> <span class='ocrx_word' id='word_1_407' title='bbox 739 4121 800 4185; x_wconf 84' lang='lat' dir='ltr'>quis</span> <span class='ocrx_word' id='word_1_408' title='bbox 812 4120 838 4171; x_wconf 94' lang='lat' dir='ltr'>in</span> <span class='ocrx_word' id='word_1_409' title='bbox 854 4122 952 4175; x_wconf 76' lang='lat' dir='ltr'>voltis?</span> <span class='ocrx_word' id='word_1_410' title='bbox 986 4126 1057 4177; x_wconf 93' lang='lat' dir='ltr'>doxa</span> <span class='ocrx_word' id='word_1_411' title='bbox 1068 4125 1189 4178; x_wconf 88' lang='lat' dir='ltr'>Ecclesia</span> <span class='ocrx_word' id='word_1_412' title='bbox 1199 4125 1307 4188; x_wconf 84' lang='lat' dir='ltr'>septem</span> <span class='ocrx_word' id='word_1_413' title='bbox 1319 4125 1500 4175; x_wconf 85' lang='lat' dir='ltr'>Sacramenta</span> <span class='ocrx_word' id='word_1_414' title='bbox 1509 4130 1581 4178; x_wconf 90' lang='lat' dir='ltr'>esse,</span> 
     </span>
     <span class='ocr_line' id='line_1_43' title="bbox 363 4201 1582 4275; baseline 0.002 -25"><span class='ocrx_word' id='word_1_415' title='bbox 363 4201 475 4252; x_wconf 81' lang='lat' dir='ltr'>inducat</span> <span class='ocrx_word' id='word_1_416' title='bbox 491 4203 949 4269; x_wconf 83' lang='lat' dir='ltr'>presbyterosEcclesiae,etorent</span> <span class='ocrx_word' id='word_1_417' title='bbox 982 4211 1152 4275; x_wconf 84' lang='lat' dir='ltr'>Baptismum</span> <span class='ocrx_word' id='word_1_418' title='bbox 1187 4208 1313 4271; x_wconf 88' lang='lat' dir='ltr'>scilicet,</span> <span class='ocrx_word' id='word_1_419' title='bbox 1343 4208 1416 4260; x_wconf 91' lang='lat' dir='ltr'>sacri</span> <span class='ocrx_word' id='word_1_420' title='bbox 1447 4203 1582 4272; x_wconf 86' lang='lat' dir='ltr'>unguenti</span> 
     </span>
     <span class='ocr_line' id='line_1_44' title="bbox 362 4291 1582 4374; baseline 0.002 -37"><span class='ocrx_word' id='word_1_421' title='bbox 362 4297 539 4374; x_wconf 84' lang='lat' dir='ltr'>supereum,</span> <span class='ocrx_word' id='word_1_422' title='bbox 552 4295 685 4353; x_wconf 84' lang='lat' dir='ltr'>ungentes</span> <span class='ocrx_word' id='word_1_423' title='bbox 704 4304 767 4343; x_wconf 92' lang='lat' dir='ltr'>eum</span> <span class='ocrx_word' id='word_1_424' title='bbox 788 4292 850 4344; x_wconf 88' lang='lat' dir='ltr'>oleo</span> <span class='ocrx_word' id='word_1_425' title='bbox 862 4292 889 4343; x_wconf 93' lang='lat' dir='ltr'>in</span> <span class='ocrx_word' id='word_1_426' title='bbox 901 4305 951 4345; x_wconf 92' lang='lat' dir='ltr'>no·</span> <span class='ocrx_word' id='word_1_427' title='bbox 985 4295 1164 4357; x_wconf 88' lang='lat' dir='ltr'>linctionem,</span> <span class='ocrx_word' id='word_1_428' title='bbox 1190 4305 1299 4345; x_wconf 86' lang='lat' dir='ltr'>sacram</span> <span class='ocrx_word' id='word_1_429' title='bbox 1329 4291 1561 4344; x_wconf 82' lang='lat' dir='ltr'>communionem</span> <span class='ocrx_word' id='word_1_430' title='bbox 1575 4326 1582 4351; x_wconf 86' lang='lat'>,</span> 
     </span>
    </p>
   </div>
   <div class='ocr_carea' id='block_1_7' title="bbox 388 4544 1204 4818">
    <p class='ocr_par' dir='ltr' id='par_1_9' title="bbox 388 4544 1164 4610">
     <span class='ocr_line' id='line_1_45' title="bbox 388 4544 1164 4610; baseline 0.022 -29"><span class='ocrx_word' id='word_1_431' title='bbox 388 4544 416 4596; x_wconf 80' lang='lat' dir='ltr'>(t)</span> <span class='ocrx_word' id='word_1_432' title='bbox 427 4545 487 4590; x_wconf 63' lang='lat' dir='ltr'>itali.</span> <span class='ocrx_word' id='word_1_433' title='bbox 497 4545 566 4584; x_wconf 83' lang='lat' dir='ltr'>xxviii.</span> <span class='ocrx_word' id='word_1_434' title='bbox 577 4552 608 4586; x_wconf 74' lang='lat' dir='ltr'>lli.</span> <span class='ocrx_word' id='word_1_435' title='bbox 1015 4559 1042 4610; x_wconf 78' lang='lat' dir='ltr'>(d)</span> <span class='ocrx_word' id='word_1_436' title='bbox 1055 4560 1093 4600; x_wconf 77' lang='lat' dir='ltr'>Jtc</span> <span class='ocrx_word' id='word_1_437' title='bbox 1111 4571 1123 4599; x_wconf 86' lang='lat' dir='ltr'>r</span> <span class='ocrx_word' id='word_1_438' title='bbox 1140 4563 1164 4598; x_wconf 75' lang='lat' dir='ltr'>tl</span> 
     </span>
    </p>

    <p class='ocr_par' dir='ltr' id='par_1_10' title="bbox 388 4585 1204 4818">
     <span class='ocr_line' id='line_1_46' title="bbox 389 4585 1196 4678; baseline 0.015 -24"><span class='ocrx_word' id='word_1_439' title='bbox 389 4613 578 4664; x_wconf 66' lang='lat' dir='ltr'>(attendite.</span> <span class='ocrx_word' id='word_1_440' title='bbox 630 4607 631 4610; x_wconf 75' lang='grc'>’</span> <span class='ocrx_word' id='word_1_441' title='bbox 857 4635 861 4642; x_wconf 48' lang='lat' dir='ltr'>v</span> <span class='ocrx_word' id='word_1_442' title='bbox 1013 4629 1041 4678; x_wconf 76' lang='lat' dir='ltr'>(sp</span> <span class='ocrx_word' id='word_1_443' title='bbox 1053 4627 1137 4668; x_wconf 81' lang='lat' dir='ltr'>ttrtm</span> <span class='ocrx_word' id='word_1_444' title='bbox 1156 4585 1196 4667; x_wconf 42' lang='lat' dir='ltr'>i&#39;c</span> 
     </span>
     <span class='ocr_line' id='line_1_47' title="bbox 388 4653 1204 4748; baseline 0.02 -28"><span class='ocrx_word' id='word_1_445' title='bbox 388 4682 417 4732; x_wconf 74' lang='lat' dir='ltr'>{ci</span> <span class='ocrx_word' id='word_1_446' title='bbox 434 4681 485 4719; x_wconf 87' lang='lat' dir='ltr'>Luc.</span> <span class='ocrx_word' id='word_1_447' title='bbox 494 4681 543 4720; x_wconf 85' lang='lat' dir='ltr'>xxii.</span> <span class='ocrx_word' id='word_1_448' title='bbox 554 4687 585 4721; x_wconf 73' lang='lat' dir='ltr'>li.</span> <span class='ocrx_word' id='word_1_449' title='bbox 595 4687 629 4722; x_wconf 79' lang='lat'>20.</span> <span class='ocrx_word' id='word_1_450' title='bbox 1014 4699 1042 4748; x_wconf 75' lang='grc'>(7)</span> <span class='ocrx_word' id='word_1_451' title='bbox 1053 4654 1181 4737; x_wconf 55' lang='lat' dir='ltr'>liutwini</span> <span class='ocrx_word' id='word_1_452' title='bbox 1199 4653 1204 4666; x_wconf 92' lang='lat'><em>·</em></span> 
     </span>
     <span class='ocr_line' id='line_1_48' title="bbox 389 4723 1189 4818; baseline 0.021 -27"><span class='ocrx_word' id='word_1_453' title='bbox 389 4755 417 4808; x_wconf 74' lang='lat' dir='ltr'>(t)</span> <span class='ocrx_word' id='word_1_454' title='bbox 429 4755 489 4795; x_wconf 86' lang='lat' dir='ltr'>Joan.</span> <span class='ocrx_word' id='word_1_455' title='bbox 499 4767 531 4794; x_wconf 86' lang='lat' dir='ltr'>xx.</span> <span class='ocrx_word' id='word_1_456' title='bbox 540 4761 572 4796; x_wconf 59' lang='lat' dir='ltr'>iit</span> <span class='ocrx_word' id='word_1_457' title='bbox 1012 4766 1041 4818; x_wconf 76' lang='lat' dir='ltr'>(t)</span> <span class='ocrx_word' id='word_1_458' title='bbox 1056 4767 1110 4818; x_wconf 81' lang='lat' dir='ltr'>Epir.</span> <span class='ocrx_word' id='word_1_459' title='bbox 1121 4779 1140 4807; x_wconf 83' lang='lat' dir='ltr'>v.</span> <span class='ocrx_word' id='word_1_460' title='bbox 1149 4723 1189 4805; x_wconf 39' lang='grc' dir='ltr'>Ὦ..</span> 
     </span>
    </p>
   </div>
   <div class='ocr_carea' id='block_1_8' title="bbox 0 0 1921 5550">
    <p class='ocr_par' dir='ltr' id='par_1_11' title="bbox 0 0 1921 5550">
     <span class='ocr_line' id='line_1_49' title="bbox 0 0 1921 5550; baseline 0 0"><span class='ocrx_word' id='word_1_461' title='bbox 0 0 1921 5550; x_wconf 95' lang='lat' dir='ltr'> </span> 
     </span>
    </p>
   </div>
  </div>
 </body>
</html>
