3792 5550
649 586 719 637 Cla.
739 587 768 636 V.
788 586 830 637 ltu
848 588 910 639 USU
927 588 1162 641 uuehtnlstta.
1465 596 1513 647 tta

304 702 595 767 constitutumeorpus
609 702 891 768 Christiiepterecon-
925 702 1129 755 distinctione'.
1151 742 1157 755 .
1177 717 1209 756 ac
1221 707 1333 770 perboc
1354 708 1515 772 quani-isin

303 792 582 855 tingere,-rrtprrer
595 789 632 855 αψ
644 798 720 839 ασθαι
734 812 769 839 rav
782 810 890 851 σωματος·
925 800 981 841 UDD
993 788 1145 853 eodemque
1164 789 1307 853 convivio,
1327 793 1345 843 ii
1364 793 1518 847 misericor·

302 897 337 923 fu
350 884 443 942 xpum
453 886 575 941 -quam
589 874 624 927 sit
636 874 767 928 accedere
777 876 811 928 ad
822 875 890 927 arie·
925 871 998 923 diam
1008 874 1184 939 manducant,
1192 874 1230 927 illi
1242 875 1387 941 iudicium.
1398 878 1425 925 »³
1434 880 1513 931 Alibi:

305 960 892 1025 tesreltauros,dicenteApostoloreteuim
929 976 941 1002 u
960 957 1029 1019 Quid
1054 958 1088 1011 de
1104 957 1165 1023 ipso
1187 972 1303 1025 corpore
1328 967 1355 1014 et
1382 966 1517 1030 sanguine

289 1040 317 1092 'u
338 1047 383 1113 qui
404 1047 460 1099 edit
482 1053 660 1112 panem,aut
677 1046 746 1100 bibit
763 1047 891 1111 poculum
927 1043 1050 1107 Domini,
1084 1045 1167 1099 unico
1197 1048 1329 1101 sacrificio
1354 1062 1404 1115 pro
1429 1052 1518 1105 salute

307 1132 443 1186 »Domini
463 1131 593 1199 indigne,
612 1144 676 1184 reus
694 1132 747 1184 erit
770 1130 893 1197 corporis
927 1134 1043 1194 nostra,
1072 1133 1200 1195 quamvis
1223 1132 1282 1198 ipse
1312 1136 1383 1189 Dens
1410 1136 1483 1190 dieat
1508 1154 1515 1189 :

308 1236 323 1266 n
343 1224 369 1271 et
395 1218 536 1284 sanguinis
561 1218 679 1271 Domini,
694 1238 707 1264 u
731 1220 788 1271 imo
811 1218 892 1271 vene·
926 1232 942 1261 u
963 1214 1018 1265 hisi
1064 1218 1127 1281 quis
1165 1219 1370 1273 manducaverit
1406 1234 1517 1275 carnem

306 1303 426 1356 mentius
450 1316 481 1356 ac
508 1303 655 1357 terribilius
680 1302 814 1370 judicium
843 1316 893 1369 per
926 1312 1066 1363 iuream,
1082 1300 1220 1354 etbiberit
1234 1304 1394 1370 sanguinem
1408 1320 1516 1369 meum,

307 1388 494 1454 repetitionem
517 1388 703 1455 exprimente,
721 1402 783 1441 cum
805 1387 891 1440 dicit:
926 1402 939 1429 r
959 1396 1016 1437 non
1033 1384 1146 1439 habebit
1165 1387 1194 1439 in
1212 1400 1242 1440 se
1266 1390 1368 1442 vitam?
1389 1411 1401 1437 n
1423 1395 1518 1447 Nonne

300 1494 320 1519 a
338 1476 436 1527 probet
453 1478 544 1526 autem
569 1474 686 1539 quisque
709 1473 847 1538 seipsum,
866 1480 894 1525 et
927 1468 1002 1521 idem
1014 1472 1162 1535 Apostolus
1174 1472 1273 1535 docet,
1290 1474 1517 1540 etiampernicio-

307 1581 319 1607 u
338 1562 378 1613 sie
394 1561 430 1613 de
447 1574 518 1626 pane
531 1561 584 1613 hoc
604 1560 684 1623 edat,
707 1566 734 1612 et
747 1559 782 1612 de
794 1560 894 1625 poculo
927 1568 990 1605 sum
1009 1557 1081 1608 male
1105 1557 1247 1611 utentibus
1263 1558 1340 1611 heri?
1364 1560 1401 1613 ait
1424 1562 1516 1613 enim:

299 1663 317 1693 -n
338 1646 616 1711 hibat:quicumque
626 1645 775 1697 manducat
788 1650 815 1697 et
826 1644 895 1697 bibit
930 1640 1136 1707 «Quicumque
1172 1644 1379 1697 manducaverit
1417 1660 1517 1711 panem

305 1748 321 1777 »
338 1730 464 1795 indigne,
481 1729 615 1796 judicium
627 1729 678 1781 sibi
700 1729 848 1782 manducat
868 1735 896 1781 et
928 1741 941 1768 n
962 1722 1005 1775 vel
1025 1723 1124 1776 biberit
1136 1725 1248 1778 calicem
1266 1728 1373 1780 Domini
1386 1729 1516 1796 indigne,

306 1816 423 1877 »hibin
444 1828 502 1869 non
531 1814 684 1881 dijudicans
718 1828 818 1881 corpus
847 1818 895 1868 Do·
929 1821 1026 1859 treus
1044 1809 1096 1861 erit
1114 1811 1238 1875 corporis
1257 1818 1285 1865 et
1302 1814 1443 1879 sanguinis
1465 1818 1519 1869 Do-

305 1920 321 1949 »
339 1902 418 1953 mini.
436 1918 447 1947 r
464 1899 473 1933 ¹
930 1911 942 1937 u
964 1891 1040 1943 mini.
1055 1893 1091 1967 »ξ

342 1987 399 2039 itti.
419 1987 445 2037 s.
462 1985 642 2051 Hieronymus
660 1984 774 2050 pulchre
786 1983 897 2049 exponit
964 1979 1021 2029 15¹·
1040 1980 1067 2029 S.
1093 1980 1189 2030 Petrus
1213 1980 1397 2047 Chrysologus
1416 1998 1423 2033 ;
1445 2003 1457 2029 r
1479 1986 1517 2038 0!

305 2085 367 2137 quae
384 2071 419 2123 sit
432 2070 459 2121 in
472 2072 710 2123 Sacramentomm
722 2068 897 2134 susceptione
929 2077 1011 2129 quarn
1025 2064 1119 2117 docuit
1128 2064 1367 2130 mulierquantum
1377 2070 1519 2135 sitcorpus

306 2156 426 2209 srdelinm
433 2154 577 2220 aequalitas
587 2170 592 2205 :
604 2156 677 2207 ullos
687 2153 896 2217 Christicorpus
929 2149 1044 2213 Christi,
1063 2163 1126 2215 quae
1136 2149 1164 2200 in
1182 2150 1281 2203 Christi
1294 2150 1401 2205 fimbria
1413 2159 1520 2206 tantum

301 2242 447 2307 equaliter
474 2239 623 2305 accipimus
635 2250 712 2291 :una
735 2238 821 2291 estin
839 2251 896 2305 my·
928 2248 992 2288 esse
1018 2239 1184 2290 monstravit
1202 2239 1208 2288 !
1227 2238 1346 2292 Audierit
1374 2241 1519 2294 Christiani

225 2353 227 2359 ,
308 2327 396 2379 steriis
415 2323 596 2379 sanctificatio
614 2324 719 2378 domini
748 2328 776 2377 et
805 2324 894 2387 servi,
927 2324 1107 2389 quiquotidie
1120 2338 1217 2391 eorpus
1237 2326 1341 2379 cirini
1360 2329 1518 2396 attingunt,

307 2412 407 2465 nobilis
424 2417 451 2465 et
470 2409 616 2477 ignobilis,
641 2410 715 2475 regis
734 2414 762 2461 et
782 2409 894 2470 militis;
928 2416 1058 2474 quantam
1072 2411 1108 2463 de
1121 2410 1182 2476 ipso
1195 2424 1310 2477 corpore
1326 2427 1436 2467 sumere
1454 2428 1520 2481 pos-

305 2508 470 2562 quamquam
497 2506 547 2559 pro
571 2492 765 2559 excipientium
791 2492 895 2545 meritis
928 2496 1307 2562 suntmedieinam,quando
1324 2499 1520 2553 muliertotam

300 2582 443 2635 diversum
463 2579 510 2632 liat
535 2578 609 2645 quod
635 2591 718 2630 unum
740 2582 791 2630 est.
816 2595 833 2625 u
846 2576 896 2640 Qui
928 2580 1519 2644 rapuitdesolaChristlfimbriasanitatem.

223 2666 225 2673 '
307 2688 319 2713 u
339 2668 414 2720 enim
430 2666 542 2732 indigne
557 2663 765 2717 manducaverit
776 2668 803 2717 et
821 2662 897 2715 hibe-
929 2663 983 2715 Sed
998 2665 1072 2729 quod
1084 2664 1165 2717 nohis
1177 2665 1297 2718 tiendum
1308 2671 1365 2731 est,
1377 2668 1520 2721 mulierde

308 2772 320 2799 t
341 2752 390 2817 rit,
409 2764 471 2804 reus
491 2750 543 2804 erit
560 2748 685 2815 corporis
706 2752 735 2801 et
752 2747 896 2814 sanguinis
929 2748 1036 2801 fimbria
1054 2750 1160 2803 vulneri
1170 2751 1334 2805 medicinam
1347 2753 1421 2817 tulit,
1440 2753 1521 2808 nobis

302 2860 319 2886 u
340 2839 450 2893 Christi.
464 2838 500 2884 »²
929 2834 1067 2888 medicina
1088 2836 1148 2902 ipsa
1171 2842 1345 2904 retorquetur
1362 2839 1390 2891 in
1409 2840 1518 2893 uulnus.
1566 2852 1569 2857 ·

341 2928 397 2978 tati.
419 2927 445 2976 S.
467 2923 634 2992 Augustinus
660 2921 756 2990 fideles
777 2921 895 2988 graviter
929 2921 997 2974 ilinc
1010 2922 1138 2987 estquod
1154 2923 1520 2991 unqerurinuipnecomur

305 3006 895 3073 monet:«Quimanducantearnembomini‚
930 3005 1033 3059 Christi
1056 3007 1145 3060 taliter
1168 3007 1299 3061 admonet
1323 3004 1352 3061 e'i
1376 3009 1519 3075 deplorat,

299 3085 438 3150 tetbibunt
449 3097 612 3163 sangninem
621 3094 818 3162 ejus,cogiterrt
829 3094 895 3159 quid
931 3111 943 3137 u
962 3092 1010 3156 qui
1023 3087 1099 3144 enim'
1110 3093 1198 3158 tangit
1210 3093 1322 3159 indigne
1334 3107 1435 3160 corpus
1445 3097 1520 3149 Chri-

305 3183 473 3234 manducent
490 3187 517 3232 et
538 3179 646 3241 bibant,
663 3192 713 3241 ne,
736 3179 806 3230 sicut
826 3185 896 3243 apo·
930 3195 942 3222 r
963 3177 1225 3242 sti.1udieiumsibi
1238 3180 1371 3231 sumitul
1419 3208 1423 3216 ,

306 3270 394 3322 stolus
415 3265 495 3328 dicit',
511 3264 643 3330 judicium
662 3264 714 3315 sibi
732 3265 897 3333 manducent
965 3261 1023 3311 lat.
1037 3261 1226 3312 theodoretus
1238 3263 1275 3313 ait
1288 3277 1295 3312 :
1309 3280 1326 3309 r<
1337 3264 1518 3318 illudentem:

304 3360 334 3406 ct
344 3354 450 3407 bibant.
460 3349 490 3397 »⁵
501 3349 559 3401 hlio
568 3347 704 3401 locodicit
714 3348 896 3412 Augustinus:
933 3363 946 3388 α
965 3357 1029 3394 reus
1040 3345 1094 3395 erit
1103 3345 1229 3408 corporis
1240 3352 1267 3396 et
1278 3347 1431 3410 sanguinis,
1445 3350 1521 3411 »hoc

309 3460 321 3484 ιι
346 3438 464 3501 indigne
482 3445 595 3486 sumens
613 3430 785 3484 Dominicum
803 3433 899 3483 sacra·
932 3425 1086 3493 significat,
1114 3427 1188 3492 quod
1214 3430 1446 3493 quemadmodum
1468 3438 1522 3485 tra·

306 3519 443 3582 mentum,
456 3531 512 3572 non
524 3517 651 3580 efficiunt
663 3515 726 3582 qnia
738 3515 797 3583 ipse
811 3517 899 3570 malus
932 3512 1002 3564 didit
1020 3511 1130 3578 quidem
1152 3512 1230 3564 illum
1246 3514 1341 3576 ludas,
1360 3515 1412 3581 ipsi
1429 3524 1521 3571 autem

305 3615 366 3672 cst,
386 3606 487 3660 malum
501 3603 553 3667 sit,
566 3609 612 3657 aut
628 3603 692 3670 quia
711 3603 770 3668 ipse
783 3603 818 3656 ad
830 3604 899 3658 salu·
931 3597 1098 3653 insultabunt
1117 3599 1220 3666 Judaei,
1240 3600 1278 3652 iit
1292 3613 1355 3653 eum
1373 3601 1521 3668 ignominia

306 3689 898 3756 temnonaccipit,nihilacceperit:corpus
932 3690 960 3738 et
990 3685 1126 3740 dedecoro
1154 3685 1275 3740 afficiunt
1305 3688 1352 3752 qui
1380 3691 1523 3744 sanctissi-

307 3781 382 3834 enint
391 3777 517 3840 Domini,
528 3779 553 3828 et
566 3775 680 3843 sanquis
694 3775 807 3828 Dotuiui
826 3775 898 3828 nihi·
932 3785 1008 3823 mum
1028 3773 1087 3838 ejus
1106 3783 1206 3837 corpus
1225 3772 1376 3825 immundus
1393 3775 1521 3829 manibus

300 3865 495 3923 ,lominuaest,
516 3861 597 3914 etiarn
611 3861 664 3914 illis
678 3860 777 3926 quihus
790 3860 899 3914 dicebat
932 3859 1086 3925 accipiunt,
1108 3863 1136 3911 et
1160 3859 1188 3911 in
1214 3859 1349 3924 pollutum
1370 3873 1403 3913 os
1421 3862 1521 3914 immit-

304 3949 482 4016 ¹Apostolus:
506 3965 522 3994 u
541 3946 590 4009 Qui
616 3945 764 4000 manducat
781 3945 899 3998 et'bibit
932 3949 1002 3996 tunt.
1030 3983 1036 3995 .
1065 3982 1072 3995 .
1104 3945 1370 3997 .·conscientiam
1403 3960 1523 4012 praepur-

311 4055 323 4080 »
343 4034 464 4100 indigne,
476 4039 528 4085 etc.
544 4030 658 4083 »⁸nlias
670 4045 675 4081 :
688 4033 730 4082 «h
742 4030 822 4082 malis
831 4029 898 4082 boni
931 4035 1028 4094 gantas
1039 4066 1047 4091 ,
1060 4030 1111 4081 'tta
1134 4029 1220 4082 simus
1246 4029 1400 4083 divinorum
1427 4034 1522 4084 Sacra·

302 4131 340 4171 se
358 4102 737 4171 cordeinterimetmoribns
751 4122 897 4179 separant,
931 4118 1087 4166 mentorum
1108 4114 1274 4179 participes,
1297 4120 1327 4165 ut
1351 4115 1450 4167 horum
1472 4117 1522 4170 Do·

309 4199 898 4262 rimutntanducunieseibibentescomeret
931 4198 1036 4250 minum
1061 4199 1089 4250 in
1112 4198 1193 4251 uobis
1219 4198 1388 4250 habitantem
1409 4201 1522 4268 recipia-

301 4287 470 4354 auuquiuetu
495 4285 606 4338 Domini
615 4300 625 4348 ;
642 4284 691 4338 sed
713 4297 775 4336 curn
800 4297 898 4350 magna
932 4284 1044 4336 mus.»⁸

336 4549 364 4598 (tl
373 4550 397 4588 L.
409 4549 423 4588 ii
438 4549 533 4600 deDupt.
542 4559 560 4588 c.
570 4547 601 4587 iii.
835 4559 837 4564 ·
956 4550 982 4602 (5)
992 4551 1071 4592 Contra
1079 4551 1156 4591 Donat.
1168 4555 1219 4601 post
1228 4550 1300 4592 collat.
1309 4562 1329 4590 c.
1338 4563 1371 4591 xx.
1381 4563 1403 4592 n.
1411 4557 1445 4594 tr.
1526 4551 1529 4555 ’

336 4619 364 4667 (Ξ)
376 4618 400 4657 lt.
408 4617 431 4656 ii.
440 4623 514 4656 contra
522 4616 626 4657 lorinirn.
956 4621 984 4671 (ol
995 4622 1020 4662 t.
1029 4620 1045 4660 i.
1053 4626 1127 4662 contra
1137 4619 1277 4662 Cresconium
1287 4622 1364 4663 Donat.
1373 4634 1392 4662 c.
1400 4635 1421 4663 r.

263 4699 264 4705 ¹
335 4685 363 4735 (al
372 4685 441 4725 Tracl.
451 4689 477 4725 de
486 4685 556 4726 verbis
566 4686 655 4726 Domini
667 4686 737 4728 Serm.
747 4687 797 4728 xlvi.
956 4691 985 4740 (t)
995 4689 1065 4730 Serra.
1074 4689 1141 4729 rxrir.
1151 4701 1173 4729 n.
1182 4693 1202 4728 8.
1211 4694 1232 4727 et
1241 4695 1261 4729 a.

332 4753 366 4805 (t)
377 4753 400 4794 t.
409 4767 428 4794 r.
438 4754 464 4794 dc
474 4757 534 4806 Dapt.
543 4760 617 4795 contra
631 4756 715 4808 Donat,
724 4767 742 4796 c.
752 4756 797 4798 viii.
958 4760 986 4811 (a)
997 4759 1116 4800 commem.
1125 4758 1148 4798 iu
1156 4769 1191 4810 ep.
1204 4762 1222 4796 l.
1231 4757 1258 4798 ad
1268 4757 1311 4800 Cor
1327 4770 1345 4799 c.
1353 4770 1381 4798 ιι.
