3792 5550
362 575 413 628 2⁵6
722 575 837 627 rnncr.
856 573 918 624 xrv.
938 573 981 622 nn
1000 565 1229 619 ronnrrcnrni.

364 688 438 756 agit:
453 702 516 744 nam
539 691 608 744 neus
623 703 673 756 per
685 689 842 743 sacerdotes
865 689 955 754 poeni-
989 682 1101 736 veniant
1122 687 1216 734 nostra
1243 682 1375 746 peccata?
1398 683 1465 732 Nam
1485 681 1508 732 si
1531 681 1583 734 hoc

365 775 486 830 tentibus
502 777 645 842 ignoscere
662 777 739 830 dicit.
990 775 1081 830 esset,
1108 767 1201 844 omnia
1230 773 1325 820 essent
1353 767 1487 819 contecta.
1518 771 1585 820 Nam

400 861 458 912 ¹2⁴.
477 863 504 912 S.
524 864 645 914 loannes
657 862 870 928 Chrysostomus
883 896 891 922 ,
904 845 956 912 sub'
991 854 1061 906 sicut
1078 853 1124 918 qui
1138 853 1239 905 ostium
1252 857 1295 904 est
1313 851 1473 916 ingressus,
1485 856 1527 903 est
1544 853 1584 904 in·

367 946 451 1000 tinem
461 946 707 1014 Quadragesimatis
719 945 816 1013 jejunii
825 945 958 1013 populum
991 945 1053 1003 tus,
1080 940 1180 1005 sicqui
1204 939 1314 1005 propria
1337 938 1410 990 mala
1431 938 1584 1004 cogitatae

366 1032 959 1094 Antiochennmaicallocutusestmtiuem-
994 1030 1138 1091 supputat,
1167 1026 1280 1078 omnino
1306 1024 1399 1078 veniet
1431 1024 1467 1076 ad
1488 1037 1584 1082 eorum

367 1116 516 1170 admodum
544 1117 682 1180 naucleri,
707 1122 735 1169 et
761 1127 906 1177 cursores,
932 1117 960 1165 ct
992 1111 1229 1165 curationemsin
1243 1109 1434 1162 autemdicit:
1450 1111 1586 1175 Sumpee·

367 1203 478 1256 athlete
489 1241 497 1266 ,
509 1203 557 1256 ulti
568 1203 604 1256 ad
624 1203 708 1256 tinem
722 1202 854 1264 veniunt,
872 1198 960 1265 magis
993 1202 1083 1257 cator;
1102 1208 1135 1248 ea
1153 1198 1246 1247 autem
1259 1207 1309 1260 per
1325 1197 1434 1260 species
1446 1207 1504 1247 non
1515 1197 1585 1260 cogi-

366 1288 509 1342 enituntur
527 1296 555 1343 et
567 1290 697 1355 vigilant,
711 1289 810 1342 eodem
830 1285 914 1339 modo
933 1287 961 1336 et
994 1283 1035 1334 tat
1046 1293 1079 1333 ac
1099 1283 1246 1345 supputat,
1266 1285 1294 1332 ct
1313 1292 1370 1332 non
1385 1279 1472 1332 dicit:
1488 1282 1544 1333 lloc
1559 1287 1584 1333 et

367 1386 419 1426 nos
437 1373 526 1427 iacere
547 1379 676 1440 oportet:
694 1373 758 1439 quia
780 1372 808 1424 in
832 1382 961 1436 magnam
994 1365 1062 1418 illud
1079 1371 1221 1431 peccatum
1243 1365 1357 1427 admisi;
1371 1379 1516 1430 nunquam
1527 1379 1586 1419 ces·

368 1461 440 1513 hanc
448 1459 650 1513 hebdomadam
659 1458 834 1526 pervenimus
848 1456 893 1509 itei
902 1469 964 1522 gra·
994 1449 1084 1513 stitit,
1105 1462 1215 1514 semper
1234 1449 1347 1514 quidem
1369 1449 1524 1509 confitens,
1539 1464 1584 1502 cu·

367 1545 424 1610 tia,
447 1559 522 1598 nunc
548 1545 666 1598 maxime
695 1548 723 1596 et
741 1541 838 1609 jejunii
864 1554 961 1596 cursus
995 1542 1168 1590 remantem
1192 1537 1296 1588 nullam
1319 1549 1418 1603 gerens
1439 1537 1584 1590 correctio·

303 1687 307 1692 ,
369 1630 577 1694 intendendus,
599 1635 626 1684 et
649 1629 738 1695 magis
765 1625 961 1682 continuandae
994 1621 1047 1676 nis.
1067 1620 1107 1668 »⁸

368 1719 434 1767 sunt
460 1727 572 1780 preces,
600 1714 777 1779 [modoque
798 1713 913 1778 diupem
935 1717 962 1764 et
1030 1707 1086 1760 tte.
1106 1707 1133 1758 S.
1151 1705 1350 1771 Hieronymus:
1369 1705 1585 1772 «siquemsen

368 1812 439 1863 pura
450 1805 621 1863 peecatorum
636 1797 774 1864 confatio.
789 1817 802 1844 s
815 1797 824 1831 ¹
837 1825 870 1834 -
880 1813 961 1848 nim
994 1803 1063 1858 pens
1080 1790 1208 1844 diabolus
1225 1791 1331 1844 occulte
1344 1793 1537 1854 momorderit,
1551 1797 1583 1853 et,

369 1886 410 1934 mi
428 1892 507 1952 aspidi
524 1887 556 1935 rit
577 1884 734 1951 ὅξομολὸγισιυ
753 1895 793 1935 νῦν
812 1885 961 1952 ὖμψιμῖιω
995 1877 1071 1930 nullo
1095 1875 1226 1939 00115οῘ0,
1257 1888 1321 1928 elim
1344 1875 1451 1942 pemati
1481 1889 1583 1930 venetio

370 1970 543 2036 trittiffarsei.
563 1998 596 2008 -
618 1973 680 2024 liaec
696 1970 731 2022 de
750 1969 962 2022 contessionea
995 1963 1139 2026 iniecerit;
1168 1964 1191 2016 si
1222 1963 1338 2016 tacuerit
1369 1964 1417 2029 qui
1439 1977 1584 2030 percussus

369 2057 487 2123 singulis
505 2055 692 2110 communioni
710 2055 833 2120 paschali
845 2054 964 2120 praemit·
996 2057 1054 2114 est,
1078 2057 1106 2105 et
1126 2065 1183 2106 non
1202 2053 1288 2119 egerit
1306 2053 1519 2119 poenitentiam,
1536 2066 1585 2105 nee

369 2141 454 2195 tenda
480 2141 656 2207 intelligenda
678 2144 761 2201 sunt;
789 2140 864 2204 quod
889 2139 963 2194 enim
995 2138 1585 2206 vulnussuumtratrietmagistrovolnerit

369 2228 488 2293 pertinet
515 2227 549 2278 ad
577 2226 714 2290 publicam
735 2225 937 2279 contessionem
956 2263 962 2288 ,
996 2222 1135 2288 confiteri,
1149 2223 1279 2290 magister
1296 2224 1343 2289 qui
1361 2224 1485 2290 liugnam
1505 2223 1585 2276 lrabet

368 2314 429 2376 jam
464 2311 499 2362 air
534 2310 613 2364 initio
643 2309 864 2375 Quadragesimae
899 2322 963 2374 per·
997 2309 1031 2361 ad
1054 2310 1220 2373 curandum,
1242 2309 1320 2362 facile
1337 2309 1362 2361 ei
1381 2309 1515 2374 prodesse
1532 2321 1583 2362 non

369 2400 432 2451 acta
453 2401 520 2448 erat.
541 2395 613 2448 Alias
639 2394 730 2448 dicit:
752 2412 769 2443 κ
789 2393 838 2457 Qui
859 2394 963 2446 homini
996 2395 1106 2460 poterit.
1134 2395 1161 2446 si
1190 2395 1264 2448 enim
1292 2394 1440 2448 erubescat
1469 2399 1585 2462 aegrotus

371 2482 502 2548 detegere
516 2486 629 2547 peecata
649 2479 801 2543 erubescit,
820 2482 875 2532 lteo
897 2492 963 2534 vero
997 2480 1097 2534 vulnus
1117 2479 1224 2534 medico
1238 2481 1377 2544 confiteri,
1396 2481 1473 2548 quod
1486 2481 1590 2547 ignorat

371 2571 502 2622 cernente
523 2566 612 2620 faeere
634 2577 690 2618 non
710 2564 861 2628 erubescit,
874 2577 964 2630 neque
998 2566 1317 2622 medicininoncurat.»
1331 2567 1588 2634 «diligatvelsolvit

372 2653 498 2708 confiteri
507 2653 579 2716 ruit,
594 2656 622 2704 et
631 2649 821 2717 poenitentiam
834 2662 925 2715 agere,
935 2650 964 2701 in
998 2651 1149 2718 Episcopus
1170 2659 1197 2706 et
1220 2654 1381 2720 presbyter,
1395 2667 1453 2706 nou
1475 2653 1588 2718 eosqui

372 2738 481 2802 dictitia,
494 2751 549 2792 non
559 2749 718 2791 commune
730 2737 773 2791 vel
784 2735 904 2799 duobus,
914 2735 964 2788 sed
997 2736 1121 2793 insontes
1139 2744 1204 2793 sunt
1216 2739 1258 2792 rel
1272 2738 1362 2804 noxii,
1376 2740 1425 2793 sed
1443 2753 1495 2808 pre
1504 2738 1586 2794 officio

372 2823 501 2877 universo
515 2829 648 2875 terrarum
668 2821 735 2874 orbe
755 2826 896 2886 spectante
910 2826 965 2873 tra·
998 2836 1064 2889 suo,
1084 2838 1147 2878 cum
1169 2831 1344 2891 peccatorum
1368 2826 1489 2881 audierit
1507 2826 1587 2881 varie

372 2906 579 2961 ducetuw-
588 2909 650 2973 tytp
660 2908 964 2975 ὅτωκνιομυιεωρύπφ
998 2915 1068 2963 tates
1081 2948 1089 2974 ,
1103 2912 1154 2965 scit
1170 2912 1218 2978 qui
1235 2911 1362 2979 ligandus
1376 2914 1428 2977 sit,
1441 2914 1523 2980 quire
1535 2912 1588 2966 sol·

371 2993 524 3057 ὶπσιιλῦψιι
542 2994 571 3042 τὰ
591 2995 758 3061 ἑμψίμιτι·
769 3000 824 3043 Otto
838 2993 863 3043 ἱῖ
879 2999 964 3063 ipim?
996 2997 1111 3051 vendes·
1126 2996 1160 3043 ¹2⁴

371 3083 403 3142 μὶ
412 3083 573 3140 &extirpatur
581 3080 678 3147 πμξιιι,
685 3080 742 3141 panii
749 3080 818 3131 ditur
826 3086 964 3147 iprttyint
1031 3083 1089 3134 126.
1104 3084 1131 3135 S.
1145 3083 1313 3150 Augustinus
1324 3083 1362 3137 ait
1373 3100 1380 3135 :
1391 3103 1407 3133 tt
1417 3084 1586 3138 conscientia

373 3168 413 3218 nai
430 3178 572 3230 peruritur,
586 3170 605 3217 ir
624 3167 688 3219 isim
704 3179 729 3231 rii
746 3178 815 3240 ι’μιρᾳ
834 3176 861 3221 ἐκ
880 3172 964 3222 ἶιῦπιοι
999 3172 1044 3221 tua
1065 3168 1169 3223 saniem
1192 3170 1358 3236 collegerat,
1378 3177 1523 3238 apostema
1546 3177 1587 3223 tu·

371 3252 466 3306 testi
476 3257 523 3314 tto,
537 3256 600 3306 titt
609 3278 648 3308 ns
657 3254 769 3317 tumim
779 3257 872 3310 istm
885 3260 964 3326 ὁρόω
997 3261 1119 3319 muerat,
1134 3256 1273 3309 cruciabat
1283 3262 1326 3319 te,
1346 3259 1521 3322 requiescere
1534 3268 1586 3309 non

372 3344 614 3412 mormulam.
627 3342 743 3396 -Alias
758 3350 822 3410 post
831 3344 964 3410 explicata
997 3339 1124 3393 sinebatr
1139 3340 1252 3393 adhibet
1263 3341 1386 3395 medicus
1397 3342 1520 3395 tomenta
1533 3354 1588 3395 rer·

372 3428 495 3480 Pauliad
509 3428 965 3482 ilehraeosrerbaderenovationc
997 3423 1112 3488 horum,
1134 3430 1162 3477 et
1184 3424 1332 3491 aliquando
1359 3432 1454 3489 secat;
1477 3427 1588 3480 adhibet

372 3511 468 3565 iterata
497 3528 546 3578 per
580 3513 748 3577 Baptismum
777 3514 964 3580 impossibili,
998 3510 1160 3563 medicinale
1172 3509 1272 3563 serrum
1284 3510 1312 3565 in
1324 3512 1588 3577 correptionetribu·

372 3597 412 3649 ait
424 3612 431 3646 ε
444 3615 461 3645 α
477 3600 574 3649 Annon
593 3598 752 3661 priusquam
777 3598 963 3662 didicissetis,
997 3594 1116 3649 lationis.
1141 3598 1181 3647 Tu
1204 3608 1324 3661 agnosce
1335 3596 1437 3649 medici
1455 3609 1584 3649 manum:

372 3683 449 3747 quod
471 3694 520 3746 per
541 3680 731 3746 poenitentiam
751 3681 825 3734 ablui
847 3688 966 3747 possunt
997 3678 1138 3743 confitere,
1152 3686 1230 3733 exeat
1247 3680 1274 3732 in
1293 3680 1485 3741 confessione.
1500 3685 1527 3733 et
1539 3679 1587 3732 de·

374 3770 503 3831 peccata,
522 3765 605 3817 eratis
622 3764 713 3827 anxii,
738 3770 768 3817 nt
789 3765 836 3831 qui
857 3766 965 3820 sciretis
998 3765 1064 3819 fluat
1092 3766 1182 3819 omnis
1210 3765 1311 3819 sanies.
1332 3765 1370 3813 »δ
1395 3767 1470 3819 Alias
1496 3766 1583 3819 dicit:

374 3863 431 3904 non
449 3863 511 3903 esse
529 3850 601 3902 aliud
623 3851 782 3915 lavacrum,
798 3857 825 3905 et
840 3852 965 3906 devehis
1001 3869 1013 3897 α
1032 3850 1187 3916 implicatus
1207 3850 1290 3917 igitur
1308 3857 1363 3905 tam
1384 3853 1587 3906 mortiferorum

374 3950 453 4001 spem
465 3935 646 4001 abjecerntisi
661 3938 737 3989 Tnnc
754 3942 844 3991 autem
858 3951 965 3992 cumea
997 3935 1113 3989 vinculis
1133 3943 1308 4001 peecatorum
1329 3976 1334 3989 .
1358 3973 1364 3988 .
1387 3972 1394 3986 .
1417 3936 1532 3991 .veniat
1551 3934 1586 3987 ad

372 4023 545 4088 didiceritis,
563 4037 613 4091 per
628 4038 691 4091 quac
710 4031 783 4079 recte
802 4026 890 4093 agitur
907 4040 965 4092 pne·
997 4021 1158 4084 antistites,
1180 4034 1229 4086 per
1257 4033 1327 4087 quos
1357 4020 1397 4073 illi
1420 4022 1448 4075 iu
1467 4020 1586 4075 Ecclesia

376 4109 491 4163 nitentia
514 4114 542 4163 et
567 4110 751 4174 remissio,et
771 4113 846 4178 qnod
873 4113 966 4165 omnia
998 4106 1586 4174 clavesministrautur:ettamquamlronus

376 4195 528 4260 poterimus
545 4194 683 4263 elingere,
703 4196 727 4249 si
751 4210 782 4250 ea
794 4203 921 4261 utamur,
936 4204 967 4251 nt
995 4195 1052 4261 iam
1075 4192 1209 4262 incipiens
1225 4207 1287 4249 csse
1302 4194 1389 4257 tilius,
1401 4200 1586 4247 maternorum

373 4285 501 4346 oportet,
534 4294 682 4345 quamnam
718 4294 898 4348 assequamur
921 4296 968 4335 re·
1002 4279 1187 4332 membrorum
1201 4280 1298 4333 ordine
1311 4280 1469 4343 custodito,
1490 4291 1504 4331 a
1523 4289 1589 4343 prae·

376 4364 466 4427 uiam,
481 4364 504 4416 si
522 4379 557 4417 ne
576 4365 604 4417 in
622 4370 742 4418 mentem
756 4366 868 4433 quidem
885 4368 968 4421 nohis
1001 4365 1097 4430 positis
1110 4367 1346 4418 sacramentorum
1364 4363 1480 4430 accipiat
1490 4360 1590 4416 satista-

405 4619 434 4671 (tt
444 4621 593 4662 {demmin
603 4623 679 4664 Genea.
861 4627 864 4633 “
1026 4623 1178 4677 (ι)ῦοωω.ίη
1188 4622 1339 4667 c.rri.ilattlr.

403 4688 433 4738 (t)
442 4690 502 4729 Orat.
510 4689 537 4729 de
545 4690 636 4731 muliere
645 4692 786 4732 Samaritana.
1028 4692 1057 4745 (lt)
1068 4693 1143 4733 Enarr.
1156 4693 1178 4733 in
1188 4694 1224 4734 Pa.
1232 4692 1281 4734 lxvi.
1289 4703 1311 4732 n.
1320 4698 1339 4731 t.

408 4757 437 4807 (t)
449 4758 511 4796 ilem.
522 4752 551 4797 ii.
566 4769 584 4797 c·
595 4758 688 4800 vilich.
1321 4761 1327 4768 “
