3792 5550
631 555 703 607 ula.
722 554 766 605 lll.
786 555 828 607 DE
847 550 952 607 stillo
970 555 1105 611 Jotuuis
1122 558 1249 611 ὒΑΡΙΤΕἰ
1511 560 1557 618 ffl·

325 673 925 743 ’11333333113333318133331313331113-
957 672 1027 727 31331
1055 672 1174 738 (1311313,
1197 674 1264 727 dnm
1296 676 1415 731 abstenti
1439 682 1467 731 et
1491 691 1548 733 non

331 758 422 821 mine,
444 760 479 812 ad
503 774 583 825 quem
612 761 731 814 ibimust
748 760 831 816 verba
860 760 924 815 uitae
958 758 1223 812 communicantesa
1245 759 1350 813 ooelesti
1365 774 1436 829 pane
1455 764 1550 828 probi-

328 848 442 896 aeteruae
458 844 553 897 babes.
575 846 608 898 111
624 859 676 900 333
695 846 882 909 credidimus,
897 850 925 897 et
958 844 1066 908 bemur,
1082 858 1098 897 3
1119 846 1217 898 christi
1240 859 1355 913 corpore
1376 860 1552 913 separemur,

322 928 531 995 cognovimns,
544 929 608 995 quia
621 936 651 982 tu
662 944 693 983 33
706 931 831 985 cbristus
841 932 925 984 Filius
959 929 1020 995 ipso
1030 929 1194 995 praedicante
1202 936 1230 983 et
1239 937 1368 986 monente
1380 948 1387 983 :
1398 935 1475 1000 «ligo
1485 947 1551 987 sum

330 1012 389 1066 liei.
411 1014 561 1079 Respondit
584 1014 610 1067 oi
631 1016 711 1069 lesus
732 1030 738 1066 :
756 1019 851 1069 Nonne
870 1029 922 1083 ego
958 1034 972 1062 a
992 1015 1072 1081 panis
1087 1015 1150 1069 31133
1163 1016 1211 1081 qui
1231 1016 1348 1071 decoelo
1366 1018 1507 1072 descendi.
1520 1019 1550 1071 si

330 1111 381 1153 vos
395 1098 541 1152 duodecim
564 1099 634 1165 elegi
647 1114 653 1149 :
667 1105 739 1152 etex
751 1100 830 1154 vobis
849 1115 921 1154 unus
958 1119 971 1146 »
991 1100 1054 1166 quis
1078 1100 1166 1153 ederit
1182 1101 1216 1154 de
1236 1114 1299 1155 meo
1318 1115 1405 1168 pane,
1424 1102 1497 1156 31331
1519 1103 1551 1155 in

324 1182 460 1236 diabolus
482 1184 546 1235 est?
572 1184 682 1237 Dicebat
708 1192 799 1239 autem
823 1187 921 1240 iudam
957 1205 970 1232 ι
991 1185 1483 1254 eremumranisautemquemego
1500 1187 1550 1240 dee

330 1268 450 1321 Simonis
463 1268 620 1322 iscariotem
634 1284 640 1320 :
657 1269 701 1323 bio
713 1271 787 1323 enlm
800 1276 857 1325 orat
870 1279 924 1325 tra·
958 1290 971 1317 »
991 1270 1074 1333 dero,
1086 1282 1150 1323 caro
1161 1283 1223 1323 mea
1232 1275 1276 1323 est
1284 1283 1336 1337 pro
1347 1272 1441 1325 saeculi
1456 1271 1521 1326 3113.
1533 1293 1549 1319 a

324 1354 440 1407 diturus
458 1368 520 1407 eum
530 1393 537 1419 ‚
549 1368 613 1408 oum
626 1362 700 1409 esset
717 1370 789 1409 unus
804 1371 837 1410 ex
857 1358 924 1412 duo
959 1356 1072 1419 Quando
1085 1368 1151 1422 ergo
1164 1355 1230 1409 dloit
1240 1356 1270 1408 in
1281 1364 1416 1409 aeternum
1437 1358 1549 1421 313333,

323 1437 430 1491 decim.
452 1458 465 1485 3
490 1442 587 1505 Liquet
618 1443 764 1507 Apostolos
791 1456 846 1495 non
870 1445 921 1497 alia
957 1439 981 1492 si
1003 1440 1066 1506 quis
1085 1440 1173 1493 ederit
1189 1441 1225 1494 de
1236 1442 1298 1508 eius
1316 1454 1404 1507 pane,
1423 1447 1453 1495 ut
1466 1443 1550 1495 mani·

327 1524 490 1578 conditione
514 1526 668 1580 invitarint
692 1534 843 1591 maneant,
869 1529 923 1581 nisi
956 1524 1057 1577 testum
1074 1530 1117 1579 est
1136 1538 1185 1580 eos
1204 1526 1295 1582 vivere
1309 1527 1357 1593 qni
1371 1539 1473 1593 corpus
1488 1528 1549 1594 ejus

328 1609 428 1661 bamili
442 1612 543 1663 mentis
561 1623 676 1663 assensu
688 1612 850 1679 excipiendo
861 1626 923 1678 quae
957 1610 1110 1677 attingunt,
1132 1617 1160 1665 et
1176 1612 1373 1667 Eucharistiam
1391 1614 1453 1679 jure
1476 1625 1549 1667 com·¹

323 1695 455 1748 cbristus
474 1696 593 1758 dixerat;
614 1710 700 1761 eaque
719 1697 754 1749 de
773 1686 855 1751 causa
876 1701 924 1751 Po·
958 1696 1150 1750 manicatiouis
1173 1698 1309 1765 accipiunt
1324 1713 1331 1749 ε
1345 1699 1381 1751 113
1399 1704 1497 1752 333133
1514 1699 1550 1751 ti·‘

326 1785 403 1834 trum
414 1781 528 1833 nomine
538 1786 700 1835 caeterorum
713 1783 847 1849 integrum
864 1796 925 1848 pro·
959 1779 1089 1831 mendum
1102 1786 1146 1833 est
1157 1787 1185 1833 et
1202 1782 1354 1845 orandum,
1367 1783 1477 1835 nedum
1486 1783 1549 1849 quis

328 1864 403 1917 fiteri
425 1865 599 1929 obsequium.
629 1868 689 1918 lton
713 1867 814 1933 allegat
837 1866 926 1920 disce·
959 1865 1103 1918 abstentus
1113 1871 1254 1931 separatur
1273 1880 1289 1918 3
1306 1867 1405 1919 christi
1418 1880 1549 1933 corpore,

330 1949 457 2002 dentium
476 1961 615 2014 errorem,
629 1963 684 2016 quo
702 1950 786 2004 verba
804 1951 925 2018 Magistri
959 1949 1055 2014 procul
1072 1954 1212 2002 ramaneat
1223 1964 1239 2003 3
1250 1952 1355 2014 salute,
1366 1952 1550 2005 comminante

325 2046 476 2101 perperam
498 2034 668 2100 interpretati
681 2040 761 2099 sunt,
776 2036 826 2089 sed
844 2037 925 2100 nujus
959 2033 1020 2098 ipso
1031 2037 1059 2085 et
1072 2034 1181 2089 dicente
1201 2050 1208 2087 :
1225 2035 1304 2088 «Nisi
1314 2035 1427 2089 ederitis
1439 2048 1550 2089 carnem

329 2118 539 2182 auctoritatem,
553 2118 689 2171 eulaliam
702 2121 836 2175 anteferre
847 2122 924 2175 netas
959 2137 973 2164 »
992 2117 1051 2169 Filii
1063 2118 1198 2184 bominis,
1211 2125 1238 2173 et
1249 2120 1375 2173 biberitis
1387 2122 1550 2188 sanguinem

327 2204 410 2258 toret.
423 2204 538 2269 Eloquia
553 2209 580 2255 et
589 2204 754 2258 documenta
767 2208 826 2273 ejus
840 2208 923 2261 vitam
958 2221 971 2248 »
990 2204 1068 2269 ejus,
1083 2204 1285 2258 nonhabebitis
1296 2206 1381 2259 uitam
1392 2205 1421 2258 in
1434 2207 1548 2261 robis.»

328 2286 429 2342 afferre
440 2290 616 2343 credentibus
626 2291 747 2357 agnovit,
761 2296 788 2345 et
800 2293 923 2347 omnium
959 2291 992 2341 ut
1005 2289 1069 2343 ideo
1086 2303 1185 2356 panem
1197 2297 1341 2355 nostrum,
1354 2292 1382 2345 id
1395 2298 1453 2356 est,
1473 2293 1550 2346 ebri-

330 2374 444 2427 nomino
460 2374 542 2427 tidem
555 2374 697 2441 protessus
709 2381 752 2429 est
770 2391 776 2427 :
792 2384 925 2432 noverant
959 2380 1032 2427 stum
1052 2376 1111 2428 dari
1136 2376 1217 2431 nobis
1229 2373 1353 2444 quotidie
1369 2379 1505 2445 petimus,
1519 2385 1550 2434 ut

330 2458 407 2512 enim
429 2458 551 2512 divinam
569 2460 628 2524 eius
652 2460 785 2527 originem
798 2468 825 2515 et
844 2468 925 2515 natu·
958 2460 1044 2526 quiin
1058 2461 1166 2515 Christo
1181 2476 1325 2516 manemus
1339 2468 1366 2516 et
1385 2463 1549 2528 vicimum

327 2556 392 2597 ram
409 2557 441 2597 ex
453 2545 486 2597 iis
501 2558 563 2610 quae
575 2550 679 2611 patrata
693 2547 819 2600 viderant
829 2548 925 2614 prodi·
957 2533 1172 2600 sanctificatione
1190 2548 1250 2612 eius
1267 2553 1295 2600 et
1308 2559 1423 2613 corpore
1436 2561 1493 2622 non
1504 2561 1550 2602 re-

324 2629 395 2697 giis.
414 2632 487 2683 Unus
505 2636 597 2683 tamen
609 2632 680 2686 inter
697 2632 758 2687 illos
769 2632 848 2685 latuit
860 2646 924 2700 per·
959 2630 1100 2683 cedamus.
1114 2649 1127 2676 3
1141 2629 1151 2663 ¹

330 2714 446 2768 ditionis
468 2716 558 2783 tilius,
571 2730 652 2785 quem
668 2718 771 2772 notavit
783 2718 923 2783 cbristus,
990 2718 1033 2768 ab.
1052 2717 1080 2767 S.
1095 2714 1211 2768 Hilarius
1227 2718 1334 2769 Patrem
1350 2716 1486 2769 etlilium
1496 2730 1545 2769 na,

330 2801 444 2867 nequis
461 2815 492 2855 se
515 2803 584 2856 13133
601 2804 711 2870 pietatis
729 2804 819 2870 specie
836 2805 924 2872 decipi
958 2807 1019 2854 tura
1031 2815 1117 2854 unum
1128 2814 1201 2864 esse,
1211 2815 1268 2856 non
1280 2802 1429 2857 uoluntatis
1442 2807 1549 2855 tantum

327 2889 450 2952 putaret.
859 2887 861 2890 '
958 2899 1113 2951 consensu,
1131 2887 1230 2953 probat
1246 2901 1280 2939 ex
1296 2899 1331 2940 eo
1351 2887 1425 2953 quod
1449 2892 1478 2940 et
1496 2899 1549 2940 nos

366 2972 460 3022 33113
479 2975 533 3024 1313
559 2971 604 3024 1113
619 2973 776 3029 narratione
794 2974 924 3030 invictum
957 2973 1117 3026 naturaliter
1131 2971 1159 3024 in
1171 2974 1347 3026 sacramento
1363 2973 1471 3026 Christo
1483 2983 1549 3026 oon-

326 3067 406 3109 ·verae
439 3056 530 3108 carnis
558 3057 657 3110 christi
690 3059 718 3111 in
750 3061 924 3113 sacramento
955 3059 1112 3124 iungamur.
1130 3074 1143 3106 3
1160 3058 1214 3110 llos
1234 3057 1281 3124 qni
1301 3057 1374 3110 inter
1393 3061 1500 3110 Patrem
1521 3058 1549 3110 et

325 3138 445 3202 dandae,
458 3140 676 3193 substantialiter
693 3148 720 3194 et
740 3143 858 3206 realiter,
879 3146 926 3196 lra-
958 3143 1055 3194 Filium
1072 3142 1222 3194 volontatis
1243 3143 1373 3207 ingerunt
1398 3142 1548 3205 unitatem,

326 3223 416 3276 betur
432 3229 642 3290 argumentum:
658 3239 743 3290 quum
759 3227 850 3279 cibum
871 3229 927 3280 ani·
959 3227 1118 3291 interrogo,
1136 3230 1264 3277 utrumne
1289 3237 1340 3289 per
1357 3230 1462 3277 naturae
1481 3224 1549 3278 3331·

330 3319 387 3360 mae
399 3309 540 3360 ooelestem
561 3319 591 3358 se
609 3307 735 3358 daturum
752 3311 925 3374 promiserit,
962 3313 1046 3360 tatem
1064 3307 1149 3360 bodie
1170 3307 1294 3358 christus
1307 3307 1336 3357 in
1349 3307 1431 3358 nobis
1444 3308 1502 3369 sit,
1514 3320 1551 3360 au

325 3404 454 3457 errmque
472 3403 551 3442 suam
570 3402 681 3442 carnem
704 3391 760 3444 iore
780 3391 928 3446 affirmare·
962 3403 1012 3456 per
1029 3389 1209 3443 concordiam
1228 3389 1400 3442 voluptatist
1426 3389 1453 3442 Si
1475 3392 1551 3442 enim

330 3479 386 3542 311,
407 3489 459 3529 nec
477 3476 712 3530 murmurantibus
732 3478 854 3543 ludaeis,
876 3491 927 3532 neo
962 3489 1027 3530 vere
1042 3473 1160 3529 verbum
1175 3486 1239 3527 caro
1258 3473 1360 3527 lactum
1380 3479 1439 3539 est,
1453 3480 1481 3528 et
1498 3487 1551 3528 nos

325 3561 541 3617 discedentibus
582 3562 722 3629 discipulis
761 3565 926 3633 mitigaverit
960 3575 1025 3615 3333
1050 3559 1169 3614 verbum
1190 3572 1301 3613 carnem
1319 3558 1381 3613 cibo
1409 3560 1550 3616 bominico

326 3649 395 3716 ejus
406 3646 505 3710 verba,
522 3648 571 3700 sed
592 3649 730 3714 apostolis
752 3650 925 3718 signiticare-
960 3647 1113 3710 sumimus,
1135 3646 1276 3712 quomodo
1304 3658 1361 3698 nou
1387 3645 1550 3700 naturaliter

332 3731 390 3794 rit,
410 3731 444 3784 iis
461 3731 542 3784 etiam
556 3731 698 3788 discedere
718 3749 768 3801 per
780 3746 811 3789 se
824 3737 926 3801 licere,
960 3741 1072 3787 manere
1086 3732 1116 3785 in
1127 3732 1208 3787 nobis
1219 3731 1417 3785 existimandus
1433 3737 1491 3795 331,
1502 3731 1551 3797 qui

333 3815 390 3870 nisi
409 3816 510 3870 vellent
534 3830 664 3871 arcanum
686 3820 760 3884 quod
783 3821 927 3888 proposuit
961 3823 990 3872 et
1003 3823 1129 3872 naturam
1143 3817 1233 3871 333313
1249 3822 1352 3870 nostrae
1364 3818 1422 3884 jam
1439 3818 1551 3882 insepa-

329 3906 395 3954 1313
409 3902 510 3956 mentis
522 3902 657 3968 obsequio
670 3904 794 3958 adorare.
843 3963 846 3970 ,
961 3904 1076 3956 rabilem
1093 3903 1146 3955 sibi
1160 3903 1244 3956 bomo
1256 3900 1551 3967 natusassumpsitaet

369 3987 412 4038 54.
424 3986 562 4042 Probatur
579 3988 605 4038 2.
620 4000 655 4038 33
665 3988 782 4040 Puteum
796 3988 928 4054 interpre-
962 3994 1089 4040 naturam
1106 3986 1249 4040 carnissic
1270 3986 1303 4038 ad
1326 3991 1451 4038 naturam
1471 3988 1551 4037 aeter-

335 4070 483 4123 tationes.
499 4071 650 4138 cyprianus
663 4072 802 4138 explicans
817 4073 928 4138 petitio-
962 4071 1055 4124 3113113
1069 4071 1121 4124 sub
1142 4072 1316 4123 sacramento
1334 4069 1416 4121 nobis
1427 4080 1551 4122 commu·

331 4166 401 4206 nem
417 4173 430 4200 α
447 4167 546 4220 panem
565 4161 733 4219 nostrum,»
752 4156 928 4210 3113311333
962 4156 1087 4209 nicandae
1116 4154 1206 4207 carnis
1228 4153 1394 4206 admiscuitt
1416 4153 1455 4210 lta
1476 4150 1551 4204 enim

328 4242 428 4291 autem
449 4252 547 4304 panem
566 4240 624 4293 dari
646 4239 726 4294 nobis
737 4241 860 4306 quotidie
882 4255 927 4307 po·
963 4253 1062 4296 omnes
1074 4235 1432 4302 unumsumus;quiaetin
1444 4234 1550 4291 cbristo

318 4323 487 4387 Α3113133133,
500 4337 535 4377 ne
555 4324 643 4392 quiin
659 4325 887 4391 christosumus,
900 4332 928 4380 et
962 4329 1042 4379 Pater
1064 4329 1121 4388 est,
1148 4328 1176 4376 et
1195 4321 1318 4376 Christus
1346 4321 1374 4373 in
1397 4322 1479 4376 nobis
1497 4328 1550 4376 est.

331 4407 535 4461 Ι113311331311333
552 4409 675 4475 quotidie
690 4410 725 4462 ad
746 4409 837 4464 cibum
857 4413 927 4464 salu·
963 4407 1092 4475 Quisquis
1120 4418 1185 4474 ergo
1212 4405 1372 4460 naturaliter
1392 4408 1500 4463 Patrem
1521 4408 1551 4460 in

331 4491 374 4546 dis
384 4493 547 4561 accipimus,
560 4493 745 4550 intercedente
763 4495 854 4564 aliquo
866 4509 926 4565 gra·
961 4494 1069 4551 cbristo
1090 4491 1218 4559 negabit,
1231 4495 1313 4558 neget
1333 4491 1409 4558 prius
1427 4504 1484 4550 uon
1501 4504 1552 4550 nt·

984 4742 1011 4796 (1)
1021 4740 1068 4782 Lib.
1077 4739 1103 4782 da
1112 4739 1170 4783 Orat.
1180 4740 1298 4785 1133113133.
