3792 5550
358 562 408 614 380
718 553 832 605 TlthT.
849 544 937 599 xvttl.
957 544 1000 594 ou
1016 539 1230 591 uhtutuoutu.

360 691 422 745 quae
444 683 553 741 tempus
571 669 740 739 praeteritum
762 666 806 719 vel
829 675 953 732 praescus
985 657 1114 723 pleraque
1136 654 1241 707 ioedcra
1261 652 1396 719 nuptialia
1427 649 1586 715 mancipio·

360 762 488 830 respiciat
501 767 544 823 ‚et
556 770 649 812 revera
663 759 735 808 extet
745 795 751 815 ,
762 754 834 806 valet
843 756 952 803 contra·
985 757 1059 805 rum,
1072 755 1134 809 quae
1146 754 1220 807 saepe
1235 742 1287 793 hac
1304 740 1413 792 ratione
1426 737 1561 790 ineuntur
1575 753 1584 787 z

362 860 438 913 ctus,
449 861 529 903 secus
542 859 597 900 uon
609 846 690 899 vaiet.
705 842 732 895 Si
745 838 873 907 respiciat
884 850 953 891 con·
987 849 1000 874 ¹
1013 835 1102 881 tecum
1114 828 1203 880 vivam
1215 825 1347 891 quamdiu
1358 824 1418 875 heri
1431 824 1523 876 nostri
1534 836 1588 875 uos

361 942 429 995 ditio
449 946 558 1004 tempus
580 936 719 993 futurum,
734 929 783 982 sed
796 925 952 981 necessario
986 927 1042 967 11011
1065 914 1276 980 separaverint:
1299 932 1379 958 u—-u
1397 911 1450 963 tihi
1470 910 1589 962 mantus

364 1037 494 1081 eventura
503 1022 552 1085 sit,
564 1021 655 1073 valere
664 1015 833 1071 censendum
845 1018 954 1065 estana·
986 1013 1048 1062 110,
1060 1000 1190 1065 quamdiu
1200 1004 1227 1051 tc
1240 1005 1314 1051 recte
1327 996 1487 1063 gesseris.»
1520 1004 1525 1012 ’

364 1110 530 1167 trimouium.
543 1107 569 1158 si
590 1106 711 1157 luturum
724 1100 885 1165 contingens
894 1110 955 1162 spe·
1017 1089 1061 1139 l'l·
1079 1089 1235 1138 cousensus
1247 1090 1393 1150 pareutum
1412 1081 1590 1147 expetendus

364 1202 418 1251 ctct
428 1233 436 1257 ,
448 1192 626 1259 suspenditur
640 1199 794 1242 consensus
805 1185 895 1236 donec
908 1195 953 1234 res
988 1179 1044 1233 est.
1059 1172 1082 1225 si
1094 1172 1261 1226 contracturi
1274 1170 1488 1221 matrimonium
1502 1168 1593 1220 mino

363 1280 493 1336 evenerit.
505 1281 542 1330 lie
552 1274 756 1330 conditionibus
772 1272 831 1323 haec
840 1268 955 1321 tradun-
988 1271 1032 1311 res
1044 1258 1100 1310 sint
1120 1256 1216 1323 viginti
1236 1268 1292 1308 11110
1305 1254 1405 1317 inuis,
1416 1261 1446 1307 el
1457 1253 1524 1306 1610
1537 1253 1590 1305 ⁵¹1¹i

362 1375 408 1422 tur
425 1369 452 1418 m
473 1368 538 1418 ture
554 1361 690 1415 canonico
702 1375 707 1408 :
721 1356 769 1409 «st
782 1352 954 1409 concisiones
990 1342 1078 1409 panta
1091 1346 1238 1407 potestate.
1251 1341 1263 1374 ⁸
1276 1344 1393 1393 peccare
1403 1339 1590 1404 1110511111-

363 1460 457 1507 contra
487 1448 667 1503 substantiam
688 1440 809 1507 conjugii
830 1438 955 1491 inseran·
989 1435 1097 1482 rentum
1111 1430 1280 1483 voluntatem
1298 1424 1592 1480 inretantimomeuti

365 1546 420 1601 tur,
432 1543 496 1604 pura
509 1537 532 1589 st
550 1536 618 1587 atter
629 1528 787 1584 nucerinen
799 1548 805 1577 ι
817 1524 955 1578 contrane
988 1516 1148 1581 negligunt,
1166 1513 1310 1565 indubium
1323 1518 1380 1573 esta
1394 1513 1446 1565 sed
1462 1518 1592 1565 consuu-

362 1630 454 1677 tecum
477 1621 500 1673 si
529 1618 732 1686 generationem
753 1612 954 1681 prolisevites,
988 1607 1031 1655 ter
1043 1601 1133 1654 renuit
1149 1602 1269 1653 Ecclesia
1291 1605 1397 1652 tantam
1419 1600 1449 1652 in
1473 1599 1592 1666 pereuti-

364 1709 407 1763 vel
420 1709 509 1761 donec
523 1705 659 1759 inveniam
681 1703 792 1755 alteram
807 1698 955 1757 ditiorem3
989 1689 1042 1740 bus
1060 1700 1210 1755 agnoscere
1233 1688 1446 1749 auctoritatem}
1471 1691 1502 1737 ut
1523 1698 1590 1738 cou-

365 1802 412 1848 aut
424 1793 446 1846 si
458 1805 507 1859 pro
525 1796 632 1857 quaestu
644 1794 670 1841 te
688 1784 894 1839 adulterandam
904 1787 958 1833 tra·
991 1787 1089 1827 sensus
1112 1774 1250 1826 minorum
1272 1771 1359 1824 libere
1379 1771 1524 1837 praestitus
1535 1782 1591 1823 nou

365 1882 430 1938 das:
444 1876 650 1930 matrimonialis
670 1877 847 1931 certaremus,
872 1880 959 1934 quan·
992 1861 1083 1914 valeat
1103 1874 1109 1910 :
1129 1865 1193 1911 sunt
1214 1857 1288 1910 enim
1315 1857 1408 1922 quoad
1431 1856 1591 1923 coujngiuui

365 1972 542 2028 tumcumqne
560 1961 595 2012 sit
612 1957 783 2019 favorabilis,
805 1960 880 2007 caret
898 1951 961 2005 elle
993 1947 1175 2001 suademini
1193 1944 1367 2000 voluntatis.⁸
1390 1946 1481 1997 Nimia
1503 1945 1592 2011 patria

366 2058 429 2105 ctu:
441 2052 505 2102 licet
517 2048 577 2100 aliae
596 2044 769 2099 conditiones
787 2040 920 2106 appositae
932 2038 960 2090 in
994 2040 1132 2101 potestas,
1156 2046 1219 2097 quae
1238 2033 1310 2098 apud
1323 2038 1433 2086 veteres
1450 2034 1593 2084 Romanos

365 2134 554 2194 matrimonio,
568 2131 590 2183 si
604 2136 698 2195 turpes
711 2134 757 2180 aut
771 2124 960 2191 impossibiles
995 2118 1132 2180 obtinuit,
1153 2116 1269 2183 sapienti
1284 2118 1476 2171 moderamine
1489 2124 1594 2182 tempe

365 2218 481 2281 luerint,
498 2218 616 2270 debeant
634 2218 745 2279 propter
767 2213 827 2278 ejus
838 2211 959 2263 favorem
995 2211 1053 2257 rata
1067 2209 1109 2256 est
1124 2202 1159 2254 ah
1168 2202 1305 2266 Ecclesia,
1323 2217 1386 2269 quae
1397 2204 1502 2269 optime
1512 2204 1594 2256 novit

366 2316 416 2369 pro
430 2315 485 2354 rron
498 2300 611 2365 adiectis
621 2298 726 2349 haberi.
738 2296 771 2345 »¹
994 2289 1168 2342 incommoda
1180 2302 1242 2355 quae
1253 2302 1348 2341 secum
1365 2289 1479 2341 trahunt
1487 2288 1593 2354 nuptie

400 2383 780 2437 idconsensusdebctcsse
795 2386 960 2446 perpetuum
993 2376 1139 2427 immaturo
1164 2374 1281 2427 1011811111
1314 2374 1404 2436 11111113,
1437 2387 1495 2426 uon
1530 2386 1592 2426 isse

367 2471 401 2524 ad
414 2468 592 2522 substantiam
606 2470 708 2533 quippe
719 2465 884 2519 matrimonii
898 2479 962 2533 per·
994 2460 1187 2527 aequiparanda
1211 2471 1321 2511 morum
1345 2459 1513 2524 cormptetae
1530 2470 1592 2523 quae

368 2556 449 2620 tinet,
463 2561 493 2608 ut
503 2555 697 2607 contrahentes
712 2565 744 2605 eo
757 2551 865 2605 vinculo
879 2551 963 2617 ligeri·
994 2545 1151 2610 nuptiarum
1169 2544 1297 2597 facultate
1319 2544 1455 2611 denegata
1475 2544 1591 2596 locetur.

369 2650 425 2701 tur,
451 2641 628 2707 quoadusque
642 2644 757 2704 uterquc
773 2636 879 2691 vixerit.
894 2636 962 2688 ilinc
995 2630 1134 2683 immerito
1155 2629 1241 2695 carpit
1261 2630 1391 2682 Calvinus
1415 2630 1593 2695 aequissimas

370 2728 474 2780 nultum
499 2726 668 2779 declaratum
686 2728 729 2777 est
755 2721 961 2777 matrimonium
996 2716 1170 2780 sanctiones,
1205 2728 1275 2781 quas
1297 2714 1381 2768 vetuti
1401 2714 1593 2780 iniquissimas

370 2801 604 2877 quorumdam'in
630 2809 824 2875 Tmusylvania
845 2807 962 2862 calvini·
995 2803 1131 2855 traducit;
1147 2820 1160 2846 u
1172 2801 1269 2866 quales
1289 2807 1393 2864 sunt,»
1409 2800 1519 2867 inquit,
1537 2806 1594 2853 «ut

370 2904 484 2956 starum,
499 2896 546 2960 qui
557 2906 649 2946 errore
659 2894 733 2946 ducti
744 2895 882 2947 vinculum
896 2906 962 2946 con·
996 2887 1121 2953 coniugia
1147 2886 1217 2938 iuter
1236 2886 1484 2950 adolescentulos,
1499 2900 1594 2952 paren·

366 2983 458 3050 jugale
481 2978 614 3031 adulterio
635 2978 721 3041 solvi,
743 2990 909 3030 consensum
922 2977 963 3029 sic
996 2978 1053 3024 tum
1073 2973 1180 3038 injussu
1198 2975 1357 3035 contracta,
1380 2971 1461 3024 firma
1481 2977 1594 3038 rataque

369 3062 558 3120 enuntiabant:
571 3083 582 3108 u
595 3062 704 3127 Accipio
718 3068 754 3124 te,
764 3067 792 3113 et
800 3061 873 3126 jnro,
886 3062 961 3126 quod
995 3062 1134 3109 maneant.
1148 3056 1186 3102 »⁶
1206 3057 1308 3111 institit
1320 3057 1395 3123 apud
1418 3064 1513 3124 patres
1536 3057 1596 3110 Tri·

369 3165 425 3206 non
436 3151 576 3210 deseram,
597 3148 686 3201 donec
704 3148 887 3200 inhonestate
903 3161 963 3213 per·
996 3143 1124 3197 dentinos
1145 3143 1268 3196 Minister
1287 3144 1362 3211 regis
1380 3145 1548 3207 Galliarum,
1567 3150 1596 3196 ut

368 3236 537 3289 manseris.»
552 3235 707 3287 ¹Cauerum
729 3233 801 3286 valet
820 3234 963 3286 matrimo·
996 3229 1153 3296 hujusmodi
1166 3230 1269 3295 nuptiae
1280 3230 1594 3293 irritaedeclararentur,

369 3322 463 3384 nium,
482 3321 504 3373 si
526 3319 683 3387 huiusmodi
702 3317 824 3371 conditio
837 3330 893 3370 nou
906 3318 964 3370 lue·
996 3317 1039 3370 cui
1056 3321 1147 3368 tamen
1160 3327 1265 3367 morem
1284 3329 1382 3382 gerere
1394 3316 1595 3368 detrectarunt.

370 3406 550 3471 n’tapposita,
571 3405 622 3456 etsi
635 3404 826 3456 contrahentes
840 3415 873 3455 eo
891 3415 964 3455 erro·
996 3420 1013 3450 u
1034 3401 1153 3463 Tametsi
1162 3401 1346 3453 dubitandum
1365 3407 1476 3454 nonest
1488 3401 1596 3454 claude·

370 3505 401 3543 re
423 3493 477 3542 sint
487 3489 581 3543 irretiti
600 3490 673 3554 quod
686 3488 754 3541 solvi
768 3487 869 3553 possit,
885 3487 962 3539 adul·
997 3487 1068 3539 stioa
1089 3485 1281 3543 matrimonia.
1310 3487 1399 3538 libero
1429 3487 1596 3539 contrahen-

370 3575 431 3626 terti
456 3587 553 3633 causam
582 3572 645 3636 quia
674 3573 809 3637 generatis
845 3572 962 3624 intentio
996 3570 1399 3635 tiumconsensuiacte,rata‚
1418 3576 1595 3625 etveraesse

372 3671 454 3722 quam
468 3658 569 3708 hahent
581 3655 785 3707 matrimonium
798 3657 961 3706 contrahen-
995 3655 1184 3719 matrimonia,
1213 3646 1346 3721 quamdiu
1368 3658 1494 3710 Ecclesia
1508 3671 1542 3712 ea
1561 3658 1596 3710 ir·

372 3742 417 3800 di,
435 3747 515 3805 prout
537 3741 587 3791 suh
606 3751 675 3791 nova
694 3741 764 3803 Lege
776 3738 962 3803 viget‚errori
996 3742 1047 3794 rita
1074 3755 1131 3794 non
1165 3741 1248 3804 iecit;
1280 3749 1307 3794 et
1327 3743 1447 3808 proinde
1467 3744 1596 3810 J'ureda·

372 3825 528 3894 particulari
551 3825 585 3875 de
605 3823 721 3876 divortio
744 3823 779 3876 ob
798 3823 962 3876 adulterium
995 3825 1172 3878 mnaudisint
1184 3825 1334 3889 itti,uteos
1346 3829 1373 3879 S.
1391 3828 1522 3894 synodus
1534 3843 1597 3882 ana·

372 3912 510 3979 praevalet.
524 3909 534 3942 ³
546 3911 581 3961 Ea
593 3915 704 3974 propter
720 3909 812 3961 valent
822 3909 961 3963 matrimo·
996 3912 1116 3963 themate
1133 3910 1259 3972 damnat,
1285 3911 1332 3976 qui
1344 3925 1469 3977 cavera,
1491 3919 1596 3967 aerata

373 3998 419 4050 nia
445 3996 635 4048 hereticorum
657 3995 684 4045 iu
703 3994 778 4046 hisce
796 3993 960 4058 provinciis,
996 4008 1058 4048 esse
1076 4000 1194 4061 negant,
1220 3997 1326 4060 quique
1346 3996 1419 4050 falso
1443 3998 1595 4060 affirmant,

373 4097 435 4148 quae
460 4083 561 4134 nullam
583 4081 685 4132 hahent
699 4079 855 4146 hujusmodi
868 4080 962 4133 condi·
998 4079 1172 4131 matrimonia
1202 4092 1218 4131 a
1241 4079 1427 4135 tiliislamilias
1449 4083 1511 4136 sine
1531 4097 1598 4136 con-

305 4238 309 4243 ·
374 4168 477 4220 tioncm
499 4166 632 4218 adnexam
656 4181 663 4216 :
687 4177 742 4217 uon
764 4165 854 4217 valent
872 4172 962 4218 autem
997 4176 1081 4216 sensu
1099 4168 1243 4229 parentum
1262 4172 1406 4219 contracta
1426 4167 1504 4220 irrita
1522 4181 1596 4230 esse,

400 4406 427 4458 (1)
436 4406 488 4456 Cup.
498 4405 537 4445 ult.
546 4405 573 4446 de
581 4406 747 4448 conditionibus.
993 4408 1071 4458 viginti
1086 4417 1130 4446 uuo
1145 4406 1209 4446 ennio
1222 4417 1313 4448 necem
1329 4413 1372 4448 eet.
1388 4409 1444 4450 Vide
1451 4410 1526 4450 tiende
1536 4411 1598 4452 Con·

400 4477 427 4526 (1)
438 4473 557 4513 videdecr.
567 4479 591 4514 tu
606 4475 657 4527 ueji
673 4482 721 4516 1111
730 4475 788 4528 apud
797 4476 874 4517 Bened.
884 4475 960 4516 uitat.
996 4476 1112 4516 mercurios
1125 4476 1258 4516 rot.ii.t.ee.
1268 4477 1358 4518 urin.
1375 4484 1396 4519 e.
1420 4480 1445 4520 ln
1465 4485 1524 4520 stetu
1539 4479 1600 4520 pete

375 4542 419 4582 xiii.
428 4551 447 4579 c.
457 4539 505 4578 xxii.
515 4541 534 4589 5.
543 4547 554 4580 a
564 4541 590 4582 de
598 4542 649 4594 Syn.
658 4544 748 4584 tiioecee.
995 4557 1054 4588 erre
1063 4551 1114 4586 retes
1124 4546 1245 4586 octodecim
1255 4558 1364 4587 eunocum
1380 4549 1496 4589 toeminem
1509 4560 1599 4590 eonem·

401 4611 428 4660 11)
438 4608 491 4647 vide
499 4608 556 4646 deor.
566 4609 589 4649 S.
605 4611 673 4650 Oiiicii
683 4618 694 4651 1
704 4613 750 4653 Oet.
759 4617 815 4652 teau.
996 4617 1033 4656 eni
1052 4617 1151 4656 idoneam
1168 4617 1225 4658 lecit.
1235 4619 1288 4659 uiue
1296 4630 1326 4658 en
1345 4619 1387 4660 Aet
1402 4620 1531 4674 regulatiuss
1546 4621 1600 4660 Hen-

401 4679 431 4729 (t)
442 4677 506 4716 tuxte
515 4680 620 4716 etetutum
628 4686 652 4718 111
663 4681 714 4721 Geo.
723 4679 746 4719 ii.
754 4681 789 4721 ch.
797 4688 828 4731 11,
837 4681 893 4732 quod
901 4680 922 4721 in
931 4682 966 4722 hie
998 4696 1059 4736 mage
1068 4690 1124 4736 11111,
1134 4687 1191 4727 Sect.
1200 4692 1220 4727 1.

378 4743 501 4796 regionibus
519 4755 560 4784 usu
578 4748 745 4801 comprobetur,
762 4756 853 4802 uterque
861 4749 929 4801 major
937 4752 966 4792 sit
1028 4754 1055 4805 (1)
1066 4754 1119 4795 lost.
1129 4754 1143 4795 i.
1153 4759 1185 4796 to.
1193 4755 1230 4796 l’r.
1237 4756 1265 4810 (u)
1274 4757 1330 4800 luet.
1340 4758 1356 4800 1.
1365 4758 1423 4804 inc.
1432 4757 1475 4801 xix.
1483 4765 1516 4800 11.
1604 4724 1627 4753 Ρ
