3792 5550
609 545 680 596 CAP.
699 543 719 596 l.
737 543 780 596 itti
796 544 998 597 SACRAMENTI
1016 545 1187 598 vestatam.
1452 551 1498 603 ccl

297 658 481 714 remissionem
495 664 668 725 peccatorum
688 658 716 711 in
733 660 875 713 meliorem
912 666 972 726 pter
996 661 1148 715 orationem
1172 665 1200 714 et
1227 662 1274 715 liei
1299 663 1501 720 invocationem

297 751 391 800 statum
403 746 498 800 restitu
511 753 529 800 t.
544 767 556 792 u
571 746 580 779 ¹
911 748 1095 818 adhibendam
1118 763 1180 802 esse
1205 750 1322 818 injungit
1345 753 1483 818 lpostou

327 833 366 882 11.
383 831 521 884 llarenitae
534 830 562 884 10
575 831 673 884 ilituali
687 844 739 886 suo
755 831 880 898 praesori·
913 831 977 894 llis,
997 846 1052 886 uon
1074 838 1165 887 autem
1185 834 1256 897 olei,
1269 837 1444 902 quantumvis
1462 849 1498 904 gc

295 914 360 968 bunt
376 915 532 970 unctionem
544 917 643 970 inlirmi
655 917 735 971 morti
746 917 878 983 proximi:
912 918 1023 980 uenosi,
1040 919 1155 983 virtuti,
1178 919 1308 974 adscribit
1331 923 1401 974 ritus
1424 923 1490 990 buln

298 1003 413 1056 «oratio
429 1016 513 1070 snper
529 1003 667 1057 iudrmnm
680 1005 775 1058 boram
788 1005 880 1058 obitus
912 1000 1045 1056 allectus:
1062 1023 1074 1050 α
1097 1004 1189 1058 Oratio
1209 1004 1272 1060 lidei
1294 1006 1410 1060 saltabit
1427 1007 1501 1060 intir-

296 1094 473 1154 appetentem.
494 1088 595 1143 llllerat
617 1090 747 1144 sacerdos
765 1103 799 1142 ex
817 1091 880 1144 oleo
913 1101 998 1140 mum.
1018 1108 1031 1134 n

296 1181 386 1228 sancto
402 1175 432 1227 iu
444 1175 639 1238 ansemundo,
651 1175 789 1229 etdicatu
801 1177 880 1228 Pater
945 1173 987 1224 tt.
1008 1171 1068 1240 011.
1086 1173 1111 1224 1.
1139 1173 1179 1226 td
1205 1173 1309 1227 donum
1330 1175 1503 1231 curationum

297 1279 309 1306 υ
326 1267 433 1322 nester,
452 1281 465 1308 ι
481 1265 509 1314 et
521 1261 640 1327 reliquas
652 1261 687 1312 ad
699 1261 753 1313 boe
765 1264 881 1313 statutas
915 1259 1034 1325 respexit
1046 1259 1183 1324 lacobus,
1197 1259 1315 1326 ideoque
1330 1263 1440 1328 aegrotis
1461 1277 1503 1316 re·

296 1346 445 1406 orationes,
458 1351 523 1412 tune
539 1345 684 1398 benedicat
696 1347 786 1398 oleum
802 1345 881 1412 signo
913 1344 1081 1397 stituendam
1110 1345 1257 1410 pollicetur
1277 1346 1439 1410 sanitatem,
1465 1348 1502 1402 ob

295 1430 881 1498 01001001003010010001011101110000100
913 1429 1064 1482 orationem
1084 1443 1117 1483 ex
1129 1429 1183 1484 lide
1200 1429 1364 1496 prolectam,
1387 1445 1441 1497 qua
1453 1433 1504 1487 sci-

297 1517 368 1570 locls.
380 1517 416 1564 »⁸
442 1517 570 1571 «Eodem
592 1517 649 1570 lere
667 1517 794 1580 niodo,»
817 1516 881 1568 sub·
914 1515 1111 1569 licctmiraoula
1120 1517 1305 1582 patrabantur.
1316 1518 1503 1585 «Ungebantp

295 1601 378 1669 jungit
402 1601 561 1671 Naironus,
588 1622 601 1647 α
619 1610 726 1654 caetere
755 1601 882 1654 nationes
915 1600 1003 1666 inquit
1014 1603 1158 1666 tlarous,«
1172 1603 1233 1655 oleo
1246 1602 1348 1656 multos
1362 1602 1503 1668 infirmos,

297 1689 441 1741 orientales
453 1687 610 1740 conficiunt.
623 1707 636 1733 ι
709 1717 717 1728 a
915 1693 941 1739 ot
951 1687 1127 1740 sanabantur.
1139 1704 1151 1735 r
1165 1689 1256 1750 (tlaro.
1269 1689 1296 1740 6.
1309 1689 1450 1752 15011100
1465 1703 1507 1740 r„-

328 1774 366 1823 ta.
384 1773 445 1825 Fuit
457 1771 617 1839 igiturritus
629 1771 673 1823 bic
684 1770 882 1836 antiquissimis
915 1771 1003 1837 spexit
1022 1772 1156 1834 lacobus,
1183 1785 1267 1838 quum
1294 1771 1377 1838 iussit
1401 1775 1502 1826 arcessi

297 1859 465 1924 temporibus
483 1865 546 1911 ante
558 1865 695 1912 sectarum
711 1860 882 1912 orientalium
913 1857 1090 1924 presbyteres
1102 1857 1137 1910 ad
1150 1859 1309 1926 ungendum
1327 1860 1508 1914 1011000οι.»ι

297 1943 433 2010 originem·
446 1945 495 1997 toli
513 1944 643 1997 Ecclesiae
661 1944 834 2004 eommunis;
856 1950 884 1998 et
916 1945 955 1996 lta
967 1942 1104 1997 Calvinus.

296 2029 390 2084 cbrisli
410 2031 570 2084 mandatum
593 2036 621 2082 et
642 2030 757 2096 gratiam
783 2030 884 2084 trabere
949 2029 1088 2094 1011000.
1119 2031 1176 2084 lloe
1206 2030 1433 2093 Sacramentum,
1465 2032 1503 2084 uti

296 2116 465 2170 credebatur.
916 2122 1030 2168 monent
1041 2118 1132 2168 Patres
1145 2114 1307 2180 Tridentini,
1328 2135 1341 2161 α
1359 2115 1431 2182 apud
1442 2117 1507 2168 tlar-

328 2203 367 2254 19.
378 2201 518 2255 Probatur
528 2204 553 2252 7.
567 2201 777 2267 prescriptione.
789 2200 884 2268 Viguit
916 2214 978 2254 cum
988 2201 1099 2267 quidem
1113 2200 1296 2264 insinuatum,
1308 2214 1358 2267 per
1373 2201 1504 2255 iacobum

297 2287 396 2354 ubique
407 2301 457 2354 per
468 2288 563 2340 orbem
576 2287 775 2350 christianum,
794 2294 883 2340 sexto·
916 2295 1007 2340 autem
1021 2289 1180 2354 Apostolum
1190 2326 1198 2352 ,
1209 2301 1242 2342 ac
1254 2288 1361 2342 Domini
1376 2287 1504 2350 tratrem,

296 2373 519 2428 decimoineunte
531 2373 882 2439 saeoulo,ritusperiduloso
916 2373 1044 2426 lidelibus
1056 2373 1278 2428 commendatum
1297 2387 1328 2427 ac
1348 2375 1506 2441 promulga-

296 2460 390 2513 morbo
402 2459 559 2513 laborantes
570 2460 735 2525 ungendiet
744 2466 882 2525 tamquam
916 2465 974 2510 tum
988 2478 1000 2504 »
1016 2464 1068 2510 est.
1081 2461 1146 2522 Quas
1159 2458 1225 2511 dicit
1237 2459 1359 2512 lacobus
1373 2471 1428 2513 non
1440 2471 1506 2513 oon·

295 2546 498 2598 Sacramentum
511 2558 526 2598 a
540 2545 647 2597 Christo
668 2545 821 2597 institutum
836 2546 884 2594 lia·
916 2543 1029 2597 veniunt
1051 2544 1126 2597 dono
1146 2544 1336 2606 curationum
1360 2559 1411 2598 nec
1432 2547 1506 2598 enim

294 2629 429 2690 bebatur3
443 2629 508 2693 uuin
521 2629 629 2681 ostendi
642 2628 730 2693 possit
746 2641 808 2679 eum
822 2632 885 2692 post
916 2627 969 2679 boo
986 2633 1061 2681 certo
1084 2627 1226 2680 bominum
1251 2628 1340 2680 ordini
1360 2630 1506 2696 allegatum
1554 2661 1557 2666 ·

295 2715 480 2780 lpcstolioam
510 2719 617 2765 aetatem
646 2713 782 2765 invectum
810 2724 881 2765 esse.
916 2717 974 2776 est,
988 2725 1039 2765 uec
1053 2713 1225 2779 proarbitrio
1239 2715 1506 2781 exercendumerat,

295 2802 476 2855 lmoconstat
495 2813 558 2853 eum
578 2798 884 2865 apostolorumtempo-
917 2798 968 2851 sed
987 2811 1020 2851 ex
1045 2798 1162 2865 Spiritus
1192 2800 1278 2853 sancti
1307 2806 1399 2863 motu,
1425 2808 1508 2869 prout

295 2885 372 2939 ribus
389 2891 545 2948 servatum,
570 2884 675 2938 tacebo
697 2887 833 2945 testante,
855 2884 885 2935 et
917 2884 1017 2949 cuique
1028 2884 1122 2937 datum
1135 2884 1221 2938 luerit.
1230 2888 1317 2950 Quum
1327 2886 1509 2955 igiturjubeat

295 2972 424 3025 omnibus
443 2971 470 3023 id
489 2970 646 3025 latentibus.
671 2972 754 3036 Porro
776 2968 883 3022 ostendi
919 2972 1093 3039 presbyteros
1111 2974 1230 3037 arcessi,
1249 2974 1401 3043 orationem
1414 2974 1509 3039 fundi,

295 3058 390 3125 nequit
407 3071 472 3111 eum
483 3070 605 3123 unquam
624 3053 829 3116 intermissum,
841 3054 884 3107 vel
918 3058 1076 3111 unctionem
1101 3058 1177 3121 fleri,
1191 3060 1267 3125 loqui
1291 3061 1447 3113 censendus
1467 3068 1510 3113 est

295 3142 447 3209 doctrinam
456 3142 491 3195 de
501 3142 668 3208 ejusvlrtute
678 3139 812 3204 abaliquo
823 3146 885 3205 post
916 3142 1512 3209 dcsubsidioeuiltbetaegroxamtaministris

294 3228 440 3293 Apostolos
458 3231 556 3279 ortam.
570 3230 603 3278 at
619 3236 685 3278 xero
708 3237 792 3289 ouum
813 3230 886 3276 esset
919 3226 1006 3279 sacris
1030 3226 1205 3291 porrigendo.
1238 3230 1299 3293 lpse
1321 3230 1511 3281 Rosenmiiller

296 3328 339 3367 res
350 3314 529 3381 quotidiana,
548 3311 626 3365 laeile
640 3323 696 3363 non
718 3317 885 3363 eratnovam
919 3310 1002 3362 dicit:
1020 3330 1031 3357 c
1046 3311 1122 3362 tiulla
1144 3312 1295 3366 necessitas
1313 3314 1452 3378 postulare
1472 3313 1512 3367 vi·

295 3398 416 3465 aliquam
439 3399 526 3451 deca
549 3396 691 3450 notionem
712 3395 815 3460 ubique
838 3408 887 3461 per
920 3393 1016 3456 detur,
1036 3397 1066 3445 ut
1085 3394 1330 3447 extraordinariam
1348 3402 1377 3449 et
1397 3396 1512 3451 miracu-

296 3484 591 3547 orbeminvebere,et
607 3488 736 3534 statuere.
824 3510 827 3514 ›
920 3480 1007 3532 lesam
1042 3479 1158 3533 sanandi
1194 3480 1349 3537 facultatem
1377 3481 1512 3550 intelliga-

426 3569 589 3636 objectiones
599 3570 754 3621 solvuntur.
919 3580 990 3619 mus.
1006 3585 1018 3613 a
1030 3565 1041 3599 ⁸
1053 3566 1131 3631 Quod
1149 3573 1241 3621 antem
1255 3567 1316 3621 lidel
1329 3568 1446 3623 orationi
1464 3569 1512 3623 tri·

328 3656 370 3708 2⁰.
390 3654 451 3720 obj,
471 3658 494 3707 l.
519 3673 531 3704 ι
555 3656 651 3709 Oleum
675 3654 795 3719 positum
824 3650 887 3705 esse
918 3652 1039 3705 tuantur
1050 3650 1180 3717 effectus,
1195 3666 1249 3707 non
1267 3656 1365 3709 suadet
1381 3655 1416 3709 de
1428 3655 1511 3709 mira·

296 3740 406 3794 videtur
419 3753 468 3807 pro
480 3741 609 3794 remediis
627 3739 689 3793 aliis
710 3740 792 3793 etlam
813 3739 886 3791 solu·
920 3737 989 3791 culis
1017 3737 1060 3805 agl
1086 3752 1092 3791 :
1119 3752 1183 3792 nam
1211 3740 1297 3795 oratio
1324 3754 1357 3795 ex
1383 3742 1512 3796 Ecclesia

296 3825 401 3879 taribus
415 3830 443 3878 et
466 3825 725 3882 necessariistiam
747 3823 775 3875 in
797 3822 887 3889 regio·
919 3824 1202 3889 auctoritateprolata,
1210 3823 1271 3877 nixa
1279 3824 1341 3877 tidei
1349 3824 1511 3878 certissimis

297 3910 379 3965 nibus
391 3908 571 3964 orientalibus
582 3915 610 3961 et
627 3908 661 3960 ad
673 3908 816 3961 meridiem
825 3908 885 3982 olea
919 3910 1079 3975 principiis,
1090 3910 1154 3961 fidei
1171 3914 1259 3964 oratio
1279 3910 1430 3963 rectissime
1440 3910 1510 3963 dici-

297 4002 375 4050 erant
386 3994 467 4049 ualde
479 4006 627 4059 generosa,
642 3999 670 4045 et
683 4006 750 4045 usus
761 3993 885 4046 oleorum
919 3999 972 4047 tur.
982 3994 1132 4047 Leibnitius
1141 3994 1348 4049 animaduertit:
1364 3995 1510 4049 «Videmus

297 4080 450 4146 permultus
460 4077 603 4131 medendis
613 4077 694 4129 variis
703 4077 807 4130 morbis
819 4077 886 4131 obti-
918 4080 1019 4133 elimet
1029 4080 1132 4132 donum
1143 4080 1292 4134 curationis
1300 4093 1374 4146 saepe
1383 4078 1509 4144 affuisse3

297 4165 391 4219 nebat.
405 4182 417 4213 r
430 4162 441 4197 ⁸
455 4164 494 4217 lta
510 4162 709 4215 Rosenmiiller.
920 4165 998 4231 cujus
1017 4178 1083 4217 usus
1094 4178 1167 4217 nunc
1177 4178 1238 4217 cum
1251 4165 1314 4218 aliis
1324 4164 1511 4219 extraordina-

329 4252 469 4316 2111000.
489 4252 526 4303 be
552 4249 674 4303 remedio
698 4249 813 4301 naturali
832 4262 886 4303 non
921 4249 968 4301 riis
979 4248 1132 4313 beneflciis,
1146 4249 1265 4303 stabilita
1279 4249 1417 4314 Ecclesia,
1430 4250 1509 4305 inire·

297 4336 405 4404 agitur,
418 4337 467 4390 sed
487 4335 522 4389 de
535 4335 635 4388 auimae
656 4334 758 4396 salute3
772 4346 888 4400 quapro·
920 4333 1048 4401 quentlor
1065 4335 1152 4388 lactus
1171 4338 1226 4401 est,
1239 4347 1348 4401 semper
1370 4339 1508 4391 tamenne

323 4598 348 4652 ll)
360 4600 432 4649 erros.
444 4605 485 4641 lta.
495 4600 547 4641 Vide
556 4606 578 4640 et
585 4601 682 4641 teremim
693 4600 822 4653 patriarcba
832 4601 887 4643 Con·
949 4602 976 4651 {tl
985 4601 1009 4641 ln
1020 4602 1098 4641 locum.

299 4669 484 4721 stantanopolitsrri
492 4668 652 4723 responsionem
662 4670 688 4710 ad
697 4671 839 4711 lutheranos.
948 4672 976 4721 (tl
986 4672 1038 4711 lust.
1047 4671 1063 4711 1.
1073 4670 1101 4713 ir.
1110 4682 1129 4710 c.
1137 4670 1210 4712 xffxcn.
1222 4677 1251 4712 ta.

324 4740 353 4792 (a)
363 4738 426 4791 apud
434 4739 550 4780 nitrosum
560 4739 582 4780 10
595 4740 685 4793 Euoplla
695 4752 716 4793 p·
725 4744 770 4781 tto.
952 4742 978 4791 rii]
989 4740 1012 4780 ln
1022 4739 1101 4781 locum.

336 4812 402 4861 l'ol..
423 4824 458 4863 tll.
