3792 5550
625 573 692 625 GAP.
711 573 778 625 vlll.
799 575 839 625 bn
858 536 1006 627 stabulis
1019 541 1261 625 lhadblttllhTIS.
1493 568 1545 621 599

325 685 550 751 matrimonium,
563 686 630 739 illud
646 687 745 740 dicitur
754 688 827 754 quod
837 688 916 741 emis·
952 686 1218 751 Quandoinaequahs
1227 692 1270 739 est
1283 687 1399 753 gradus,
1411 682 1546 750 remotior

325 784 388 823 sum
402 772 482 824 fuerit
496 772 523 823 in
536 772 635 825 Ordine
646 773 784 839 religioso,
796 779 823 826 et
839 786 917 826 acce·
951 778 1090 839 spectatur
1108 787 1116 824 z
1139 777 1259 824 attamen
1284 773 1308 824 si
1330 774 1461 824 alteruter
1487 782 1542 821 uno

324 861 434 923 piatum
463 857 491 908 in
520 863 683 923 perpetuum
711 857 745 909 ab
775 858 914 923 Ecclesia;
950 864 1058 910 tantum
1087 858 1172 923 gradu
1195 871 1210 909 a
1231 857 1324 923 stipite
1348 858 1450 916 distet,
1474 856 1543 907 alter

323 951 453 997 votorum
474 943 547 995 enim
565 944 725 996 solemnitas
744 959 776 997 ex
795 950 917 1010 accepta·
951 943 1075 1005 duobus,
1088 942 1212 1008 quamvis
1231 942 1353 994 secundo
1372 940 1459 1007 gradu
1474 952 1542 992 con-

323 1028 402 1081 tione
415 1028 468 1081 huc
485 1029 603 1093 pertinet
617 1044 623 1079 :
638 1036 795 1095 acceptatur
809 1038 915 1093 autem,
948 1028 1036 1094 Juncti
1049 1027 1192 1091 dicantur,
1210 1027 1329 1092 primum
1351 1032 1442 1077 tamen
1464 1024 1543 1076 attiu-

323 1114 441 1179 probato
466 1116 565 1167 Ordine
586 1129 600 1167 a
621 1116 917 1181 Sedehpostolica,et
951 1119 1019 1180 gunt
1039 1129 1045 1163 :
1068 1126 1110 1165 ex.
1136 1126 1176 1179 gr.
1206 1112 1357 1165 avunculus
1387 1117 1413 1163 et
1441 1109 1540 1174 neptis.

323 1204 457 1265 perpetua
470 1200 637 1265 obligatione
658 1208 783 1253 votorum
797 1214 828 1253 ex
842 1206 917 1252 ntra·
951 1198 1100 1251 Prohibitio
1116 1197 1273 1263 nuptiarum
1293 1197 1363 1248 inter
1376 1194 1542 1259 consangui-

321 1298 378 1349 que
390 1291 484 1351 parte,
499 1291 555 1337 tum
573 1285 739 1348 emittentis,
754 1292 810 1337 tum
824 1285 916 1337 Eccle-
950 1296 1019 1336 neos
1034 1283 1129 1335 nititur
1141 1282 1293 1336 reverentia
1304 1293 1366 1346 quae
1380 1278 1542 1346 propinquis

323 1370 374 1423 siae
400 1372 479 1436 cujus
500 1370 611 1423 nomine
641 1370 789 1436 suscipitur
813 1370 913 1437 agnita.
951 1369 1083 1432 debetur,
1105 1374 1202 1421 natura
1220 1368 1279 1433 ipsa
1302 1368 1434 1430 docente,
1459 1370 1487 1417 et
1507 1364 1541 1416 ad

320 1458 389 1508 turc
411 1468 483 1509 noro
495 1456 606 1521 speciali
624 1456 719 1507 eadem
732 1449 773 1509 ris
789 1454 917 1506 tribuitur
951 1468 1060 1508 morum
1077 1454 1262 1521 integritatem
1284 1453 1429 1507 fovendam
1449 1450 1543 1528 dirigis

320 1540 395 1594 votis
418 1540 446 1591 in
469 1541 604 1593 societate
625 1542 689 1592 lesu
715 1539 839 1601 emissis,
852 1539 917 1591 licet
950 1546 1013 1592 tur:
1028 1553 1061 1592 ex
1079 1539 1285 1593 necessitudine
1298 1539 1372 1591 enim
1383 1576 1390 1601 ,
1401 1549 1463 1602 quae
1473 1536 1543 1587 inter

321 1638 410 1691 penes
429 1626 590 1690 Superiores
613 1630 722 1677 maneat
734 1624 861 1677 subditos
880 1623 918 1675 di·
949 1624 1121 1689 propinquos
1140 1624 1303 1687 intercedit,
1326 1623 1456 1687 frequens
1473 1620 1543 1673 foret

321 1710 450 1771 mittere,
469 1715 496 1761 et
516 1708 578 1761 ideo
603 1708 694 1761 deficit
718 1708 870 1775 acceptatio
888 1708 917 1761 in
949 1708 1081 1773 peccandi
1095 1708 1222 1771 occasio,
1236 1708 1289 1760 nisi
1300 1722 1364 1780 spes
1374 1704 1542 1759 matrimonii

321 1800 498 1860 perpetuum.
949 1793 1118 1846 tolleretur.⁴
1138 1797 1271 1846 Praeterea
1296 1799 1404 1846 constat
1431 1792 1542 1858 propin·

355 1880 417 1929 tat.
439 1878 581 1945 copulatio,
596 1877 652 1933 sive
664 1879 784 1931 ocreatis
804 1893 837 1931 ex
851 1892 916 1931 san·
949 1891 1067 1943 quorum
1080 1878 1274 1944 conjunctione
1293 1878 1450 1943 prosapiam
1465 1876 1543 1928 facile

321 1963 417 2029 guinis
437 1964 651 2027 communione,
668 1976 730 2028 quae
751 1964 917 2031 consangui-
949 1964 1114 2016 deteriorem
1128 1964 1255 2025 evadere,
1269 1966 1339 2015 adeo
1353 1970 1382 2014 ut
1395 1960 1543 2013 imbecilles

321 2050 395 2102 nitas
415 2049 534 2115 dicitur,
549 2050 606 2103 sive
618 2049 771 2114 spiritualis
783 2048 915 2101 enofficio
949 2062 1024 2115 saepe
1049 2055 1220 2113 nascantur,
1242 2050 1286 2101 vel
1310 2049 1392 2101 etiam
1418 2051 1542 2099 monstra

256 2205 257 2209 Ἰ
320 2134 425 2199 patrini
442 2135 485 2187 vel
499 2134 609 2186 matrici
621 2140 700 2197 orta,
722 2133 779 2187 sire
803 2135 914 2201 epotis,
948 2134 1274 2200 prodeantzquapropter
1286 2132 1435 2198 prohibitio
1449 2130 1543 2197 generi

321 2232 356 2271 ex
375 2218 496 2285 perfecta
515 2219 630 2285 aliquus
651 2219 831 2272 inhaerebam
852 2220 915 2273 ado·
948 2221 1069 2271 humano
1094 2220 1229 2273 servando
1259 2219 1359 2271 idonea
1388 2214 1544 2284 noscitur.³

320 2304 434 2371 ptione,
448 2304 550 2356 dirimit
564 2304 780 2357 matrimonium.
948 2308 979 2358 lu
993 2306 1064 2358 linea
1082 2312 1156 2359 recta
1169 2306 1262 2357 uultus
1283 2311 1326 2358 est
1342 2304 1426 2356 vetito
1445 2302 1540 2354 limes:

314 2389 316 2393 ’
355 2390 415 2441 122.
448 2388 673 2457 Consonpaioitos
704 2397 746 2442 est
776 2389 913 2444 vinculum
950 2404 1002 2444 nec
1018 2391 1090 2443 enim
1110 2393 1200 2457 quivis
1217 2397 1309 2457 potest
1322 2404 1384 2443 cum
1401 2390 1492 2454 aliqua
1510 2400 1542 2438 ex

320 2489 522 2541 personarum,
536 2491 653 2542 unarum
667 2489 721 2528 uua
738 2478 772 2528 ab
792 2477 860 2539 alia,
873 2476 916 2528 vel
950 2478 1010 2541 eius
1030 2476 1147 2541 posteris
1165 2478 1343 2536 contrahere;
1363 2475 1412 2527 sed
1430 2476 1457 2524 in
1470 2474 1541 2524 linea

321 2563 412 2614 ambae
424 2562 459 2613 ab
471 2562 917 2627 eadem‚tamqunmacommuni
951 2561 1100 2613 collaterali
1126 2563 1187 2626 jure
1214 2568 1319 2613 naturae
1347 2573 1404 2612 non
1435 2558 1542 2611 excedit

320 2651 349 2699 et
366 2646 521 2711 propinquo
541 2646 652 2711 stipite,
672 2646 848 2713 generatione
866 2646 914 2698 de·
948 2646 1066 2711 primum
1092 2644 1243 2711 gradum.⁸
1262 2644 1388 2697 Leviticae
1413 2640 1550 2709 probibi-'

321 2730 468 2784 scendunt.
498 2731 589 2784 Series
614 2732 821 2798 generationum
842 2731 913 2784 tinec
947 2732 1038 2787 tiones
1055 2746 1110 2786 non
1126 2733 1229 2786 habent
1249 2732 1304 2786 rim
1322 2732 1457 2785 ullamin
1471 2740 1541 2782 nora

321 2817 432 2879 dieitur,
446 2817 548 2869 directo
560 2816 682 2882 quidem,
692 2816 715 2868 si
725 2829 816 2868 sermo
830 2816 866 2868 sit
878 2816 913 2868 de
947 2821 1034 2886 Lege,
1052 2819 1170 2886 ideoque
1190 2834 1223 2872 ex
1235 2819 1363 2872 Ecclesiae
1380 2818 1541 2870 auctoritate

322 2900 912 2969 iisquorumunusabaliodeseendit,filius
946 2918 1008 2970 quaa
1037 2912 1132 2958 extant
1154 2905 1349 2972 impedimenta
1370 2904 1538 2958 derivantur.

321 3001 363 3040 ex·
384 3001 459 3054 ΒΗ
484 2994 582 3054 latret
603 2987 769 3040 collateralii
798 2992 912 3051 autem,
946 2991 985 3043 ad
998 2998 1125 3057 quartum
1143 3005 1231 3057 usque
1253 2991 1368 3058 gradum
1383 2989 1540 3041 extenditur

320 3074 432 3146 quando
458 3075 493 3126 de
516 3075 549 3126 iis
572 3075 661 3141 agitur
684 3074 732 3140 qui
757 3079 862 3126 tantum
884 3073 911 3126 in
946 3075 1108 3140 prohibitio.

320 3158 414 3222 stipite
431 3159 570 3210 communi
580 3160 783 3224 conjunguntur
796 3173 802 3208 :
816 3158 912 3210 fratres
980 3162 1037 3212 tib.
1058 3160 1351 3226 cognatioapirttuotia
1364 3149 1539 3212 contrabitur

319 3245 427 3297 scilicet
439 3251 466 3296 et
483 3245 641 3297 consobrini
659 3245 687 3296 in
700 3245 751 3296 hac
764 3244 835 3296 linea
847 3256 912 3296 con·
943 3247 1005 3311 jure
1023 3245 1212 3298 ecclesiastico
1224 3246 1295 3300 inter
1309 3249 1433 3310 patrinos
1445 3257 1478 3296 ac
1490 3244 1540 3295 ba-

319 3330 482 3382 stituuntur.
497 3331 604 3384 Gradus
619 3331 772 3396 appellatur
783 3341 911 3381 mensura
945 3329 1091 3394 puratum,
1111 3343 1193 3394 quem
1216 3336 1398 3394 susceperunt
1425 3343 1441 3381 e
1458 3341 1537 3381 sacro

319 3415 460 3469 distantiae
478 3431 493 3468 a
514 3417 621 3483 stipite,
640 3416 737 3469 fratres
755 3421 783 3469 et
802 3428 912 3469 sorores
945 3415 1039 3478 fonte,
1050 3421 1078 3467 et
1091 3414 1163 3467 illius
1174 3421 1279 3481 patrem
1295 3419 1323 3466 et
1334 3420 1464 3475 matrem;
1478 3427 1539 3465 oec-

320 3501 423 3554 idcirco
437 3503 525 3568 primo
538 3503 565 3554 in
584 3502 669 3566 gradu
688 3504 910 3568 conjunguntur,
946 3513 1000 3553 noo
1014 3499 1538 3566 interbaptizantemetbaptizatumha'·

319 3587 496 3650 consobrini,
519 3589 634 3640 fratrum
647 3589 689 3641 vel
704 3579 830 3641 sororum
845 3586 908 3648 filii,
946 3585 1092 3652 ptizatique
1107 3591 1212 3652 patrem
1225 3599 1257 3638 ac
1268 3583 1536 3638 matremtantum.».⁴

320 3673 444 3726 secundo
469 3673 496 3725 in
520 3673 625 3740 gradu,
644 3679 671 3726 et
699 3673 739 3726 sic
766 3673 906 3738 deinceps.
944 3674 974 3724 ln
987 3673 1196 3727 confirmatione
1220 3675 1347 3742 cognatio
1369 3671 1537 3726 contrahitur

346 3936 394 3988 (tle
407 3936 476 3976 These
491 3936 635 3987 regulations,
645 3947 669 3976 ae
680 3938 712 3976 far
721 3941 743 3976 at
751 3937 805 3977 least
822 3947 846 3976 aa
859 3937 910 3989 they
946 3937 1040 3988 recenti!
1053 3937 1164 3989 adjadged
1174 3966 1181 3990 ‚
1193 3938 1245 3990 bya
1262 3943 1323 3989 great
1335 3943 1416 3977 master
1424 3936 1448 3977 of
1461 3935 1535 3988 public

319 4005 416 4058 prohibit
436 4005 554 4056 marriagee
575 4017 655 4056 among
676 4009 728 4046 near
750 4007 868 4058 relations,
882 4007 910 4058 by
945 4006 989 4046 and
1004 4000 1218 4056 municipallarr,to
1233 4006 1287 4045 bea
1303 4005 1407 4045 nuisance
1420 4003 1536 4056 extremely

318 4073 384 4115 blood
393 4086 418 4115 or
426 4073 547 4124 marriage,
565 4073 606 4125 [for
618 4075 655 4114 the
672 4086 741 4115 canon
755 4076 798 4116 and
810 4087 909 4116 common
945 4074 1049 4114 odenstre
1062 4079 1084 4114 to
1093 4074 1130 4113 the
1139 4074 1190 4115 fatre
1197 4073 1239 4114 and
1249 4085 1350 4114 manners
1357 4075 1381 4113 of
1392 4074 1484 4126 society,
1492 4073 1534 4114 and

319 4145 360 4187 law
374 4144 436 4185 made
450 4155 477 4182 no
485 4142 610 4184 distinction
629 4155 657 4182 oo
675 4143 719 4183 this
736 4143 798 4196 point
814 4144 910 4186 between
944 4145 1033 4195 tending
1045 4150 1068 4184 to
1084 4144 1170 4185 endlees
1189 4145 1318 4193 confusion,
1332 4144 1374 4184 and
1383 4143 1535 4196 thepollution

318 4214 448 4255 connexione
469 4214 496 4266 by
514 4213 680 4266 consanguinit]
693 4213 735 4253 and
754 4213 854 4266 affinbpt,
874 4226 909 4254 are
943 4215 968 4254 of
975 4215 1011 4253 tbe
1026 4213 1117 4266 canctity
1134 4213 1159 4252 of
1169 4203 1253 4264 private
1261 4212 1323 4252 life.»
1333 4214 1405 4252 tlent’s
1419 4212 1533 4252 Commen-

283 4335 285 4340 .
317 4283 426 4338 evidently
442 4285 534 4325 founded
548 4285 569 4324 in
584 4285 619 4324 the
628 4285 668 4326 law
684 4284 708 4324 cf
720 4289 809 4333 nature3
820 4285 862 4326 end
878 4285 922 4326 im,
946 4283 1012 4323 feries
1020 4310 1028 4334 ,
1036 4282 1078 4324 rol.
1089 4281 1112 4321 ii.
1122 4294 1144 4335 p.
1153 4281 1181 4324 ir.
1192 4282 1311 4322 Lectnvi·
1319 4294 1341 4320 n.
1350 4287 1383 4322 aa.

320 4361 422 4396 cestuous
431 4355 549 4407 marriages
559 4356 613 4396 bave
621 4355 783 4407 generallyfbut
792 4355 842 4397 with
849 4367 908 4396 some
969 4353 995 4404 (a)
1011 4350 1159 4402 Moecbialogie
1175 4363 1198 4404 p.
1214 4356 1258 4391 tea.
1267 4366 1278 4390 a
1288 4351 1348 4392 Cette
1366 4350 1437 4391 raison
1453 4351 1491 4403 qui
1501 4353 1533 4392 re-

227 4421 229 4426 '
319 4427 407 4475 strange
417 4425 539 4476 exceptione
552 4425 671 4478 alatheus)
680 4425 732 4466 been
744 4425 847 4476 regarded
857 4427 908 4468 with
942 4437 1025 4479 protare
1044 4426 1226 4466 essentiellernent
1247 4426 1279 4466 les
1297 4424 1445 4477 conjonctione
1461 4424 1532 4465 inces-

305 4522 308 4526 .
320 4492 453 4532 abborrence
461 4493 488 4546 by
498 4494 534 4533 the
546 4495 649 4534 soundest
659 4494 741 4548 writers¹
751 4495 794 4534 and
803 4495 839 4534 the
852 4501 910 4536 most
942 4501 1046 4547 tueueett,
1058 4496 1111 4536 c'est
1128 4496 1149 4535 la
1165 4496 1219 4536 forte
1237 4495 1366 4547 probabilite
1383 4507 1411 4534 ou
1427 4495 1497 4546 plutot
1510 4494 1531 4534 la

320 4562 419 4612 poliched
428 4567 494 4602 states
508 4563 532 4603 of
538 4564 651 4616 antiquity.
662 4565 733 4604 Under
749 4565 785 4604 the
801 4563 908 4605 induenee
942 4565 1047 4605 certitnde
1055 4565 1144 4606 relative
1151 4567 1178 4606 de
1188 4567 1207 4606 la
1222 4553 1373 4616 degeneratton
1390 4564 1498 4617 physique
1510 4568 1533 4602 et

320 4630 346 4670 of
360 4631 499 4682 Christianitp
509 4643 538 4683 ,a
551 4645 616 4684 purer
632 4639 687 4673 teste
703 4634 745 4673 and
762 4633 847 4674 stricter
859 4635 908 4674 doe·
942 4636 1103 4676 mememorato
1116 4635 1142 4676 de
1151 4633 1241 4689 l¹espece
1251 4635 1381 4675 humalde.»

321 4697 378 4740 trine
394 4700 449 4741 bave
465 4701 518 4740 been
534 4701 667 4752 inculeated;
681 4703 724 4742 and
741 4714 769 4742 au
783 4703 907 4744 incestuous
968 4705 993 4756 (a)
1004 4705 1077 4745 lient’a
1086 4705 1309 4756 Commentarius,rol.
1317 4705 1340 4745 ii.
1349 4716 1371 4757 p.
1378 4705 1471 4745 iubeat.
1477 4701 1533 4745 nri.

322 4769 440 4808 connexion
454 4769 548 4813 between
566 4781 593 4811 an
607 4772 669 4812 uncle
686 4771 797 4812 andniece
807 4773 908 4814 hasbeen
943 4786 965 4816 n.
977 4779 1010 4816 at.
1021 4776 1049 4828 lt)
1060 4773 1125 4815 Cone.
1135 4774 1194 4816 Trid.
1202 4775 1258 4817 Sese.
1267 4774 1322 4817 nir.
1331 4787 1351 4816 c.
1360 4775 1388 4816 ll.
