3792 5550
383 563 429 614 rol
480 525 486 536 ’
623 555 876 612 satellitii.
897 555 930 608 u.
952 555 994 612 un
1010 557 1118 611 nime
1134 556 1324 613 sacnlrrcro.

392 666 451 730 ’δα
472 670 682 742 sstugustinns
697 689 704 726 ε
721 693 734 720 ι
747 675 833 727 verus
850 671 896 725 ille
912 671 969 724 lle-
1001 673 1117 728 tortasse
1129 672 1274 727 ‹litllcultas
1288 639 1438 728 orieturrle
1448 673 1591 729 vocabulis

378 763 487 826 ellatur,
509 763 536 814 ln
555 768 686 828 quantum
706 761 820 813 lormam
835 756 910 812 serui
926 769 970 812 ac·
1001 760 1171 829 οισιαήμοι,
1199 762 1308 823 ceum,
1337 773 1388 826 pro
1417 773 1514 814 mensa
1539 763 1593 815 lio·

377 849 482 915 cipieus
508 846 641 900 llediator
664 844 779 898 effectus
804 849 847 898 est
870 843 916 898 liei
940 847 969 897 et
1000 845 1115 910 minicu,
1131 847 1197 898 can.
1214 849 1308 911 apost.
1326 845 1364 897 iii.
1382 845 1415 898 ir.
1432 845 1506 897 xxxi.
1525 849 1592 897 tiele

378 933 537 995 bominum,
554 932 637 985 bomo
650 930 772 984 Christus
791 931 889 993 lesus,
904 941 967 982 cum
999 930 1186 996 sarificium,
1198 935 1227 984 et
1236 947 1349 1001 ιμσφιμ
1365 929 1463 984 obtuitu
1475 944 1526 997 pro
1539 933 1591 985 llu-

377 1020 405 1072 in
426 1019 510 1072 lorma
537 1015 583 1070 llel
606 1015 769 1070 sacrilieium
794 1027 857 1069 cum
889 1017 968 1069 Patre
1000 1018 1138 1073 ebamstiae
1158 1018 1358 1080 celebratione,
1376 1020 1441 1070 cau.
1468 1017 1509 1070 iii.
1533 1019 1589 1072 rili.

376 1107 480 1165 sumat,
502 1113 565 1156 cum
587 1113 643 1168 quo
668 1106 696 1154 et
716 1113 788 1153 unus
812 1101 883 1153 lleus
907 1105 966 1164 est,
999 1103 1063 1158 xlvi.
1074 1105 1113 1157 lta
1123 1103 1234 1170 quinem
1250 1104 1312 1156 aliis
1331 1103 1445 1158 lorsitan
1456 1103 1592 1167 videatur,

376 1197 467 1242 umen
480 1188 507 1241 in
531 1188 617 1242 lorma
637 1188 708 1242 servi
732 1185 896 1240 sacrificium
912 1197 969 1239 ma·
999 1201 1055 1243 non
1073 1190 1139 1244 item
1150 1189 1304 1255 nobis‚qui
1321 1190 1380 1242 baec
1395 1195 1422 1242 ct
1432 1190 1591 1256 hujusmodi

376 1275 426 1328 luit
449 1287 511 1328 esse
534 1287 617 1340 quam
644 1285 770 1336 sumere,
788 1285 823 1325 ue
852 1271 895 1326 vol
915 1272 967 1326 bac
1000 1271 1111 1326 nomina
1131 1272 1167 1325 de
1185 1272 1245 1325 istis
1257 1272 1340 1325 rebus
1355 1271 1455 1324 uoluta
1476 1271 1593 1324 inauli·

375 1360 520 1416 occasione
538 1360 682 1426 quisquam
706 1357 873 1412 existimaret
888 1357 966 1410 culli·
1000 1356 1141 1423 quissimls
1165 1357 1294 1411 Ecclesiae
1322 1355 1508 1411 monumentis
1531 1369 1592 1422 pas·

376 1447 422 1500 bet
439 1447 646 1502 sacrificandum
665 1459 727 1500 esse
753 1451 894 1498 creaturae.
917 1447 968 1498 l>er
999 1444 1052 1497 sim
1061 1443 1224 1498 invenimus.
1236 1446 1265 1496 ll.
1276 1443 1425 1510 cyprianus
1436 1443 1514 1496 nullo
1524 1441 1590 1506 alio,

375 1533 428 1585 boe
441 1538 468 1586 et
481 1531 610 1585 sacerdos
618 1537 677 1594 est,
690 1531 748 1597 ipse
758 1528 889 1590 offerens,
907 1529 968 1597 ipse
1000 1535 1132 1597 qrrantum
1144 1528 1273 1593 memini,
1292 1536 1476 1596 preterquam
1493 1528 1592 1582 etiams

375 1617 526 1672 ctoblatio
542 1618 625 1684 cujus
638 1617 891 1670 reisacramentum
904 1629 968 1681 quo
1000 1614 1127 1679 nomine,
1160 1627 1284 1668 mensam
1313 1614 1419 1668 bomini
1444 1613 1591 1682 indigitare

375 1703 514 1756 alumnum
538 1715 596 1759 erre
617 1703 702 1756 colun
719 1702 844 1756 liccteeioe
861 1702 968 1768 sacrifi·
1000 1701 1081 1765 solet,
1094 1700 1250 1754 istcautcm
1265 1699 1454 1766 saepissime..
1494 1737 1500 1751 .
1538 1735 1547 1750 .
1583 1737 1590 1752 .

375 1787 448 1842 cium
470 1800 631 1853 :quaecum
652 1787 739 1854 ipsius
755 1787 852 1855 eapitis
866 1801 967 1855 corpus
999 1790 1068 1838 Ante
1080 1797 1144 1838 euna
1163 1783 1347 1838 Tertullianus
1366 1790 1395 1839 et
1412 1785 1592 1840 Eucharistiae

376 1873 427 1934 sil,
447 1885 477 1926 se
495 1873 581 1938 ipsam
599 1886 648 1938 per
660 1873 750 1939 ipsum
763 1873 845 1928 discit
857 1872 966 1928 oilerre.
1000 1871 1212 1925 celebrationem
1229 1869 1416 1935 termidum,
1429 1877 1457 1925 et
1467 1884 1592 1925 mensam

376 1958 461 2024 liujus
479 1957 535 2011 veri
554 1957 679 2010 sacrificii
696 1959 856 2024 multiplicia
879 1959 967 2014 ruria-
999 1956 1107 2010 bomini
1123 1966 1202 2009 crum
1214 1958 1267 2010 Dei
1286 1957 1462 2023 nuncuparit.
1495 1995 1501 2007 .
1540 1995 1547 2008 .
1584 1993 1591 2008 .

374 2057 430 2110 que
440 2043 520 2111 sigua
529 2049 607 2098 erant
617 2045 747 2097 sacrillcia
761 2051 849 2110 prisca
858 2051 967 2099 sancto·
1000 2045 1068 2096 lnte
1076 2043 1289 2098 Tertullianum.
1303 2043 1363 2109 ipse
1377 2042 1460 2096 eliam
1471 2041 1593 2109 ignatius

381 2143 452 2192 rum,
468 2143 530 2183 cum
544 2129 596 2183 lton
609 2142 694 2182 unum
707 2141 755 2194 per
768 2130 853 2181 multa
867 2129 969 2196 ligure-
1000 2128 1028 2180 in
1048 2127 1176 2195 genuinis
1198 2133 1226 2180 et
1245 2127 1386 2182 inuiolatis
1411 2127 1469 2180 suis
1487 2126 1592 2194 episto-

377 2221 463 2278 rctur‚
482 2221 621 2281 tamquam
634 2214 726 2268 verbis
738 2213 831 2268 multis
845 2227 889 2268 res
910 2228 966 2268 una
999 2214 1035 2267 lis
1055 2215 1201 2281 tumim
1225 2213 1253 2266 in
1276 2213 1375 2266 eodem
1403 2225 1488 2266 sensu
1517 2212 1593 2265 alibi-

375 2300 969 2363 eiceretur,utslnelastiuiomultumeom-
999 2301 1068 2354 buit.
1111 2340 1119 2352 .
1156 2339 1162 2353 .
1200 2338 1207 2352 .
1251 2302 1365 2353 constat
1387 2297 1481 2364 itaque
1501 2297 1592 2365 mysti-

377 2384 554 2438 mundaretur
566 2387 747 2440 linimummo
755 2399 876 2452 ueroque
885 2387 967 2440 secri-
999 2400 1059 2441 cam
1085 2399 1211 2440 mensum
1241 2386 1277 2438 ab
1302 2384 1371 2451 ipsis
1397 2383 1590 2450 apostolorum

376 2470 438 2526 licio
450 2476 548 2524 cuncta
561 2470 695 2524 sacrificia
702 2470 769 2524 laisa
783 2471 966 2526 cesserunt.»l
998 2473 1169 2540 temporibus
1180 2477 1304 2528 uueamm
1314 2469 1400 2524 luisse
1410 2471 1589 2539 nemrim.»

409 2557 451 2610 lu.
465 2558 492 2608 S.
506 2556 622 2624 cyrillus
643 2557 842 2611 Alexandrinus
865 2576 903 2609 ια
925 2559 968 2611 ln·
999 2559 1058 2612 (lul.
1074 2558 1251 2625 bererepius,
1264 2556 1332 2609 cod.
1349 2569 1410 2609 can.
1422 2557 1495 2610 licei.
1507 2557 1589 2622 prim.

377 2647 518 2696 eruentem
541 2642 712 2696 celebramus
733 2642 761 2696 in
775 2643 904 2698 beclesiis
919 2657 966 2698 sa·
999 2647 1018 2698 l.
1033 2644 1052 2698 ii
1075 2659 1100 2698 c.
1120 2659 1147 2697 r.

374 2727 469 2783 criticii
487 2728 682 2783 servitutem.»
695 2727 706 2762 ²
1032 2729 1215 2785 annotetur
1225 2728 1249 2781 i.
1264 2741 1300 2784 ce
1309 2729 1451 2797 lucretia.
1463 2728 1591 2797 niturple

407 2816 451 2865 4¹.
465 2815 493 2865 s.
513 2813 660 2879 Gregorius
683 2816 795 2879 llapnus
814 2814 849 2867 de
871 2814 966 2868 cassio
999 2818 1128 2885 praeclara
1149 2820 1214 2870 sunt
1232 2822 1411 2869 monumenta
1425 2820 1543 2869 vetustae
1564 2821 1591 2868 ct

376 2898 511 2964 Episcopo
524 2897 666 2951 Narniensi
678 2897 744 2950 llicit
765 2913 772 2951 r
796 2919 808 2945 ι
826 2899 967 2963 Quotidia—
999 2904 1161 2961 uniuersalis
1173 2902 1235 2957 ndei
1254 2902 1290 2957 (le
1306 2915 1373 2958 vero
1390 2902 1525 2957 sacrilleio
1537 2904 1591 2955 nn·

375 2996 442 3037 num
465 2981 564 3037 ollerre
581 2990 760 3038 consueverat
782 2986 837 3039 lieo
861 2984 968 3039 sacrili-
998 2990 1158 3045 pharisaico.

376 3070 468 3133 cium.
495 3082 580 3135 seque
600 3070 636 3121 in
661 3070 787 3137 lacrymis
814 3070 887 3126 inter
906 3072 966 3137 ipsa
1031 3078 1073 3128 lt.
1084 3078 1111 3130 S.
1120 3075 1215 3131 iacobi
1228 3075 1455 3143 biturpia‚juxta
1465 3074 1589 3128 codicem

373 3155 570 3211 sacrificiorum
589 3168 686 3209 arcana
702 3157 847 3211 mactabat.
868 3176 882 3205 ι
902 3156 914 3191 ⁸
999 3175 1081 3230 quem
1098 3174 1156 3229 prae
1167 3162 1294 3215 manibus
1306 3160 1460 3213 babuerunt
1471 3160 1590 3213 editores

408 3243 450 3295 lt.
471 3244 580 3297 Fatetur
596 3242 743 3298 ll'erbesius
762 3246 854 3299 Patres
872 3244 967 3310 saepis·
998 3248 1173 3301 bibliotheca»
1190 3254 1314 3302 veterum
1337 3249 1460 3307 latrum,
1485 3247 1514 3298 in
1534 3258 1591 3299 ora·

375 3328 444 3382 simo
460 3328 551 3383 dicere
572 3328 661 3396 ipsum
688 3342 788 3397 corpus
810 3329 908 3384 christi
926 3330 967 3385 ol·
997 3335 1072 3389 tione
1085 3334 1167 3388 habet
1177 3336 1236 3387 haec
1248 3333 1374 3387 verber«
1388 3334 1469 3385 lleus.
1493 3368 1499 3380 .
1525 3369 1532 3384 .
1556 3369 1562 3383 .
1583 3370 1589 3381 .

376 3415 439 3469 lcrri
460 3421 487 3470 ct
500 3415 636 3470 immolari
653 3416 680 3467 in
698 3417 877 3481 eucharistia,
890 3417 966 3483 quod
999 3434 1033 3472 ne
1052 3419 1187 3474 averseris
1214 3431 1266 3472 nos
1293 3422 1474 3484 peccatores,
1491 3429 1590 3471 veren-

373 3502 474 3553 l'rustra
501 3506 616 3554 conatur
645 3501 679 3555 ad
704 3502 829 3555 latiorem
852 3515 965 3555 sensum
998 3505 1064 3557 dum
1089 3506 1142 3559 buc
1171 3509 1199 3558 et
1225 3504 1397 3557 incruentum
1426 3502 1590 3555 sacrificium

375 3586 515 3639 reducere.
532 3585 716 3651 ‘beverepius
728 3588 835 3638 latrum
853 3599 967 3640 cousen-
998 3595 1190 3651 attrectantes3
1215 3606 1231 3637 n
1249 3588 1324 3655 quod
1352 3586 1424 3654 apuu
1441 3586 1589 3641 Eusebium

375 3682 435 3723 sum
458 3669 558 3734 pariter
575 3674 691 3721 testatur
712 3690 718 3719 ι
743 3671 900 3725 «infinitus
924 3686 966 3726 cs·
998 3675 1197 3729 llerraudotlum
1218 3674 1468 3728 retribuendum
1488 3672 1589 3727 sacrifi·

375 3766 451 3816 sem,
482 3753 504 3805 si
533 3754 629 3807 omnia.
653 3766 686 3807 ex
708 3765 741 3809 eo
773 3756 964 3823 (Tertulliano)
998 3760 1070 3815 cium
1101 3762 1154 3815 boc
1187 3760 1328 3829 spirituale
1363 3764 1391 3813 et
1415 3760 1588 3813 incruentum

375 3837 491 3905 aliisque
512 3838 626 3891 secundi
643 3840 770 3907 ternique
790 3843 884 3897 saeeuli
897 3845 965 3897 sori·
997 3846 1178 3901 celebramus.
1192 3867 1205 3893 ι
1220 3846 1365 3908 Diaconos,
1381 3846 1458 3912 iusta
1469 3844 1589 3911 priorem

375 3922 500 3990 pluribus
519 3924 579 3977 loca
604 3926 834 3991 transcriberem,
863 3928 965 3995 quibus
997 3932 1138 3996 codicem,
1154 3932 1286 3997 populum
1298 3930 1333 3983 au
1352 3930 1532 3984 attentionem
1544 3941 1590 3981 ex·

375 4008 531 4076 hujusmodi
548 4021 630 4064 voces
647 4017 811 4078 occurrunt,
830 4025 908 4081 aeque
932 4028 964 4069 ac
997 4016 1062 4071 citat
1084 4031 1092 4069 r
1114 4016 1237 4070 «attenti
1265 4014 1351 4069 simus
1379 4014 1479 4070 dimuae
1513 4014 1589 4068 obla·

376 4096 402 4149 in
416 4094 567 4149 canonibus
587 4096 789 4161 apostolorum.
803 4098 901 4151 verum
925 4100 963 4153 in·
997 4100 1086 4165 tioni;
1107 4121 1120 4147 n
1140 4100 1168 4154 in
1184 4100 1269 4153 altero
1287 4099 1399 4153 codice:
1415 4112 1504 4154 «ecce
1517 4099 1590 4154 obla.

376 4181 480 4248 signem
498 4182 644 4237 Clementis
663 4183 775 4239 bomani
791 4185 881 4238 locum
897 4198 965 4253 prae·
998 4186 1037 4240 tiu
1058 4185 1191 4250 infertur,
1214 4190 1242 4239 ct
1265 4186 1396 4251 maiestas
1417 4186 1549 4241 exoritur.
1573 4202 1588 4232 n

376 4264 456 4319 rerire
476 4278 592 4332 nequeo.
638 4301 646 4317 .
683 4304 690 4319 .
727 4304 734 4318 .
771 4302 778 4321 .
806 4268 855 4322 sed
876 4269 965 4339 major
998 4273 1064 4327 Post
1087 4272 1228 4329 muntem
1242 4272 1421 4327 institutionis
1440 4273 1524 4341 buius
1546 4285 1589 4326 sa-

400 4526 426 4576 Η)
437 4523 460 4564 ¹¹·
469 4534 490 4563 ¹·
499 4523 524 4564 ‘¹‘
533 4524 574 4565 ⁶5¹·
583 4526 622 4566 Μ
632 4538 651 4566 ⁰·
660 4538 693 4567 ¹¹·
993 4544 1042 4587 very
1052 4532 1110 4587 body
1122 4534 1147 4576 ol
1158 4534 1231 4577 librist
1244 4535 1264 4577 is
1278 4534 1358 4577 oneret
1375 4535 1418 4578 erl
1437 4534 1552 4577 saeriflced
1567 4546 1589 4575 ru

400 4595 426 4644 (l)
439 4594 478 4647 Ep.
487 4594 514 4635 ed
522 4594 652 4636 Nestorium.
998 4601 1164 4655 lbeEucbarisi,
1171 4614 1196 4647 at
1206 4604 1225 4645 is
1234 4606 1292 4647 clear
1303 4605 1357 4645 lrom
1372 4605 1451 4647 almost
1465 4603 1591 4645 innumere—

400 4662 425 4715 (ὅ)
440 4661 522 4713 llialog.
534 4662 549 4702 l.
561 4662 588 4704 ir.
604 4676 623 4705 c.
641 4665 677 4706 lri.
997 4668 1031 4711 bic
1040 4681 1152 4725 passages.
1172 4688 1183 4711 ι
1200 4672 1280 4717 Forbes
1288 4674 1478 4716 considerationes
1488 4674 1589 4715 llcrlcstte

402 4731 447 4783 (mc
460 4731 504 4772 The
521 4730 570 4785 bolp
587 4732 676 4775 latiora
685 4744 735 4792 very
745 4733 801 4779 ouer
818 4746 855 4789 sup
872 4737 918 4779 lbet
926 4738 964 4781 tbe
997 4740 1010 4780 l.
1018 4737 1051 4781 iii.
1063 4751 1083 4781 c.
1092 4740 1108 4781 i.
1119 4753 1142 4795 p.
1152 4747 1196 4785 til.
1205 4744 1264 4799 apud
1273 4743 1404 4790 Osonientea
1415 4749 1469 4787 treet
1487 4750 1511 4787 at
1519 4756 1534 4798 p
1543 4749 1588 4786 tta.
