3792 5550
660 562 729 615 CAP.
749 566 777 617 V.
796 568 837 620 bn
856 568 996 619 bblvnvb
1019 568 1220 625 hhvhtltorttt.
1470 569 1518 619 ost

306 680 335 727 et
349 680 476 740 parentes
497 689 529 729 ea
547 684 620 745 rata,
639 684 682 735 vel
706 684 781 738 irrita
807 686 896 741 iacere
930 688 977 753 qui
994 687 1063 740 duas
1080 690 1204 742 noscitur
1214 685 1326 740 duxisse
1341 696 1457 746 uxores,
1468 684 1518 735 La·

306 772 387 825 posse
402 776 408 811 :
426 761 603 816 nihilominus
622 768 649 818 S.
667 768 713 821 bei
730 771 849 823 Ecclesia
863 786 895 825 ex
927 766 1518 837 mech,peccatimeritoaPatribusarguitur.

299 846 461 911 iustissimis
479 850 568 901 causis
581 851 626 904 illa
639 866 749 921 semper
760 857 894 912 detestata
931 876 943 903 v
962 858 1068 910 Primus
1084 858 1201 911 Lamech
1221 855 1384 909 maledictus
1408 858 1436 905 et
1455 866 1519 904 san-

306 937 348 983 esl
367 936 447 997 elque
460 936 631 999 prohibuit.»
648 938 656 971 ¹
669 942 764 993 Postea
782 942 895 996 Ludovi·
928 941 1078 1007 grinarius,
1092 942 1402 1007 »inquitllieronymus
1414 958 1426 983 α
1436 950 1518 989 unam
1568 986 1572 994 .

303 1028 354 1069 cus
371 1017 438 1067 lllll.
462 1020 553 1073 edicto
575 1024 649 1089 regio
662 1025 809 1081 declaravit
820 1027 894 1080 irrita
928 1032 1033 1078 costam
1052 1026 1145 1079 divisit
1165 1027 1193 1078 in
1206 1027 1290 1087 duas;
1305 1030 1333 1077 et
1353 1022 1518 1089 plantarium

306 1114 366 1153 csse
381 1102 409 1153 in
421 1108 478 1157 toto
496 1106 642 1162 Galliarum
660 1123 745 1177 reguo
759 1124 902 1177 quaecum,
928 1111 1054 1178 digamiae
1067 1112 1192 1177 protinus
1208 1112 1303 1165 diluvii
1315 1123 1397 1177 poena
1407 1110 1519 1161 subver-

301 1192 895 1261 queattentarenturconjugiaaiiliisiamilias
927 1196 970 1249 tit.
984 1196 1184 1251 ›2⁸lvicolausl.
1198 1199 1300 1251 docet«
1307 1195 1434 1249 adulterii
1444 1193 1519 1259 bagi-

305 1271 411 1338 absque
422 1281 567 1340 parentum
577 1292 713 1333 consensu
729 1282 894 1337 :sedelocus
928 1282 1012 1345 tium,
1034 1283 1109 1348 quod
1125 1285 1244 1335 Lamech
1269 1282 1392 1336 omnium
1413 1280 1518 1345 primus

303 1358 473 1425 Gallicanus,
503 1376 553 1427 pro
578 1366 620 1417 sui
644 1368 766 1421 muneris
783 1370 893 1437 debito,
928 1367 957 1419 in
974 1368 1084 1421 duabus
1101 1370 1234 1422 uxoribus
1253 1365 1437 1433 perpetravit,
1450 1375 1516 1415 non·

307 1446 474 1511 reclamans,
495 1451 703 1515 explicationem
723 1468 772 1507 seu
791 1456 895 1523 mitiga.
927 1450 982 1503 nisi
1004 1452 1139 1517 sanguine
1169 1449 1269 1503 Christi
1297 1449 1430 1502 abolitum
1452 1444 1519 1497 exti-

307 1532 409 1583 tionem
426 1533 530 1587 decreti
545 1536 680 1602 obtinuit,
700 1554 753 1605 qua
772 1541 895 1595 declara·
928 1534 1006 1587 iisse·
1018 1534 1056 1582 »Β

303 1614 383 1668 batur
392 1614 463 1669 illud
481 1620 688 1687 intelligendum
701 1626 735 1679 de
752 1625 895 1681 effectibus
961 1621 1004 1671 ⁴9·
1022 1620 1157 1671 Abraham
1169 1632 1202 1671 ex
1220 1618 1267 1671 1)θὶ
1283 1616 1393 1670 famulis
1413 1614 1518 1681 Primus

302 1706 407 1753 tantum
440 1704 577 1759 civilibus.
612 1709 766 1775 iurisperiti
802 1717 895 1766 tamen
928 1704 1053 1757 noscitur
1073 1705 1143 1756 duas
1162 1704 1278 1756 duxisse
1295 1715 1421 1755 uxores:
1444 1702 1518 1752 Sarae

299 1786 394 1841 Gallici
404 1790 573 1844 recentiores
586 1794 735 1860 plerique«
748 1797 894 1863 docebant,
928 1790 1120 1855 euimconJugi
1128 1788 1258 1841 suadenti
1266 1801 1370 1840 morem
1380 1785 1475 1853 gessit,
1483 1784 1518 1835 ad

303 1870 345 1923 sio
357 1872 382 1926 vi
391 1874 500 1940 legum,
520 1877 616 1929 saltem
629 1878 655 1931 vi
669 1880 894 1946 iurisprudentiae
927 1875 998 1940 Agar
1012 1874 1139 1926 ancillam
1159 1873 1311 1939 ingressae.
1325 1872 1393 1922 lllud
1406 1868 1518 1922 nonnisi

301 1960 456 2011 constantis
470 1960 543 2013 irrita
554 1976 616 2016 esse
629 1977 660 2016 ea
671 1966 860 2030 matrimonia;
880 1989 892 2017 a
928 1960 984 2011 Deo
1002 1959 1137 2025 probante
1155 1957 1306 2023 contigisse
1328 1956 1448 2007 inierunt
1463 1968 1520 2006 mc-

304 2042 406 2107 qumus
432 2049 558 2100 essenon
584 2050 673 2115 ipsum
696 2052 742 2117 qur
765 2054 792 2106 ra
813 2054 895 2107 reteri
928 2044 1063 2097 ritoseeri
1077 2043 1257 2109 interpretes,
1271 2040 1445 2093 erraremus
1460 2038 1520 2104 aei·

302 2129 443 2193 Carriere,
458 2131 620 2187 ²miramur,
636 2138 713 2199 Quod
723 2139 757 2190 ad
770 2152 821 2192 nos
833 2154 894 2206 per.
927 2130 980 2182 bus
997 2130 1132 2182 Abraham
1144 2129 1299 2199 cumulatur
1311 2128 1339 2178 in
1351 2126 1436 2179 sacris
1447 2126 1520 2177 Scri·

303 2211 388 2278 tinet,
402 2215 478 2282 leges
503 2219 669 2273 hnrericanae
687 2229 780 2276 vetant
800 2226 894 2278 matri·
927 2214 1031 2281 pturis,
1049 2220 1077 2267 θῑ
1095 2227 1127 2267 ex
1146 2213 1367 2280 ¹1¹ll⁸>²i³si⁰<ll¹⁰d
1388 2211 1519 2277 0011]ΰὲῑο

303 2299 395 2353 monia
407 2301 560 2365 minorum,
574 2304 678 2371 absque
690 2320 828 2363 consensu
846 2324 894 2377 pa.
928 2301 966 2353 illi
976 2300 1078 2367 duplici
1088 2301 1181 2352 inesse
1189 2300 1270 2351 docet
1281 2297 1440 2363 Apostolus.
1450 2296 1519 2348 ilinc

303 2394 425 2448 rentum,
448 2391 491 2444 vel
510 2396 652 2457 tutorum,
679 2396 806 2462 gravibus
835 2400 894 2465 ple·
927 2386 1036 2441 occasio
1055 2392 1114 2439 orta
1133 2391 1176 2438 cst
1185 2383 1343 2450 inquirendi
1358 2390 1451 2435 utrum
1461 2382 1520 2447 plu-

302 2485 419 2539 rumque
440 2476 528 2540 poenis
553 2478 638 2531 sacris
659 2480 792 2533 ministris
805 2483 893 2549 quiea
927 2473 998 2524 rium
1020 2485 1138 2525 Ulmum
1162 2470 1331 2523 ⁰0ss80rliu'111
1355 2470 1391 2520 ⁸³²
1414 2481 1464 2534 per
1488 2481 1519 2519 ὅθ

300 2559 517 2623 celebraverint,
541 2564 702 2625 intentatis,
725 2568 892 2633 saivalom,
926 2557 1047 2619 melum,
1066 2556 1110 2609 vel
1133 2570 1148 2607 2
1173 2559 1229 2607 ⁰0⁰
1249 2560 1330 2606 antea
1349 2552 1518 2619 lll0fflbi¹¹¹¹¹¹

299 2645 411 2710 vimque
424 2645 549 2699 obtinent
560 2648 642 2701 etiam
660 2650 876 2705 inf0r001v115,t
926 2642 1018 2705 tuerit,
1031 2642 1075 2693 vel
1084 2642 1158 2692 nulla
1173 2641 1233 2706 lege
1246 2638 1363 2691 naturali
1375 2639 1419 2690 vel
1428 2636 1519 2689 divina

927 2724 993 2778 olim
1012 2724 1142 2789 vetitum,
1158 2725 1262 2786 malum
1271 2724 1327 2786 jam
1337 2722 1470 2775 habeatur
1482 2722 1518 2774 ob

526 2820 630 2872 coppe
647 2821 676 2872 v,
927 2810 1027 2862 christi
1039 2810 1067 2862 in
1079 2823 1151 2864 nova
1160 2812 1231 2876 Lege
1248 2807 1471 2875 prohibitionem.
1482 2809 1519 2870 be

446 2898 449 2904 '
924 2897 987 2964 jnrc
1013 2903 1119 2950 naturae
1144 2897 1274 2964 primario
1302 2901 1330 2949 et
1354 2893 1518 2949 secundario

434 3003 465 3042 ne
478 3004 584 3045 uniri-rr
601 3007 758 3047 mmmm,
926 2983 1009 3036 etiam
1018 2984 1070 3036 hac
1079 2985 1225 3037 occasione
1235 2985 1307 3037 solet
1316 2981 1518 3049 inquirillobis

925 3070 1035 3124 videtur
1058 3085 1092 3122 ex
1114 3072 1178 3123 hdie
1197 3071 1306 3134 verbis,
1326 3069 1434 3121 Christo
1456 3067 1517 3133 ipso

334 3161 376 3212 48.
397 3159 490 3212 linitas
502 3161 665 3214 Matrimonii
685 3163 712 3214 in
726 3176 759 3216 eo
770 3164 822 3217 sita
835 3171 891 3229 est,
925 3161 1091 3228 interprete,
1104 3162 1171 3213 satis
1184 3168 1312 3214 constare
1328 3161 1445 3212 duorum
1454 3170 1519 3212 cou-

298 3245 375 3310 quod
395 3244 484 3298 foedus
501 3246 554 3299 hoc
569 3245 641 3299 inter
662 3261 747 3300 unum
761 3249 849 3303 virum
864 3257 892 3304 et
926 3248 1044 3299 sortium
1062 3245 1191 3297 maritum
1207 3247 1241 3297 ad
1257 3244 1413 3310 primariam
1427 3244 1519 3296 matri·

299 3344 383 3383 unam
397 3337 502 3383 tautum
520 3332 661 3385 foemiuam
679 3333 806 3398 ineatur,
821 3335 891 3389 adeo
926 3331 1012 3384 monii
1021 3331 1222 3383 institutionem
1232 3330 1342 3394 referri,
1356 3329 1473 3395 ideoque
1482 3329 1518 3382 ad

299 3421 331 3468 ut
343 3416 411 3468 nulli
418 3417 477 3470 viro
486 3417 566 3470 liceat
576 3418 659 3470 simul
669 3419 763 3485 plures
773 3419 891 3474 retinere
922 3416 969 3482 ius
982 3415 1106 3467 naturale
1117 3419 1144 3466 et
1157 3414 1294 3477 divinum,
1305 3421 1400 3479 utpote
1412 3422 1517 3466 naturae

299 3515 416 3568 uxores,
432 3505 556 3570 nullique
567 3506 686 3559 foeminae
704 3508 798 3572 plures
808 3507 890 3560 simul
925 3501 1075 3554 admodum
1094 3513 1262 3567 congruum,
1284 3506 1311 3553 et
1326 3513 1341 3552 a
1360 3501 1415 3553 beo
1432 3499 1519 3552 sanci-

300 3587 403 3642 habere
416 3593 540 3643 maritos.
558 3592 738 3658 Polyandria,
758 3606 807 3646 sou
829 3594 890 3658 plu·
925 3594 994 3642 tum.
1012 3590 1146 3640 Gaeterum
1159 3600 1215 3640 nou
1234 3587 1305 3639 inter
1323 3599 1369 3638 eas
1389 3598 1435 3638 res
1448 3585 1517 3638 illud

300 3673 372 3726 rium
388 3675 471 3727 simul
492 3676 615 3730 virorum
635 3678 827 3742 consuetudo,
847 3693 890 3732 re·
925 3675 1104 3742 reponimus,
1128 3689 1191 3741 qum
1219 3675 1294 3726 nulla
1325 3669 1518 3739 adjunctorum

299 3767 405 3828 pugnat
423 3776 472 3828 per
482 3776 513 3816 se
526 3765 867 3818 matrimoniisubstantiae
880 3781 887 3817 :
923 3761 1054 3816 varietate
1068 3762 1178 3827 possint
1189 3760 1309 3826 speciem
1321 3768 1441 3813 mutare:
1452 3771 1517 3811 nam

299 3844 393 3898 obstat
413 3847 486 3898 euim
505 3849 589 3913 prolis
607 3851 794 3915 generationi,
814 3851 890 3906 ideo·
924 3846 1049 3914 quemvis
1065 3847 1182 3911 plurima
1194 3860 1287 3898 secum
1302 3849 1390 3898 trahat
1412 3845 1519 3898 incom-

302 3943 356 3995 que
376 3943 425 3995 per
445 3945 475 3983 se
491 3933 574 3986 vetita
592 3935 719 3988 habenda
740 3944 791 3988 est.
814 3938 891 4003 Poly·
924 3932 1023 3995 moda,
1038 3937 1096 3982 tum
1117 3931 1209 3996 quoad
1228 3946 1345 3982 urorum
1363 3935 1517 3998 jura,tum

299 4015 393 4082 gemla
418 4016 602 4082 simultanea‚
637 4033 687 4072 seu
720 4021 891 4075 consortium
924 4018 1016 4084 quoad
1035 4016 1154 4068 tiliorum
1172 4017 1384 4081 educationem,
1402 4018 1518 4071 tinista-

301 4101 421 4166 plurium
439 4114 572 4165 uxorum,
591 4104 743 4170 quamvisa
761 4105 890 4172 primaria
923 4115 988 4154 men
1000 4101 1145 4168 primarius
1161 4103 1327 4155 matrimonii
1346 4109 1438 4169 potest
1448 4103 1518 4157 obti-

302 4188 459 4252 nuptiarum
478 4188 650 4242 institutione
669 4189 705 4242 sit
720 4190 827 4254 aliena,
840 4191 890 4244 ali·
924 4187 1000 4253 neri,
1015 4201 1114 4253 nempe
1126 4194 1156 4240 ut
1167 4197 1348 4254 procreentur
1365 4189 1427 4252 lilii,
1440 4189 1517 4243 ideo-

301 4274 412 4336 quando
422 4282 513 4328 tamen
525 4275 598 4328 licita
609 4275 770 4328 habebatur.
783 4275 889 4329 Primus
924 4288 988 4341 que,
1001 4273 1048 4328 bei
1058 4273 1143 4328 vetito
1159 4272 1278 4339 sublato,
1294 4274 1447 4341 polygamiae
1460 4287 1517 4328 non

326 4556 419 4608 (tJSeso
426 4558 480 4599 uir.
492 4571 540 4611 cap.
550 4560 564 4600 i.
574 4560 599 4600 de
608 4561 647 4600 rel.
656 4561 706 4602 liat.
926 4559 1034 4610 marriage
1043 4559 1068 4598 ol
1075 4559 1156 4598 minore
1165 4557 1183 4599 ie
1193 4563 1230 4598 not
1238 4557 1341 4610 requisita
1354 4564 1376 4600 to
1384 4560 1420 4599 the
1428 4560 1516 4613 relidit!

327 4626 355 4678 (ἢ
366 4629 395 4669 lle
405 4631 453 4669 Met.
462 4629 502 4669 vol.
512 4630 527 4670 i.
537 4641 558 4681 p.
568 4631 598 4670 tii.
609 4631 628 4682 5.
642 4630 657 4670 i.
667 4643 715 4684 cap.
725 4630 748 4671 iii
765 4641 788 4683 p.
798 4635 841 4670 etr.
926 4631 951 4670 ol
959 4631 997 4670 the
1005 4629 1120 4680 marriage.
1131 4643 1141 4667 ι

277 4732 292 4759 3
329 4697 438 4746 (ollieot's
457 4700 643 4750 Commentario,
662 4701 704 4742 vol.
728 4700 751 4740 ii.
770 4700 817 4740 bec.
838 4699 893 4740 xxvi.
952 4698 1358 4750 (tiliolum.t.iv.purt.ll.p.ooo.

310 4765 371 4807 «The
391 4775 478 4810 corraent
495 4770 519 4808 ol
529 4775 616 4822 parents
634 4781 659 4810 or
680 4769 798 4822 guardiam
817 4775 838 4810 to
856 4769 893 4809 the
954 4773 982 4822 po)
997 4771 1062 4822 llesp.
1072 4769 1098 4808 ad
1108 4769 1207 4810 consultu
1219 4769 1359 4820 Bulgnrorum
1370 4774 1434 4810 mot.
