3792 5550
379 548 446 598 its·
659 543 772 595 tuter.
791 540 848 592 lllll
871 541 896 590 Ρ.
919 539 952 588 ll.
965 538 1008 589 [tlt
1026 535 1132 588 MISSAE
1150 531 1341 584 sucutrtclo.
1393 499 1397 508 Ι

383 661 516 713 dedecor
534 662 666 720 servetur,
678 666 705 711 et
718 671 815 712 eorum
833 669 896 722 quae
907 655 972 708 sab·
1005 665 1078 718 aegre
1093 648 1226 716 iudicabit
1248 661 1311 714 quae
1327 649 1418 700 cultus
1443 645 1515 697 ratio
1540 644 1597 710 pios

382 747 465 800 misse
486 751 513 799 ct
540 745 634 811 lingua
652 757 728 796 sacra
746 744 889 803 dicuntur,
901 740 973 793 noti·
1005 736 1089 790 animi
1104 734 1218 788 allectus
1235 734 1324 800 magis
1340 733 1449 786 excitet.
1464 732 1597 784 Caeterum

382 832 466 884 tiaet
484 830 671 896 interpretatio
695 829 769 882 lideli
793 827 895 894 populo
916 838 972 878 non
1005 824 1133 877 desinant
1155 823 1276 888 ignotam
1303 823 1428 886 linguam
1450 818 1535 873 uobis
1553 817 1598 870 olt-

381 919 467 979 desit;
496 924 577 983 atque
603 924 676 971 certe
701 930 774 970 nunc
794 915 860 967 nihil
889 914 917 965 in
938 926 972 966 eo
1001 911 1105 977 jicere,
1125 923 1212 975 ouum
1229 907 1316 960 Latini
1338 905 1481 959 idiomatis
1504 904 1599 957 notitia

382 1017 481 1071 genere
496 1001 647 1056 desiderari
666 1007 770 1068 potest,
785 1015 817 1054 ex
830 1011 972 1066 quocom-
1006 997 1042 1048 sit
1066 996 1136 1048 adeo
1166 993 1284 1057 diffusa,
1305 998 1333 1046 et
1354 994 1480 1058 ipsarum
1502 1003 1599 1044 vocum

384 1091 474 1154 plnres
502 1088 587 1140 libelli
616 1086 755 1140 vernaculi
777 1085 922 1152 prodiere,
943 1082 972 1133 in
1005 1081 1095 1134 versio
1122 1080 1247 1146 plurimis
1270 1078 1368 1141 libris,
1395 1077 1443 1142 qui
1472 1076 1600 1128 manilius
1704 1090 1705 1101 ¹

316 1169 318 1174 '
383 1173 482 1238 colons
502 1175 594 1226 Caum
622 1173 711 1226 Missae
734 1176 760 1224 et
783 1169 915 1237 quidquid
938 1169 972 1220 ad
1006 1167 1127 1220 lidelium
1138 1170 1271 1227 teruntur,
1285 1164 1469 1218 contineatur.
1490 1161 1503 1195 ⁴

380 1259 567 1316 rerndiviuam
585 1259 712 1325 pertinet,
726 1257 834 1310 aliunde
856 1255 973 1321 explica·
1039 1253 1097 1305 tot.
1116 1251 1175 1315 otj.
1197 1253 1224 1302 l.
1251 1252 1373 1302 ioannes
1390 1249 1459 1300 lllll.
1486 1246 1600 1299 indulsit
1638 1292 1641 1297 .

384 1351 435 1396 tur.
457 1365 468 1390 o
490 1343 498 1377 ¹
1006 1338 1137 1404 illyricis,
1150 1338 1253 1390 saeculo
1265 1349 1351 1399 nouo,
1361 1340 1391 1388 ut
1408 1337 1492 1387 Sacra
1505 1333 1601 1386 tierent

417 1431 474 1482 liiii.
488 1429 546 1495 Odj.
562 1431 586 1480 5.
603 1431 694 1494 Longe
709 1428 846 1493 acceptior
864 1431 917 1481 lieo
935 1429 973 1481 io
1006 1424 1099 1490 lingua
1119 1424 1282 1486 vernacula,
1295 1423 1372 1488 quod
1386 1425 1415 1474 et
1435 1419 1600 1473 stneuslous

383 1521 423 1568 ret
435 1515 524 1567 cultus
539 1514 566 1565 in
579 1525 634 1578 prro
648 1512 743 1564 fideles
754 1525 851 1565 omnes
860 1513 974 1566 vocilius
1007 1513 1105 1563 Paulus
1117 1513 1147 1562 V.
1162 1510 1309 1563 concessit.

381 1602 631 1665 conjungerentur,
654 1611 736 1664 quant
757 1598 801 1650 ille
822 1599 868 1664 qui
886 1600 974 1652 asolo
1042 1599 1099 1648 155.
1114 1597 1192 1660 desp.
1212 1597 1265 1646 lles
1278 1594 1381 1660 pendet
1394 1597 1451 1646 tota
1466 1606 1501 1645 ex
1515 1591 1602 1644 Eccle
1704 1624 1705 1641 2

381 1685 542 1746 sacerdote,
560 1686 654 1750 ignota
677 1683 769 1750 lingua
782 1723 789 1746 ,
808 1689 974 1749 praestatur,
1007 1681 1056 1735 siae
1065 1681 1179 1748 judicio,
1190 1694 1240 1747 pro
1251 1682 1376 1734 locorum
1388 1686 1601 1744 temporumque
1704 1712 1705 1757 3

381 1771 487 1824 caeteris
505 1770 594 1822 otiose
608 1770 807 1834 spectantibus.
1007 1769 1144 1822 varietate.
1160 1768 1272 1835 illyricis
1290 1768 1402 1834 quidem
1421 1778 1523 1819 recens
1541 1776 1601 1817 cou-

417 1859 473 1908 l5l.
492 1858 570 1921 llere.
586 1857 656 1908 Deris
677 1856 760 1908 corde
783 1855 870 1921 magis
892 1869 974 1920 quam
1006 1856 1094 1908 versis
1107 1856 1142 1908 ad
1161 1855 1245 1908 iidem
1263 1855 1415 1921 aliquando
1436 1863 1599 1905 concessum

383 1955 449 1995 roco
461 1941 576 2004 colitur,
593 1941 675 1994 corde
689 1946 780 1992 autem
797 1953 894 1993 omnes
911 1939 975 1992 fide·
1006 1947 1066 2003 est,
1080 1945 1110 1993 ut
1122 1941 1253 1994 idiomate
1273 1941 1349 2006 quod
1362 1941 1475 1991 Siarum
1495 1936 1600 1989 literale

382 2029 422 2080 les
439 2026 577 2080 Sacrificio
597 2027 737 2078 adstantes
749 2027 952 2091 conjunguntur
965 2039 971 2075 :
1005 2030 1114 2090 vocant,
1127 2028 1208 2078 Sacra
1224 2025 1332 2088 tierent,
1344 2023 1495 2090 Evangelio
1508 2028 1600 2074 tamen

382 2112 455 2176 duod
475 2111 546 2164 enirn
568 2111 597 2162 iit
616 2115 735 2172 norunt,
755 2115 783 2162 et
800 2110 833 2162 ad
854 2109 921 2161 illud
934 2110 973 2161 si·
1005 2110 1099 2163 Latine
1118 2111 1266 2176 praelecto,
1282 2111 1293 2144 ⁸
1311 2109 1441 2176 quamvis
1454 2109 1482 2160 id
1503 2106 1601 2172 impri-

382 2196 438 2247 mul
458 2209 520 2248 cum
544 2194 687 2246 sacerdote
714 2192 906 2258 offerendum,
928 2195 973 2259 pia
1006 2195 1058 2247 mis
1083 2195 1308 2261 ipscvctuisset.
1335 2194 1477 2248 ‘alicubi
1505 2198 1600 2246 tamen

382 2280 464 2332 animi
490 2277 646 2342 voluntate,
665 2280 766 2344 saepius
786 2279 942 2334 invitantur.
962 2281 972 2314 ²
1005 2281 1102 2333 eodem
1116 2281 1260 2345 idiomate,
1280 2281 1356 2347 quod
1372 2280 1496 2346 alingua
1508 2290 1600 2332 verua-

382 2364 457 2427 Quod
477 2370 566 2416 autem
581 2364 639 2430 ipsa
657 2377 719 2429 uuae
732 2365 972 2430 proterunturvcr·
1004 2367 1067 2418 cula
1089 2366 1237 2418 admodum
1261 2365 1375 2429 dillert,
1396 2367 1481 2417 Sacra
1510 2363 1599 2415 adhuc

382 2450 416 2501 lia
429 2461 485 2502 uon
497 2461 593 2502 omnies
607 2450 768 2517 intelligant,
788 2463 843 2504 non
862 2452 969 2504 obstat:
1004 2450 1073 2503 fiunt
1084 2464 1117 2504 ex
1129 2452 1208 2505 venia
1228 2451 1264 2503 ab
1286 2449 1448 2503 innocentio
1465 2450 1507 2501 lil.
1519 2449 1597 2501 iacta.

382 2545 466 2596 uuum
487 2532 560 2585 enim
578 2547 622 2586 res
634 2534 695 2600 ipsa
707 2534 891 2600 intelligatur,
916 2540 970 2588 tota
1004 2536 1110 2589 Saeculo
1121 2536 1269 2590 undecimo
1284 2536 1400 2588 incultas
1414 2541 1458 2588 est
1473 2539 1598 2588 revocata

382 2617 464 2668 animi
480 2617 594 2698 intentio
608 2619 642 2671 ad
655 2620 791 2672 Christum
804 2621 831 2672 in
842 2622 971 2687 mysterio
1004 2619 1141 2673 pontificis
1160 2621 1304 2673 Alexandri
1321 2621 1354 2671 ll.
1368 2620 1554 2683 auctoritate,
1566 2618 1598 2670 alt

382 2701 505 2755 oblatum
518 2702 652 2768 dirigitur,
660 2709 694 2756 vcl
704 2719 799 2770 preces
812 2719 826 2758 a
838 2706 951 2772 singulis
963 2745 969 2770 ,
1003 2707 1159 2771 apostolico
1173 2707 1286 2772 Legata,
1297 2705 1421 2759 Concilio
1432 2705 1531 2758 habito
1542 2703 1599 2769 Epi·

381 2797 431 2849 pro
444 2788 576 2852 cuiusque
593 2789 738 2843 devotione
758 2796 786 2843 et
797 2792 970 2854 necessitate,
1004 2804 1150 2855 scoporum
1163 2792 1302 2843 lialmatiae
1318 2798 1345 2843 et
1357 2790 1486 2845 croatiae.
1503 2791 1597 2842 Siuen·

382 2868 541 2921 funduntur.
557 2874 635 2937 Saepe
647 2874 790 2939 contingit,
803 2880 898 2927 orante
910 2889 971 2929 ver·
1004 2876 1081 2928 silius
1094 2877 1131 2929 ob
1144 2876 1245 2943 liuguae
1262 2876 1454 2929 difficultatem
1472 2876 1502 2928 id
1518 2876 1597 2929 etiam

382 2953 478 3003 nacula
504 2954 595 3019 lingua
624 2954 765 3018 ministro,
789 2964 893 3011 tantum
916 2965 971 3012 stn-
1005 2974 1176 3014 eoncessum.
1192 2964 1245 3016 sed
1259 2964 1390 3016 nonideo
1410 2962 1598 3015 immutandus

382 3036 457 3087 diurn
477 3036 504 3088 in
528 3038 690 3092 accuratiori
711 3045 738 3092 et
758 3043 917 3107 elegantiori
936 3045 972 3097 le·
1004 3052 1047 3099 est
1066 3052 1190 3101 vetustus
1213 3050 1281 3102 ritus
1301 3062 1317 3101 a
1342 3050 1454 3101 saeculis
1473 3046 1598 3114 plurimis

383 3120 465 3186 gendi
479 3128 506 3174 et
518 3124 712 3187 pronuntiandi
731 3126 835 3179 ratione
854 3128 928 3193 poni,
941 3136 972 3182 ul
1005 3132 1132 3185 inductus
1153 3140 1181 3186 et
1197 3140 1315 3187 emtutus
1341 3136 1415 3202 apud
1438 3140 1528 3187 totam
1554 3135 1597 3186 dc·

381 3206 416 3259 ad
439 3209 588 3273 populum,
609 3209 696 3275 magis
714 3224 795 3275 quam
827 3212 861 3265 ad
885 3216 970 3267 deum
1005 3217 1127 3271 clesiam.

381 3292 484 3346 directa
497 3294 621 3347 videatur
640 3296 729 3349 oratio
743 3313 748 3360 3
763 3299 972 3369 quamaudirrnt
1039 3304 1096 3354 tot.
1120 3302 1180 3367 opj,
1201 3306 1227 3355 a.
1246 3304 1323 3368 opud
1341 3306 1451 3356 ueteres
1471 3301 1598 3368 Litdrgiae

381 3377 505 3444 Plerique
524 3380 676 3443 eutimius,
688 3394 750 3434 cum
763 3382 894 3448 gravitate
906 3398 971 3449 qua·
1005 3392 1100 3457 paucis
1116 3392 1215 3459 linguis
1228 3398 1345 3445 exaratae
1363 3398 1448 3454 suut,
1468 3391 1534 3457 quia
1547 3391 1598 3456 ple·

382 3463 445 3513 dam
458 3469 485 3515 el
497 3464 663 3527 reverentia,
677 3465 725 3516 sed
738 3472 829 3518 menie
841 3468 875 3519 ad
887 3471 970 3521 Deum
1004 3489 1098 3541 raeque
1112 3483 1207 3543 gentes
1229 3478 1360 3529 idiomate
1378 3488 1436 3529 non
1451 3476 1598 3529 utebantur

380 3546 425 3637 vire
438 3552 540 3599 evecta.
566 3548 688 3599 Pericula
707 3548 776 3601 iacto
796 3558 897 3603 uerunt
918 3560 971 3603 au·
1005 3561 1039 3613 ad
1062 3566 1152 3614 cenas
1169 3562 1301 3627 loquendi
1322 3568 1349 3614 er
1362 3562 1509 3614 scribendi
1526 3562 1598 3627 leges

381 3628 480 3693 ghfflssi
498 3643 578 3693 (luam
602 3642 698 3693 darum
716 3630 823 3687 f0V0³¹¹²
842 3634 970 3697 dietatem
1004 3646 1157 3710 composito
1170 3661 1177 3696 ε
1192 3660 1244 3699 uec
1263 3646 1337 3699 euim
1352 3647 1466 3709 italica,
1480 3646 1597 3705 Gallica,

381 3713 504 3765 formulae
522 3714 591 3776 illae,
613 3715 711 3779 quihus
735 3716 874 3771 adstantes
893 3719 971 3773 lami·
1004 3730 1178 3795 Germanica,
1200 3732 1316 3796 aliaeque
1333 3734 1453 3797 Europae
1481 3731 1598 3796 liuguae,

298 3843 304 3850 .
381 3795 463 3847 liares
476 3797 558 3860 sacti,
571 3798 727 3863 fastidium,
747 3802 913 3869 laetlissmtluc
925 3820 971 3859 cc-
1004 3815 1057 3867 nisi
1075 3800 1228 3869 recentiori
1244 3830 1304 3870 aere
1329 3818 1449 3870 eacultae
1472 3822 1554 3877 sunt,
1572 3822 1600 3865 ut

381 3880 439 3975 lise
456 3881 529 3935 haud
547 3890 651 3936 curant.
664 3884 675 3917 ⁸
694 3884 862 3954 Quicumque
875 3892 971 3946 Gallio
1004 3900 1071 3953 nihil
1086 3900 1210 3954 dicamus
1222 3903 1257 3954 de
1270 3902 1400 3969 gentibus
1412 3915 1528 3968 prorsus
1539 3900 1600 3952 har

368 3966 496 4061 ¹¹¹0⁰¹J⁰m
520 3975 639 4064 Poeiflfflr
664 3970 691 4023 5¹¹
718 3972 876 4027 ⁸⁰¹0m111'0li
901 3991 972 4043 lllae·
1006 3986 1090 4038 baris.
1107 3989 1167 4038 lam
1191 4001 1256 4041 vcro
1280 3988 1382 4054 linguis
1400 3988 1544 4054 plerisque
1566 3984 1599 4037 ad

383 4057 477 4105 selum
494 4055 582 4107 Mlssae
598 4061 673 4121 Parte
687 4095 694 4121 2
715 4058 882 4126 inspexerit,
900 4063 972 4117 haud
1008 4079 1111 4126 tautam
1124 4073 1319 4137 perlectionem
1330 4074 1463 4126 adductis
1474 4111 1483 4137 ,
1495 4084 1564 4138 quas
1575 4076 1600 4121 ot

408 4332 433 4381 ll,
444 4333 535 4384 System:
549 4337 623 4377 Theoi.
635 4348 657 4390 p.
671 4344 715 4380 itit.
1006 4364 1098 4393 sermon.
1112 4367 1121 4388 r
1133 4352 1213 4406 Bishop
1227 4354 1307 4394 lloroe.

408 4399 434 4475 (i)
448 4413 458 4436 r
472 4401 527 4441 Cher
542 4415 613 4455 noua,
633 4406 686 4446 c’est
702 4408 882 4462 leeacrificequi
903 4422 936 4455 est
952 4418 971 4459 le
1030 4423 1057 4470 (t)
1072 4435 1080 4455 ι
1097 4420 1129 4461 On
1140 4432 1166 4461 ne
1174 4433 1234 4461 cesae
1243 4422 1270 4461 de
1281 4432 1338 4460 nous
1347 4422 1424 4473 parler
1433 4423 1553 4475 nemnem
1571 4422 1602 4460 ἱπ-

384 4467 557 4519 rerrtahleculte,
567 4477 614 4512 tout
632 4474 652 4513 le
670 4481 766 4517 recteest
781 4481 923 4522 occansonem
942 4488 970 4527 lie
1005 4499 1097 4535 cannae,
1107 4500 1189 4528 comme
1206 4490 1240 4529 a’ll
1257 4490 1368 4539 s'agissart
1387 4491 1415 4530 de
1434 4491 1456 4531 la
1466 4492 1546 4543 tangue
1559 4488 1603 4530 clri-

384 4535 477 4574 Malslte·
1004 4555 1072 4604 uoise,
1085 4566 1112 4593 ou
1126 4556 1280 4595 sauseredane.
1299 4558 1347 4596 ulie
1357 4558 1455 4599 iluistre.

409 4602 459 4653 (clu
474 4603 531 4655 They
541 4616 577 4646 ore
595 4607 726 4660 indifferent,
736 4622 786 4651 eren
802 4624 830 4653 on
847 4628 858 4655 o
879 4618 974 4674 Sundup,
1033 4622 1059 4672 (a)
1072 4622 1110 4673 Ep.
1120 4634 1153 4661 xc.
1163 4624 1189 4663 ud
1200 4623 1338 4664 llethodium.

386 4676 406 4709 to
416 4669 452 4708 the
466 4682 554 4725 propert
572 4675 597 4714 ol
609 4676 645 4715 the
661 4678 756 4729 doureh,
772 4680 843 4723 unless
861 4686 920 4727 thore
933 4690 973 4729 isa
1035 4692 1060 4741 (o)
1074 4691 1113 4741 Ep.
1126 4691 1174 4731 cvii
