<?xml version="1.0" encoding="UTF-8"?>
<!DOCTYPE html PUBLIC "-//W3C//DTD XHTML 1.0 Transitional//EN"
    "http://www.w3.org/TR/xhtml1/DTD/xhtml1-transitional.dtd">
<html xmlns="http://www.w3.org/1999/xhtml" xml:lang="en" lang="en">
 <head>
  <title>
</title>
<meta http-equiv="Content-Type" content="text/html;charset=utf-8" />
  <meta name='ocr-system' content='tesseract 3.04.00' />
  <meta name='ocr-capabilities' content='ocr_page ocr_carea ocr_par ocr_line ocrx_word'/>
</head>
<body>
  <div class='ocr_page' id='page_1' title='image "./theologiadogmat02kenrgoog_0298.png"; bbox 0 0 3792 5550; ppageno 0'>
   <div class='ocr_carea' id='block_1_1' title="bbox 357 468 1223 530">
    <p class='ocr_par' dir='ltr' id='par_1_1' title="bbox 357 468 1223 530">
     <span class='ocr_line' id='line_1_1' title="bbox 357 468 1223 530; baseline -0.008 -1"><span class='ocrx_word' id='word_1_1' title='bbox 357 477 407 530; x_wconf 69' lang='lat'>284</span> <span class='ocrx_word' id='word_1_2' title='bbox 724 474 839 526; x_wconf 77' lang='lat' dir='ltr'>TRACT.</span> <span class='ocrx_word' id='word_1_3' title='bbox 857 473 911 527; x_wconf 72' lang='lat' dir='ltr'>XV.</span> <span class='ocrx_word' id='word_1_4' title='bbox 927 473 968 522; x_wconf 83' lang='lat' dir='ltr'>DE</span> <span class='ocrx_word' id='word_1_5' title='bbox 986 468 1223 522; x_wconf 77' lang='lat' dir='ltr'>lubuuuuurlls.</span> 
     </span>
    </p>
   </div>
   <div class='ocr_carea' id='block_1_2' title="bbox 358 587 1583 1427">
    <p class='ocr_par' dir='ltr' id='par_1_2' title="bbox 358 587 1583 1349">
     <span class='ocr_line' id='line_1_2' title="bbox 359 587 1581 659; baseline -0.002 -13"><span class='ocrx_word' id='word_1_6' title='bbox 359 595 447 659; x_wconf 84' lang='lat' dir='ltr'>Quum</span> <span class='ocrx_word' id='word_1_7' title='bbox 467 594 567 646; x_wconf 85' lang='lat' dir='ltr'>Paulus</span> <span class='ocrx_word' id='word_1_8' title='bbox 579 605 642 646; x_wconf 89' lang='lat' dir='ltr'>eum</span> <span class='ocrx_word' id='word_1_9' title='bbox 657 593 778 644; x_wconf 90' lang='lat' dir='ltr'>incestus</span> <span class='ocrx_word' id='word_1_10' title='bbox 789 604 866 642; x_wconf 92' lang='lat' dir='ltr'>reunr</span> <span class='ocrx_word' id='word_1_11' title='bbox 879 601 951 642; x_wconf 90' lang='lat' dir='ltr'>com·</span> <span class='ocrx_word' id='word_1_12' title='bbox 985 599 1065 640; x_wconf 88' lang='lat' dir='ltr'>ruere</span> <span class='ocrx_word' id='word_1_13' title='bbox 1077 587 1221 640; x_wconf 89' lang='lat' dir='ltr'>sinentis.</span> <span class='ocrx_word' id='word_1_14' title='bbox 1250 623 1258 638; x_wconf 90' lang='lat'>.</span> <span class='ocrx_word' id='word_1_15' title='bbox 1287 625 1293 638; x_wconf 91' lang='lat'>.</span> <span class='ocrx_word' id='word_1_16' title='bbox 1323 623 1330 638; x_wconf 91' lang='lat'>.</span> <span class='ocrx_word' id='word_1_17' title='bbox 1358 587 1478 654; x_wconf 88' lang='lat' dir='ltr'>hincque</span> <span class='ocrx_word' id='word_1_18' title='bbox 1494 590 1581 644; x_wconf 90' lang='lat' dir='ltr'>doce-</span> 
     </span>
     <span class='ocr_line' id='line_1_3' title="bbox 360 673 1582 744; baseline -0.004 -10"><span class='ocrx_word' id='word_1_19' title='bbox 360 681 491 734; x_wconf 89' lang='lat' dir='ltr'>munione</span> <span class='ocrx_word' id='word_1_20' title='bbox 506 679 634 733; x_wconf 84' lang='lat' dir='ltr'>Ecclesiae</span> <span class='ocrx_word' id='word_1_21' title='bbox 646 678 794 744; x_wconf 79' lang='lat' dir='ltr'>privasset,</span> <span class='ocrx_word' id='word_1_22' title='bbox 808 680 949 729; x_wconf 83' lang='lat' dir='ltr'>etsatauae</span> <span class='ocrx_word' id='word_1_23' title='bbox 986 687 1063 735; x_wconf 89' lang='lat' dir='ltr'>mur,</span> <span class='ocrx_word' id='word_1_24' title='bbox 1080 674 1154 740; x_wconf 84' lang='lat' dir='ltr'>quod</span> <span class='ocrx_word' id='word_1_25' title='bbox 1171 685 1228 726; x_wconf 88' lang='lat' dir='ltr'>nou</span> <span class='ocrx_word' id='word_1_26' title='bbox 1247 673 1337 727; x_wconf 91' lang='lat' dir='ltr'>solum</span> <span class='ocrx_word' id='word_1_27' title='bbox 1351 673 1385 726; x_wconf 89' lang='lat' dir='ltr'>ad</span> <span class='ocrx_word' id='word_1_28' title='bbox 1402 681 1582 741; x_wconf 88' lang='lat' dir='ltr'>peccatorum</span> 
     </span>
     <span class='ocr_line' id='line_1_4' title="bbox 361 759 1583 824; baseline -0.004 -5"><span class='ocrx_word' id='word_1_29' title='bbox 361 767 521 820; x_wconf 77' lang='lat' dir='ltr'>tradidisset</span> <span class='ocrx_word' id='word_1_30' title='bbox 539 766 566 817; x_wconf 91' lang='lat' dir='ltr'>iu</span> <span class='ocrx_word' id='word_1_31' title='bbox 587 763 725 816; x_wconf 90' lang='lat' dir='ltr'>interitum</span> <span class='ocrx_word' id='word_1_32' title='bbox 736 761 846 824; x_wconf 88' lang='lat' dir='ltr'>caruis,</span> <span class='ocrx_word' id='word_1_33' title='bbox 861 760 952 813; x_wconf 92' lang='lat' dir='ltr'>humi·</span> <span class='ocrx_word' id='word_1_34' title='bbox 985 762 1134 822; x_wconf 91' lang='lat' dir='ltr'>naturam,</span> <span class='ocrx_word' id='word_1_35' title='bbox 1159 771 1255 813; x_wconf 84' lang='lat' dir='ltr'>verum</span> <span class='ocrx_word' id='word_1_36' title='bbox 1283 759 1364 811; x_wconf 90' lang='lat' dir='ltr'>etiam</span> <span class='ocrx_word' id='word_1_37' title='bbox 1394 761 1429 812; x_wconf 93' lang='lat' dir='ltr'>ad</span> <span class='ocrx_word' id='word_1_38' title='bbox 1458 768 1583 814; x_wconf 82' lang='lat' dir='ltr'>mentem</span> 
     </span>
     <span class='ocr_line' id='line_1_5' title="bbox 359 843 1582 919; baseline -0.004 -14"><span class='ocrx_word' id='word_1_39' title='bbox 359 853 459 906; x_wconf 90' lang='lat' dir='ltr'>liatum</span> <span class='ocrx_word' id='word_1_40' title='bbox 470 853 525 919; x_wconf 88' lang='lat' dir='ltr'>jam</span> <span class='ocrx_word' id='word_1_41' title='bbox 544 855 571 903; x_wconf 87' lang='lat' dir='ltr'>et</span> <span class='ocrx_word' id='word_1_42' title='bbox 596 849 774 915; x_wconf 91' lang='lat' dir='ltr'>poeniteutem</span> <span class='ocrx_word' id='word_1_43' title='bbox 796 846 876 901; x_wconf 74' lang='lat' dir='ltr'>venia</span> <span class='ocrx_word' id='word_1_44' title='bbox 892 859 951 898; x_wconf 88' lang='lat' dir='ltr'>am·</span> <span class='ocrx_word' id='word_1_45' title='bbox 985 843 1164 909; x_wconf 87' lang='lat' dir='ltr'>habitumque</span> <span class='ocrx_word' id='word_1_46' title='bbox 1183 844 1357 910; x_wconf 89' lang='lat' dir='ltr'>peccantium</span> <span class='ocrx_word' id='word_1_47' title='bbox 1382 851 1508 912; x_wconf 80' lang='lat' dir='ltr'>oporteat</span> <span class='ocrx_word' id='word_1_48' title='bbox 1523 861 1582 901; x_wconf 90' lang='lat' dir='ltr'>mo·</span> 
     </span>
     <span class='ocr_line' id='line_1_6' title="bbox 359 928 1582 1006; baseline -0.006 -14"><span class='ocrx_word' id='word_1_49' title='bbox 359 939 484 1006; x_wconf 86' lang='lat' dir='ltr'>piissima</span> <span class='ocrx_word' id='word_1_50' title='bbox 507 936 636 997; x_wconf 84' lang='lat' dir='ltr'>donavit,</span> <span class='ocrx_word' id='word_1_51' title='bbox 650 949 733 988; x_wconf 85' lang='lat' dir='ltr'>orans</span> <span class='ocrx_word' id='word_1_52' title='bbox 753 934 848 987; x_wconf 85' lang='lat' dir='ltr'>fideles</span> <span class='ocrx_word' id='word_1_53' title='bbox 861 939 891 986; x_wconf 92' lang='lat' dir='ltr'>nt</span> <span class='ocrx_word' id='word_1_54' title='bbox 901 934 952 987; x_wconf 90' lang='lat' dir='ltr'>be·</span> <span class='ocrx_word' id='word_1_55' title='bbox 984 928 1075 981; x_wconf 90' lang='lat' dir='ltr'>derari</span> <span class='ocrx_word' id='word_1_56' title='bbox 1091 928 1292 994; x_wconf 76' lang='lat' dir='ltr'>poenitentiam.</span> <span class='ocrx_word' id='word_1_57' title='bbox 1308 950 1320 975; x_wconf 68' lang='grc' dir='ltr'><strong>υ</strong></span> <span class='ocrx_word' id='word_1_58' title='bbox 1334 929 1345 962; x_wconf 84' lang='lat'>²</span> <span class='ocrx_word' id='word_1_59' title='bbox 1357 930 1456 996; x_wconf 77' lang='lat' dir='ltr'>Liquet</span> <span class='ocrx_word' id='word_1_60' title='bbox 1467 933 1582 999; x_wconf 82' lang='lat' dir='ltr'>Chryso-</span> 
     </span>
     <span class='ocr_line' id='line_1_7' title="bbox 360 1016 1581 1092; baseline -0.005 -15"><span class='ocrx_word' id='word_1_61' title='bbox 360 1024 468 1092; x_wconf 90' lang='lat' dir='ltr'>nignins</span> <span class='ocrx_word' id='word_1_62' title='bbox 491 1036 554 1076; x_wconf 90' lang='lat' dir='ltr'>enm</span> <span class='ocrx_word' id='word_1_63' title='bbox 577 1023 720 1074; x_wconf 88' lang='lat' dir='ltr'>haherent.</span> <span class='ocrx_word' id='word_1_64' title='bbox 737 1041 749 1066; x_wconf 72' lang='grc' dir='ltr'>ε</span> <span class='ocrx_word' id='word_1_65' title='bbox 767 1018 870 1072; x_wconf 84' lang='lat' dir='ltr'>sufficit</span> <span class='ocrx_word' id='word_1_66' title='bbox 892 1018 949 1083; x_wconf 88' lang='lat' dir='ltr'>iili,</span> <span class='ocrx_word' id='word_1_67' title='bbox 985 1019 1106 1067; x_wconf 87' lang='lat' dir='ltr'>stonrum</span> <span class='ocrx_word' id='word_1_68' title='bbox 1120 1027 1235 1068; x_wconf 89' lang='lat' dir='ltr'>censere</span> <span class='ocrx_word' id='word_1_69' title='bbox 1253 1016 1414 1080; x_wconf 78' lang='lat' dir='ltr'>Apostolum</span> <span class='ocrx_word' id='word_1_70' title='bbox 1436 1018 1472 1069; x_wconf 89' lang='lat' dir='ltr'>de</span> <span class='ocrx_word' id='word_1_71' title='bbox 1493 1019 1581 1084; x_wconf 91' lang='lat' dir='ltr'>poeui·</span> 
     </span>
     <span class='ocr_line' id='line_1_8' title="bbox 360 1100 1579 1177; baseline -0.004 -14"><span class='ocrx_word' id='word_1_72' title='bbox 360 1110 407 1177; x_wconf 84' lang='lat' dir='ltr'>qui</span> <span class='ocrx_word' id='word_1_73' title='bbox 420 1108 555 1176; x_wconf 85' lang='lat' dir='ltr'>ejusmodi</span> <span class='ocrx_word' id='word_1_74' title='bbox 568 1108 791 1174; x_wconf 87' lang='lat' dir='ltr'>est,objnrgatio</span> <span class='ocrx_word' id='word_1_75' title='bbox 810 1106 869 1158; x_wconf 83' lang='lat' dir='ltr'>haec</span> <span class='ocrx_word' id='word_1_76' title='bbox 888 1116 950 1170; x_wconf 83' lang='lat' dir='ltr'>quae</span> <span class='ocrx_word' id='word_1_77' title='bbox 985 1100 1079 1152; x_wconf 84' lang='lat' dir='ltr'>tentiae</span> <span class='ocrx_word' id='word_1_78' title='bbox 1112 1100 1258 1154; x_wconf 86' lang='lat' dir='ltr'>severitate</span> <span class='ocrx_word' id='word_1_79' title='bbox 1285 1101 1389 1166; x_wconf 88' lang='lat' dir='ltr'>aliquid</span> <span class='ocrx_word' id='word_1_80' title='bbox 1420 1103 1579 1168; x_wconf 85' lang='lat' dir='ltr'>remisisse,</span> 
     </span>
     <span class='ocr_line' id='line_1_9' title="bbox 360 1185 1580 1261; baseline -0.005 -13"><span class='ocrx_word' id='word_1_81' title='bbox 360 1196 389 1248; x_wconf 85' lang='lat' dir='ltr'>ut</span> <span class='ocrx_word' id='word_1_82' title='bbox 406 1208 422 1247; x_wconf 88' lang='lat' dir='ltr'>a</span> <span class='ocrx_word' id='word_1_83' title='bbox 440 1195 583 1261; x_wconf 91' lang='lat' dir='ltr'>pluribus:</span> <span class='ocrx_word' id='word_1_84' title='bbox 603 1194 639 1246; x_wconf 89' lang='lat' dir='ltr'>ita</span> <span class='ocrx_word' id='word_1_85' title='bbox 658 1198 688 1245; x_wconf 89' lang='lat' dir='ltr'>ut</span> <span class='ocrx_word' id='word_1_86' title='bbox 707 1207 723 1246; x_wconf 90' lang='lat' dir='ltr'>e</span> <span class='ocrx_word' id='word_1_87' title='bbox 742 1190 879 1245; x_wconf 87' lang='lat' dir='ltr'>contrario</span> <span class='ocrx_word' id='word_1_88' title='bbox 892 1203 950 1242; x_wconf 92' lang='lat' dir='ltr'>ma·</span> <span class='ocrx_word' id='word_1_89' title='bbox 984 1185 1103 1251; x_wconf 88' lang='lat' dir='ltr'>ideoque</span> <span class='ocrx_word' id='word_1_90' title='bbox 1121 1185 1157 1238; x_wconf 89' lang='lat' dir='ltr'>de</span> <span class='ocrx_word' id='word_1_91' title='bbox 1181 1197 1262 1251; x_wconf 85' lang='lat' dir='ltr'>poena</span> <span class='ocrx_word' id='word_1_92' title='bbox 1288 1185 1324 1237; x_wconf 94' lang='lat' dir='ltr'>ob</span> <span class='ocrx_word' id='word_1_93' title='bbox 1349 1199 1434 1250; x_wconf 85' lang='lat' dir='ltr'>quam</span> <span class='ocrx_word' id='word_1_94' title='bbox 1449 1187 1580 1242; x_wconf 89' lang='lat' dir='ltr'>luendam</span> 
     </span>
     <span class='ocr_line' id='line_1_10' title="bbox 358 1271 1410 1349; baseline -0.01 -15"><span class='ocrx_word' id='word_1_95' title='bbox 358 1282 401 1349; x_wconf 86' lang='lat' dir='ltr'>gis</span> <span class='ocrx_word' id='word_1_96' title='bbox 420 1281 545 1342; x_wconf 91' lang='lat' dir='ltr'>donetis,</span> <span class='ocrx_word' id='word_1_97' title='bbox 563 1285 590 1332; x_wconf 88' lang='lat' dir='ltr'>et</span> <span class='ocrx_word' id='word_1_98' title='bbox 607 1278 805 1339; x_wconf 79' lang='lat' dir='ltr'>consolemini,</span> <span class='ocrx_word' id='word_1_99' title='bbox 829 1289 864 1328; x_wconf 91' lang='lat' dir='ltr'>no</span> <span class='ocrx_word' id='word_1_100' title='bbox 881 1275 950 1328; x_wconf 83' lang='lat' dir='ltr'>torte</span> <span class='ocrx_word' id='word_1_101' title='bbox 985 1271 1145 1337; x_wconf 87' lang='lat' dir='ltr'>poeuitentia</span> <span class='ocrx_word' id='word_1_102' title='bbox 1162 1277 1222 1325; x_wconf 90' lang='lat' dir='ltr'>erat</span> <span class='ocrx_word' id='word_1_103' title='bbox 1243 1271 1410 1338; x_wconf 88' lang='lat' dir='ltr'>peragenda.</span> 
     </span>
    </p>

    <p class='ocr_par' dir='ltr' id='par_1_3' title="bbox 359 1357 1580 1427">
     <span class='ocr_line' id='line_1_11' title="bbox 359 1357 1580 1427; baseline -0.015 -5"><span class='ocrx_word' id='word_1_104' title='bbox 359 1367 552 1422; x_wconf 78' lang='lat' dir='ltr'>abundantiori</span> <span class='ocrx_word' id='word_1_105' title='bbox 573 1366 681 1419; x_wconf 89' lang='lat' dir='ltr'>tristitia</span> <span class='ocrx_word' id='word_1_106' title='bbox 703 1363 883 1417; x_wconf 89' lang='lat' dir='ltr'>absorbeatur</span> <span class='ocrx_word' id='word_1_107' title='bbox 903 1361 951 1427; x_wconf 87' lang='lat' dir='ltr'>qni</span> <span class='ocrx_word' id='word_1_108' title='bbox 1019 1359 1059 1408; x_wconf 90' lang='lat' dir='ltr'>ll.</span> <span class='ocrx_word' id='word_1_109' title='bbox 1078 1357 1145 1409; x_wconf 89' lang='lat' dir='ltr'>ltem</span> <span class='ocrx_word' id='word_1_110' title='bbox 1164 1358 1405 1423; x_wconf 70' lang='lat' dir='ltr'>theophylactus:</span> <span class='ocrx_word' id='word_1_111' title='bbox 1431 1379 1444 1405; x_wconf 73' lang='grc' dir='ltr'><strong>α</strong></span> <span class='ocrx_word' id='word_1_112' title='bbox 1466 1361 1580 1417; x_wconf 65' lang='lat' dir='ltr'>Pulchre</span> 
     </span>
    </p>
   </div>
   <div class='ocr_carea' id='block_1_3' title="bbox 358 1443 1581 1952">
    <p class='ocr_par' dir='ltr' id='par_1_4' title="bbox 358 1443 1581 1776">
     <span class='ocr_line' id='line_1_12' title="bbox 359 1443 1581 1520; baseline -0.003 -14"><span class='ocrx_word' id='word_1_113' title='bbox 359 1453 497 1520; x_wconf 78' lang='lat' dir='ltr'>eiusmodi</span> <span class='ocrx_word' id='word_1_114' title='bbox 511 1458 562 1504; x_wconf 90' lang='lat' dir='ltr'>est.</span> <span class='ocrx_word' id='word_1_115' title='bbox 582 1489 589 1503; x_wconf 91' lang='lat'>.</span> <span class='ocrx_word' id='word_1_116' title='bbox 610 1489 617 1502; x_wconf 94' lang='lat'>.</span> <span class='ocrx_word' id='word_1_117' title='bbox 638 1490 644 1501; x_wconf 93' lang='lat'>.</span> <span class='ocrx_word' id='word_1_118' title='bbox 663 1450 712 1502; x_wconf 84' lang='lat' dir='ltr'>Cui</span> <span class='ocrx_word' id='word_1_119' title='bbox 735 1455 826 1501; x_wconf 89' lang='lat' dir='ltr'>autem</span> <span class='ocrx_word' id='word_1_120' title='bbox 848 1447 951 1512; x_wconf 85' lang='lat' dir='ltr'>aliquid</span> <span class='ocrx_word' id='word_1_121' title='bbox 984 1447 1075 1495; x_wconf 84' lang='lat' dir='ltr'>eutem</span> <span class='ocrx_word' id='word_1_122' title='bbox 1087 1443 1154 1496; x_wconf 85' lang='lat' dir='ltr'>dixit</span> <span class='ocrx_word' id='word_1_123' title='bbox 1164 1445 1311 1509; x_wconf 74' lang='lat' dir='ltr'>Apostolus</span> <span class='ocrx_word' id='word_1_124' title='bbox 1329 1445 1431 1498; x_wconf 82' lang='lat' dir='ltr'>donare</span> <span class='ocrx_word' id='word_1_125' title='bbox 1444 1461 1453 1498; x_wconf 91' lang='lat'><em>:</em></span> <span class='ocrx_word' id='word_1_126' title='bbox 1467 1450 1581 1503; x_wconf 89' lang='lat' dir='ltr'>attendit</span> 
     </span>
     <span class='ocr_line' id='line_1_13' title="bbox 358 1528 1579 1602; baseline -0.002 -11"><span class='ocrx_word' id='word_1_127' title='bbox 358 1538 498 1598; x_wconf 86' lang='lat' dir='ltr'>donastis,</span> <span class='ocrx_word' id='word_1_128' title='bbox 524 1543 552 1590; x_wconf 90' lang='lat' dir='ltr'>et</span> <span class='ocrx_word' id='word_1_129' title='bbox 575 1549 627 1602; x_wconf 89' lang='lat' dir='ltr'>ego</span> <span class='ocrx_word' id='word_1_130' title='bbox 641 1551 647 1586; x_wconf 78' lang='grc' dir='ltr'><strong><em>ε</em></strong></span> <span class='ocrx_word' id='word_1_131' title='bbox 662 1549 725 1587; x_wconf 92' lang='lat' dir='ltr'>nam</span> <span class='ocrx_word' id='word_1_132' title='bbox 754 1539 780 1586; x_wconf 93' lang='lat' dir='ltr'>et</span> <span class='ocrx_word' id='word_1_133' title='bbox 801 1546 852 1600; x_wconf 90' lang='lat' dir='ltr'>ego</span> <span class='ocrx_word' id='word_1_134' title='bbox 875 1532 950 1598; x_wconf 88' lang='lat' dir='ltr'>quod</span> <span class='ocrx_word' id='word_1_135' title='bbox 985 1528 1059 1580; x_wconf 87' lang='lat' dir='ltr'>euim</span> <span class='ocrx_word' id='word_1_136' title='bbox 1075 1530 1151 1595; x_wconf 87' lang='lat' dir='ltr'>quod</span> <span class='ocrx_word' id='word_1_137' title='bbox 1166 1543 1223 1583; x_wconf 92' lang='lat' dir='ltr'>non</span> <span class='ocrx_word' id='word_1_138' title='bbox 1242 1535 1347 1582; x_wconf 88' lang='lat' dir='ltr'>tantum</span> <span class='ocrx_word' id='word_1_139' title='bbox 1361 1545 1395 1584; x_wconf 83' lang='lat' dir='ltr'>ex</span> <span class='ocrx_word' id='word_1_140' title='bbox 1417 1534 1579 1599; x_wconf 80' lang='lat' dir='ltr'>poenitentia</span> 
     </span>
     <span class='ocr_line' id='line_1_14' title="bbox 359 1617 1579 1688; baseline -0.001 -12"><span class='ocrx_word' id='word_1_141' title='bbox 359 1623 475 1687; x_wconf 85' lang='lat' dir='ltr'>donari,</span> <span class='ocrx_word' id='word_1_142' title='bbox 494 1623 517 1674; x_wconf 91' lang='lat' dir='ltr'>si</span> <span class='ocrx_word' id='word_1_143' title='bbox 533 1622 598 1688; x_wconf 81' lang='lat' dir='ltr'>quid</span> <span class='ocrx_word' id='word_1_144' title='bbox 609 1621 725 1683; x_wconf 85' lang='lat' dir='ltr'>donavi,</span> <span class='ocrx_word' id='word_1_145' title='bbox 738 1625 849 1686; x_wconf 89' lang='lat' dir='ltr'>propter</span> <span class='ocrx_word' id='word_1_146' title='bbox 859 1630 908 1672; x_wconf 89' lang='lat' dir='ltr'>vos</span> <span class='ocrx_word' id='word_1_147' title='bbox 922 1617 950 1670; x_wconf 92' lang='lat' dir='ltr'>iu</span> <span class='ocrx_word' id='word_1_148' title='bbox 985 1629 1052 1678; x_wconf 90' lang='lat' dir='ltr'>sua,</span> <span class='ocrx_word' id='word_1_149' title='bbox 1072 1623 1205 1681; x_wconf 85' lang='lat' dir='ltr'>quantum</span> <span class='ocrx_word' id='word_1_150' title='bbox 1227 1631 1259 1669; x_wconf 87' lang='lat' dir='ltr'>ex</span> <span class='ocrx_word' id='word_1_151' title='bbox 1278 1617 1365 1684; x_wconf 88' lang='lat' dir='ltr'>gratia</span> <span class='ocrx_word' id='word_1_152' title='bbox 1384 1624 1412 1670; x_wconf 93' lang='lat' dir='ltr'>et</span> <span class='ocrx_word' id='word_1_153' title='bbox 1427 1620 1579 1676; x_wconf 88' lang='lat' dir='ltr'>donatione</span> 
     </span>
     <span class='ocr_line' id='line_1_15' title="bbox 358 1700 1361 1776; baseline -0.007 -14"><span class='ocrx_word' id='word_1_154' title='bbox 358 1721 477 1775; x_wconf 89' lang='lat' dir='ltr'>persona</span> <span class='ocrx_word' id='word_1_155' title='bbox 487 1708 611 1760; x_wconf 86' lang='lat' dir='ltr'>Christi.»</span> <span class='ocrx_word' id='word_1_156' title='bbox 623 1736 656 1745; x_wconf 92' lang='lat'><em>-</em></span> <span class='ocrx_word' id='word_1_157' title='bbox 666 1712 706 1756; x_wconf 62' lang='lat' dir='ltr'>eat</span> <span class='ocrx_word' id='word_1_158' title='bbox 716 1709 814 1776; x_wconf 51' lang='lat' dir='ltr'>platys</span> <span class='ocrx_word' id='word_1_159' title='bbox 825 1705 951 1774; x_wconf 67' lang='lat' dir='ltr'>tamtpu-</span> <span class='ocrx_word' id='word_1_160' title='bbox 986 1700 1175 1754; x_wconf 89' lang='lat' dir='ltr'>dimissionem</span> <span class='ocrx_word' id='word_1_161' title='bbox 1190 1703 1313 1768; x_wconf 89' lang='lat' dir='ltr'>recipiat.</span> <span class='ocrx_word' id='word_1_162' title='bbox 1327 1702 1361 1748; x_wconf 57' lang='grc' dir='ltr'>»ὅ</span> 
     </span>
    </p>

    <p class='ocr_par' dir='ltr' id='par_1_5' title="bbox 358 1787 1580 1952">
     <span class='ocr_line' id='line_1_16' title="bbox 359 1787 1579 1863; baseline 0.002 -20"><span class='ocrx_word' id='word_1_163' title='bbox 359 1817 418 1858; x_wconf 69' lang='grc' dir='ltr'>μαι,</span> <span class='ocrx_word' id='word_1_164' title='bbox 439 1796 458 1844; x_wconf 79' lang='lat' dir='ltr'>b&#39;</span> <span class='ocrx_word' id='word_1_165' title='bbox 471 1818 492 1845; x_wconf 78' lang='lat' dir='ltr'>rt</span> <span class='ocrx_word' id='word_1_166' title='bbox 511 1795 655 1863; x_wconf 69' lang='grc' dir='ltr'>κικᾶρισμιιι</span> <span class='ocrx_word' id='word_1_167' title='bbox 675 1796 700 1843; x_wconf 69' lang='grc' dir='ltr'><em>Ν</em></span> <span class='ocrx_word' id='word_1_168' title='bbox 717 1800 792 1855; x_wconf 69' lang='grc' dir='ltr'><strong><em>ὑμᾶς,</em></strong></span> <span class='ocrx_word' id='word_1_169' title='bbox 811 1791 828 1841; x_wconf 66' lang='lat' dir='ltr'>ir</span> <span class='ocrx_word' id='word_1_170' title='bbox 845 1812 950 1860; x_wconf 66' lang='lat' dir='ltr'>:pacoro</span> <span class='ocrx_word' id='word_1_171' title='bbox 1018 1787 1057 1839; x_wconf 66' lang='lat'>¹2.</span> <span class='ocrx_word' id='word_1_172' title='bbox 1067 1789 1094 1840; x_wconf 87' lang='lat' dir='ltr'>S.</span> <span class='ocrx_word' id='word_1_173' title='bbox 1105 1787 1236 1840; x_wconf 68' lang='lat' dir='ltr'>pacianus</span> <span class='ocrx_word' id='word_1_174' title='bbox 1247 1789 1300 1842; x_wconf 71' lang='lat' dir='ltr'>hoc</span> <span class='ocrx_word' id='word_1_175' title='bbox 1309 1789 1411 1855; x_wconf 62' lang='lat' dir='ltr'>objecit</span> <span class='ocrx_word' id='word_1_176' title='bbox 1424 1794 1579 1859; x_wconf 76' lang='lat' dir='ltr'>exemplum</span> 
     </span>
     <span class='ocr_line' id='line_1_17' title="bbox 358 1872 1580 1952; baseline 0 -22"><span class='ocrx_word' id='word_1_177' title='bbox 358 1887 466 1952; x_wconf 51' lang='lat' dir='ltr'>xgrorta.</span> <span class='ocrx_word' id='word_1_178' title='bbox 481 1880 489 1914; x_wconf 88' lang='lat'><strong>¹</strong></span> <span class='ocrx_word' id='word_1_179' title='bbox 507 1882 618 1934; x_wconf 83' lang='lat' dir='ltr'>Plenam</span> <span class='ocrx_word' id='word_1_180' title='bbox 638 1880 729 1933; x_wconf 85' lang='lat' dir='ltr'>delicti</span> <span class='ocrx_word' id='word_1_181' title='bbox 749 1880 856 1934; x_wconf 81' lang='lat' dir='ltr'>veniam</span> <span class='ocrx_word' id='word_1_182' title='bbox 875 1880 951 1932; x_wconf 88' lang='lat' dir='ltr'>Chri·</span> <span class='ocrx_word' id='word_1_183' title='bbox 983 1872 1132 1926; x_wconf 88' lang='lat' dir='ltr'>Novatiano</span> <span class='ocrx_word' id='word_1_184' title='bbox 1156 1873 1261 1926; x_wconf 91' lang='lat' dir='ltr'>homini</span> <span class='ocrx_word' id='word_1_185' title='bbox 1284 1889 1290 1924; x_wconf 92' lang='lat'>:</span> <span class='ocrx_word' id='word_1_186' title='bbox 1316 1891 1332 1921; x_wconf 78' lang='grc' dir='ltr'>α</span> <span class='ocrx_word' id='word_1_187' title='bbox 1352 1875 1435 1927; x_wconf 90' lang='lat' dir='ltr'>Vides</span> <span class='ocrx_word' id='word_1_188' title='bbox 1457 1879 1580 1942; x_wconf 77' lang='lat' dir='ltr'>apostoli</span> 
     </span>
    </p>
   </div>
   <div class='ocr_carea' id='block_1_4' title="bbox 357 1958 1581 4258">
    <p class='ocr_par' dir='ltr' id='par_1_6' title="bbox 357 1958 1581 4258">
     <span class='ocr_line' id='line_1_18' title="bbox 362 1958 1579 2032; baseline 0.007 -24"><span class='ocrx_word' id='word_1_189' title='bbox 362 1970 397 2022; x_wconf 64' lang='lat' dir='ltr'>gg</span> <span class='ocrx_word' id='word_1_190' title='bbox 427 1968 588 2029; x_wconf 63' lang='lat' dir='ltr'>aucyorjyaye</span> <span class='ocrx_word' id='word_1_191' title='bbox 609 1969 714 2021; x_wconf 66' lang='lat' dir='ltr'>donare</span> <span class='ocrx_word' id='word_1_192' title='bbox 743 1980 774 2020; x_wconf 67' lang='lat' dir='ltr'>sp</span> <span class='ocrx_word' id='word_1_193' title='bbox 799 1966 948 2032; x_wconf 71' lang='lat' dir='ltr'>significat:</span> <span class='ocrx_word' id='word_1_194' title='bbox 982 1958 1413 2026; x_wconf 77' lang='lat' dir='ltr'>indulgentiam,propriaseuam</span> <span class='ocrx_word' id='word_1_195' title='bbox 1427 1965 1579 2017; x_wconf 89' lang='lat' dir='ltr'>sententias</span> 
     </span>
     <span class='ocr_line' id='line_1_19' title="bbox 361 2046 1579 2121; baseline -0.005 -14"><span class='ocrx_word' id='word_1_196' title='bbox 361 2053 436 2121; x_wconf 87' lang='lat' dir='ltr'>quod</span> <span class='ocrx_word' id='word_1_197' title='bbox 448 2054 557 2118; x_wconf 85' lang='lat' dir='ltr'>culpam</span> <span class='ocrx_word' id='word_1_198' title='bbox 565 2055 621 2119; x_wconf 86' lang='lat' dir='ltr'>jam</span> <span class='ocrx_word' id='word_1_199' title='bbox 632 2052 795 2118; x_wconf 88' lang='lat' dir='ltr'>poeniteutia</span> <span class='ocrx_word' id='word_1_200' title='bbox 813 2052 950 2104; x_wconf 87' lang='lat' dir='ltr'>sublatam</span> <span class='ocrx_word' id='word_1_201' title='bbox 983 2047 1202 2111; x_wconf 79' lang='lat' dir='ltr'>temperantem?</span> <span class='ocrx_word' id='word_1_202' title='bbox 1223 2046 1301 2098; x_wconf 88' lang='lat' dir='ltr'>vides</span> <span class='ocrx_word' id='word_1_203' title='bbox 1315 2046 1492 2100; x_wconf 86' lang='lat' dir='ltr'>mitissimam</span> <span class='ocrx_word' id='word_1_204' title='bbox 1510 2050 1579 2101; x_wconf 89' lang='lat' dir='ltr'>leni·</span> 
     </span>
     <span class='ocr_line' id='line_1_20' title="bbox 360 2131 1581 2203; baseline 0 -12"><span class='ocrx_word' id='word_1_205' title='bbox 360 2139 478 2199; x_wconf 91' lang='lat' dir='ltr'>indicat,</span> <span class='ocrx_word' id='word_1_206' title='bbox 490 2143 517 2190; x_wconf 93' lang='lat' dir='ltr'>et</span> <span class='ocrx_word' id='word_1_207' title='bbox 526 2151 621 2203; x_wconf 87' lang='lat' dir='ltr'>poenas</span> <span class='ocrx_word' id='word_1_208' title='bbox 634 2139 799 2203; x_wconf 85' lang='lat' dir='ltr'>temporales</span> <span class='ocrx_word' id='word_1_209' title='bbox 811 2151 874 2190; x_wconf 91' lang='lat' dir='ltr'>cum</span> <span class='ocrx_word' id='word_1_210' title='bbox 887 2150 951 2191; x_wconf 88' lang='lat' dir='ltr'>ocu·</span> <span class='ocrx_word' id='word_1_211' title='bbox 985 2131 1174 2196; x_wconf 66' lang='lat' dir='ltr'>latem‚10¹³gt</span> <span class='ocrx_word' id='word_1_212' title='bbox 1187 2143 1202 2182; x_wconf 74' lang='lat'>³</span> <span class='ocrx_word' id='word_1_213' title='bbox 1214 2137 1307 2184; x_wconf 67' lang='lat' dir='ltr'>Vestro</span> <span class='ocrx_word' id='word_1_214' title='bbox 1326 2133 1475 2197; x_wconf 73' lang='lat' dir='ltr'>supercilio</span> <span class='ocrx_word' id='word_1_215' title='bbox 1499 2147 1581 2200; x_wconf 80' lang='lat' dir='ltr'>sepa·</span> 
     </span>
     <span class='ocr_line' id='line_1_21' title="bbox 363 2216 1578 2281; baseline -0.002 -7"><span class='ocrx_word' id='word_1_216' title='bbox 363 2236 427 2275; x_wconf 87' lang='lat' dir='ltr'>sura</span> <span class='ocrx_word' id='word_1_217' title='bbox 452 2223 583 2275; x_wconf 86' lang='lat' dir='ltr'>canoniea</span> <span class='ocrx_word' id='word_1_218' title='bbox 601 2223 732 2274; x_wconf 90' lang='lat' dir='ltr'>remissas</span> <span class='ocrx_word' id='word_1_219' title='bbox 752 2223 881 2274; x_wconf 88' lang='lat' dir='ltr'>ostendit.</span> <span class='ocrx_word' id='word_1_220' title='bbox 901 2224 950 2274; x_wconf 89' lang='lat' dir='ltr'>ba·</span> <span class='ocrx_word' id='word_1_221' title='bbox 983 2216 1089 2266; x_wconf 84' lang='lat' dir='ltr'>ratam?</span> <span class='ocrx_word' id='word_1_222' title='bbox 1106 2216 1217 2281; x_wconf 89' lang='lat' dir='ltr'>longea</span> <span class='ocrx_word' id='word_1_223' title='bbox 1234 2216 1375 2270; x_wconf 82' lang='lat' dir='ltr'>Nouatiaui</span> <span class='ocrx_word' id='word_1_224' title='bbox 1388 2219 1477 2272; x_wconf 90' lang='lat' dir='ltr'>lronte</span> <span class='ocrx_word' id='word_1_225' title='bbox 1495 2219 1578 2272; x_wconf 91' lang='lat' dir='ltr'>dissi-</span> 
     </span>
     <span class='ocr_line' id='line_1_22' title="bbox 359 2301 1576 2373; baseline 0.003 -12"><span class='ocrx_word' id='word_1_226' title='bbox 359 2309 415 2361; x_wconf 86' lang='lat' dir='ltr'>tartr</span> <span class='ocrx_word' id='word_1_227' title='bbox 435 2307 470 2358; x_wconf 91' lang='lat' dir='ltr'>ab</span> <span class='ocrx_word' id='word_1_228' title='bbox 483 2309 613 2373; x_wconf 72' lang='lat' dir='ltr'>apostolo</span> <span class='ocrx_word' id='word_1_229' title='bbox 632 2320 687 2359; x_wconf 93' lang='lat' dir='ltr'>non</span> <span class='ocrx_word' id='word_1_230' title='bbox 703 2312 809 2360; x_wconf 90' lang='lat' dir='ltr'>tautum</span> <span class='ocrx_word' id='word_1_231' title='bbox 820 2308 950 2360; x_wconf 82' lang='lat' dir='ltr'>Ecclesiae</span> <span class='ocrx_word' id='word_1_232' title='bbox 983 2301 1092 2365; x_wconf 78' lang='lat' dir='ltr'>milam,</span> <span class='ocrx_word' id='word_1_233' title='bbox 1114 2302 1253 2354; x_wconf 61' lang='lat' dir='ltr'>wihmunt</span> <span class='ocrx_word' id='word_1_234' title='bbox 1273 2316 1340 2357; x_wconf 70' lang='lat' dir='ltr'>Vero</span> <span class='ocrx_word' id='word_1_235' title='bbox 1360 2305 1425 2358; x_wconf 75' lang='lat' dir='ltr'>lilae</span> <span class='ocrx_word' id='word_1_236' title='bbox 1444 2318 1476 2358; x_wconf 76' lang='lat'>³0</span> <span class='ocrx_word' id='word_1_237' title='bbox 1496 2307 1576 2358; x_wconf 76' lang='lat' dir='ltr'>saluii</span> 
     </span>
     <span class='ocr_line' id='line_1_23' title="bbox 357 2389 1366 2454; baseline -0.003 -9"><span class='ocrx_word' id='word_1_238' title='bbox 357 2391 579 2445; x_wconf 82' lang='lat' dir='ltr'>communionem</span> <span class='ocrx_word' id='word_1_239' title='bbox 597 2397 752 2454; x_wconf 85' lang='lat' dir='ltr'>externam,</span> <span class='ocrx_word' id='word_1_240' title='bbox 786 2392 836 2445; x_wconf 90' lang='lat' dir='ltr'>sed</span> <span class='ocrx_word' id='word_1_241' title='bbox 867 2393 961 2450; x_wconf 79' lang='lat' dir='ltr'>etiarn¹</span> <span class='ocrx_word' id='word_1_242' title='bbox 984 2389 1107 2441; x_wconf 89' lang='lat' dir='ltr'>omnium</span> <span class='ocrx_word' id='word_1_243' title='bbox 1125 2389 1366 2443; x_wconf 78' lang='lat' dir='ltr'>consulentem.»⁸</span> 
     </span>
     <span class='ocr_line' id='line_1_24' title="bbox 358 2474 1577 2545; baseline 0.002 -17"><span class='ocrx_word' id='word_1_244' title='bbox 358 2477 545 2544; x_wconf 87' lang='lat' dir='ltr'>plenissimam</span> <span class='ocrx_word' id='word_1_245' title='bbox 574 2478 721 2543; x_wconf 89' lang='lat' dir='ltr'>quamdam</span> <span class='ocrx_word' id='word_1_246' title='bbox 752 2477 949 2545; x_wconf 82' lang='lat' dir='ltr'>indulgentiam</span> <span class='ocrx_word' id='word_1_247' title='bbox 1020 2476 1060 2526; x_wconf 72' lang='lat' dir='ltr'>lt.</span> <span class='ocrx_word' id='word_1_248' title='bbox 1080 2474 1299 2528; x_wconf 67' lang='lat' dir='ltr'>Proiectum</span> <span class='ocrx_word' id='word_1_249' title='bbox 1310 2481 1442 2541; x_wconf 81' lang='lat' dir='ltr'>perpetuu</span> <span class='ocrx_word' id='word_1_250' title='bbox 1452 2479 1577 2532; x_wconf 67' lang='lat' dir='ltr'>Ecclesia</span> 
     </span>
     <span class='ocr_line' id='line_1_25' title="bbox 359 2547 1575 2631; baseline 0.003 -18"><span class='ocrx_word' id='word_1_251' title='bbox 359 2562 458 2616; x_wconf 81' lang='lat' dir='ltr'>Christi</span> <span class='ocrx_word' id='word_1_252' title='bbox 469 2563 582 2616; x_wconf 89' lang='lat' dir='ltr'>nomine</span> <span class='ocrx_word' id='word_1_253' title='bbox 595 2563 659 2616; x_wconf 91' lang='lat' dir='ltr'>inde</span> <span class='ocrx_word' id='word_1_254' title='bbox 671 2565 801 2631; x_wconf 82' lang='lat' dir='ltr'>colligere</span> <span class='ocrx_word' id='word_1_255' title='bbox 811 2569 863 2616; x_wconf 90' lang='lat' dir='ltr'>est.</span> <span class='ocrx_word' id='word_1_256' title='bbox 982 2547 1186 2614; x_wconf 79' lang='lat' dir='ltr'>consuetudine.</span> <span class='ocrx_word' id='word_1_257' title='bbox 1200 2562 1312 2614; x_wconf 81' lang='lat' dir='ltr'>saeoulis</span> <span class='ocrx_word' id='word_1_258' title='bbox 1320 2563 1446 2616; x_wconf 90' lang='lat' dir='ltr'>seeundo</span> <span class='ocrx_word' id='word_1_259' title='bbox 1457 2569 1485 2617; x_wconf 89' lang='lat' dir='ltr'>et</span> <span class='ocrx_word' id='word_1_260' title='bbox 1496 2566 1575 2617; x_wconf 87' lang='lat' dir='ltr'>tertio</span> 
     </span>
     <span class='ocr_line' id='line_1_26' title="bbox 394 2645 1575 2716; baseline 0.001 -16"><span class='ocrx_word' id='word_1_261' title='bbox 394 2651 434 2701; x_wconf 86' lang='lat' dir='ltr'>lu.</span> <span class='ocrx_word' id='word_1_262' title='bbox 446 2650 540 2702; x_wconf 83' lang='lat' dir='ltr'>Patres</span> <span class='ocrx_word' id='word_1_263' title='bbox 550 2651 649 2702; x_wconf 83' lang='lat' dir='ltr'>dumus</span> <span class='ocrx_word' id='word_1_264' title='bbox 656 2650 823 2716; x_wconf 81' lang='lat' dir='ltr'>interpretes.</span> <span class='ocrx_word' id='word_1_265' title='bbox 833 2651 861 2702; x_wconf 83' lang='lat' dir='ltr'>s.</span> <span class='ocrx_word' id='word_1_266' title='bbox 870 2651 951 2702; x_wconf 82' lang='lat' dir='ltr'>loan-</span> <span class='ocrx_word' id='word_1_267' title='bbox 985 2645 1138 2713; x_wconf 87' lang='lat' dir='ltr'>saepissime</span> <span class='ocrx_word' id='word_1_268' title='bbox 1156 2651 1306 2712; x_wconf 90' lang='lat' dir='ltr'>martyrum</span> <span class='ocrx_word' id='word_1_269' title='bbox 1320 2653 1435 2714; x_wconf 86' lang='lat' dir='ltr'>rogatu,</span> <span class='ocrx_word' id='word_1_270' title='bbox 1447 2648 1575 2715; x_wconf 91' lang='lat' dir='ltr'>precibus</span> 
     </span>
     <span class='ocr_line' id='line_1_27' title="bbox 360 2731 1573 2803; baseline 0 -15"><span class='ocrx_word' id='word_1_271' title='bbox 360 2748 410 2789; x_wconf 92' lang='lat' dir='ltr'>nes</span> <span class='ocrx_word' id='word_1_272' title='bbox 427 2735 637 2803; x_wconf 85' lang='lat' dir='ltr'>Chrysostomus</span> <span class='ocrx_word' id='word_1_273' title='bbox 656 2737 767 2802; x_wconf 87' lang='lat' dir='ltr'>agnovit</span> <span class='ocrx_word' id='word_1_274' title='bbox 788 2736 950 2802; x_wconf 76' lang='lat' dir='ltr'>Apostolum</span> <span class='ocrx_word' id='word_1_275' title='bbox 984 2731 1088 2787; x_wconf 88' lang='lat' dir='ltr'>scilicet</span> <span class='ocrx_word' id='word_1_276' title='bbox 1105 2739 1201 2787; x_wconf 90' lang='lat' dir='ltr'>eorum</span> <span class='ocrx_word' id='word_1_277' title='bbox 1219 2733 1265 2799; x_wconf 85' lang='lat' dir='ltr'>qni</span> <span class='ocrx_word' id='word_1_278' title='bbox 1285 2733 1346 2787; x_wconf 84' lang='lat' dir='ltr'>hdei</span> <span class='ocrx_word' id='word_1_279' title='bbox 1368 2747 1452 2787; x_wconf 88' lang='lat' dir='ltr'>oausa</span> <span class='ocrx_word' id='word_1_280' title='bbox 1472 2736 1573 2802; x_wconf 86' lang='lat' dir='ltr'>suppli·</span> 
     </span>
     <span class='ocr_line' id='line_1_28' title="bbox 357 2818 1574 2889; baseline 0 -14"><span class='ocrx_word' id='word_1_281' title='bbox 357 2820 465 2875; x_wconf 87' lang='lat' dir='ltr'>veniam</span> <span class='ocrx_word' id='word_1_282' title='bbox 480 2822 606 2888; x_wconf 90' lang='lat' dir='ltr'>largitum</span> <span class='ocrx_word' id='word_1_283' title='bbox 619 2835 681 2873; x_wconf 89' lang='lat' dir='ltr'>esse</span> <span class='ocrx_word' id='word_1_284' title='bbox 697 2821 848 2887; x_wconf 83' lang='lat' dir='ltr'>quamipsa</span> <span class='ocrx_word' id='word_1_285' title='bbox 860 2821 952 2887; x_wconf 91' lang='lat' dir='ltr'>poeni·</span> <span class='ocrx_word' id='word_1_286' title='bbox 984 2818 1056 2871; x_wconf 91' lang='lat' dir='ltr'>cium</span> <span class='ocrx_word' id='word_1_287' title='bbox 1092 2819 1234 2883; x_wconf 86' lang='lat' dir='ltr'>tulerant,</span> <span class='ocrx_word' id='word_1_288' title='bbox 1260 2820 1420 2873; x_wconf 82' lang='lat' dir='ltr'>relaxabant</span> <span class='ocrx_word' id='word_1_289' title='bbox 1450 2822 1574 2889; x_wconf 82' lang='lat' dir='ltr'>Episcopi</span> 
     </span>
     <span class='ocr_line' id='line_1_29' title="bbox 358 2896 1574 2972; baseline 0.002 -14"><span class='ocrx_word' id='word_1_290' title='bbox 358 2904 451 2958; x_wconf 84' lang='lat' dir='ltr'>tentiae</span> <span class='ocrx_word' id='word_1_291' title='bbox 469 2906 639 2958; x_wconf 85' lang='lat' dir='ltr'>vehementis</span> <span class='ocrx_word' id='word_1_292' title='bbox 663 2906 747 2956; x_wconf 90' lang='lat' dir='ltr'>ardua</span> <span class='ocrx_word' id='word_1_293' title='bbox 768 2896 851 2971; x_wconf 82' lang='lat' dir='ltr'>oper&#39;a</span> <span class='ocrx_word' id='word_1_294' title='bbox 876 2906 949 2957; x_wconf 90' lang='lat' dir='ltr'>haud</span> <span class='ocrx_word' id='word_1_295' title='bbox 984 2904 1059 2971; x_wconf 87' lang='lat' dir='ltr'>leges</span> <span class='ocrx_word' id='word_1_296' title='bbox 1076 2905 1261 2970; x_wconf 79' lang='lat' dir='ltr'>poeniteutiae,</span> <span class='ocrx_word' id='word_1_297' title='bbox 1275 2918 1338 2959; x_wconf 88' lang='lat' dir='ltr'>reos</span> <span class='ocrx_word' id='word_1_298' title='bbox 1357 2908 1485 2972; x_wconf 89' lang='lat' dir='ltr'>ampliori</span> <span class='ocrx_word' id='word_1_299' title='bbox 1497 2908 1574 2962; x_wconf 88' lang='lat' dir='ltr'>venia</span> 
     </span>
     <span class='ocr_line' id='line_1_30' title="bbox 364 2989 1574 3055; baseline 0.002 -13"><span class='ocrx_word' id='word_1_300' title='bbox 364 2989 540 3043; x_wconf 91' lang='lat' dir='ltr'>merebantur</span> <span class='ocrx_word' id='word_1_301' title='bbox 569 3005 575 3039; x_wconf 95' lang='lat'><strong>:</strong></span> <span class='ocrx_word' id='word_1_302' title='bbox 603 3009 619 3038; x_wconf 76' lang='lat' dir='ltr'>r&lt;</span> <span class='ocrx_word' id='word_1_303' title='bbox 647 2989 774 3053; x_wconf 85' lang='lat' dir='ltr'>Quamvis</span> <span class='ocrx_word' id='word_1_304' title='bbox 807 2996 949 3055; x_wconf 87' lang='lat' dir='ltr'>peccatum</span> <span class='ocrx_word' id='word_1_305' title='bbox 983 2990 1128 3043; x_wconf 82' lang='lat' dir='ltr'>donantes</span> <span class='ocrx_word' id='word_1_306' title='bbox 1148 2992 1331 3044; x_wconf 87' lang='lat' dir='ltr'>Tertullianus</span> <span class='ocrx_word' id='word_1_307' title='bbox 1351 2992 1467 3045; x_wconf 60' lang='lat' dir='ltr'>dicitu&lt;</span> <span class='ocrx_word' id='word_1_308' title='bbox 1480 2996 1574 3047; x_wconf 83' lang='lat' dir='ltr'>Pacem</span> 
     </span>
     <span class='ocr_line' id='line_1_31' title="bbox 359 3075 1573 3143; baseline 0 -12"><span class='ocrx_word' id='word_1_309' title='bbox 359 3076 502 3131; x_wconf 79' lang='lat' dir='ltr'>coufessus</span> <span class='ocrx_word' id='word_1_310' title='bbox 530 3076 626 3139; x_wconf 86' lang='lat' dir='ltr'>inerit,</span> <span class='ocrx_word' id='word_1_311' title='bbox 651 3075 792 3141; x_wconf 82' lang='lat' dir='ltr'>ipsiusque</span> <span class='ocrx_word' id='word_1_312' title='bbox 814 3076 949 3141; x_wconf 90' lang='lat' dir='ltr'>poenitue·</span> <span class='ocrx_word' id='word_1_313' title='bbox 983 3075 1095 3142; x_wconf 86' lang='lat' dir='ltr'>quidam</span> <span class='ocrx_word' id='word_1_314' title='bbox 1115 3076 1143 3130; x_wconf 92' lang='lat' dir='ltr'>iu</span> <span class='ocrx_word' id='word_1_315' title='bbox 1169 3078 1289 3131; x_wconf 78' lang='lat' dir='ltr'>Ecclesia</span> <span class='ocrx_word' id='word_1_316' title='bbox 1310 3091 1366 3131; x_wconf 90' lang='lat' dir='ltr'>non</span> <span class='ocrx_word' id='word_1_317' title='bbox 1387 3079 1573 3143; x_wconf 88' lang='lat' dir='ltr'>habentes,a</span> 
     </span>
     <span class='ocr_line' id='line_1_32' title="bbox 358 3160 1574 3228; baseline 0.002 -13"><span class='ocrx_word' id='word_1_318' title='bbox 358 3161 417 3225; x_wconf 91' lang='lat' dir='ltr'>rit,</span> <span class='ocrx_word' id='word_1_319' title='bbox 448 3162 569 3215; x_wconf 91' lang='lat' dir='ltr'>ostendit</span> <span class='ocrx_word' id='word_1_320' title='bbox 594 3168 694 3215; x_wconf 88' lang='lat' dir='ltr'>tamem</span> <span class='ocrx_word' id='word_1_321' title='bbox 719 3175 782 3214; x_wconf 90' lang='lat' dir='ltr'>eum</span> <span class='ocrx_word' id='word_1_322' title='bbox 814 3174 870 3215; x_wconf 92' lang='lat' dir='ltr'>non</span> <span class='ocrx_word' id='word_1_323' title='bbox 894 3166 949 3215; x_wconf 92' lang='lat' dir='ltr'>tam</span> <span class='ocrx_word' id='word_1_324' title='bbox 982 3160 1148 3228; x_wconf 85' lang='lat' dir='ltr'>martyribus</span> <span class='ocrx_word' id='word_1_325' title='bbox 1163 3162 1314 3216; x_wconf 89' lang='lat' dir='ltr'>incarcere</span> <span class='ocrx_word' id='word_1_326' title='bbox 1333 3177 1574 3217; x_wconf 85' lang='lat' dir='ltr'>exorareconsne-</span> 
     </span>
     <span class='ocr_line' id='line_1_33' title="bbox 357 3247 1572 3316; baseline 0 -15"><span class='ocrx_word' id='word_1_327' title='bbox 357 3248 527 3315; x_wconf 88' lang='lat' dir='ltr'>poeuiteutiae</span> <span class='ocrx_word' id='word_1_328' title='bbox 545 3262 738 3315; x_wconf 86' lang='lat' dir='ltr'>opera,quam</span> <span class='ocrx_word' id='word_1_329' title='bbox 756 3249 841 3315; x_wconf 88' lang='lat' dir='ltr'>gratia</span> <span class='ocrx_word' id='word_1_330' title='bbox 860 3252 887 3302; x_wconf 92' lang='lat' dir='ltr'>et</span> <span class='ocrx_word' id='word_1_331' title='bbox 901 3248 949 3301; x_wconf 93' lang='lat' dir='ltr'>he·</span> <span class='ocrx_word' id='word_1_332' title='bbox 982 3247 1137 3301; x_wconf 67' lang='lat' dir='ltr'>seronati</span> <span class='ocrx_word' id='word_1_333' title='bbox 1159 3250 1186 3301; x_wconf 85' lang='lat' dir='ltr'>S.</span> <span class='ocrx_word' id='word_1_334' title='bbox 1214 3248 1364 3316; x_wconf 81' lang='lat' dir='ltr'>Cyprianus</span> <span class='ocrx_word' id='word_1_335' title='bbox 1393 3250 1518 3316; x_wconf 91' lang='lat' dir='ltr'>pluribus</span> <span class='ocrx_word' id='word_1_336' title='bbox 1546 3250 1572 3301; x_wconf 91' lang='lat' dir='ltr'>iu</span> 
     </span>
     <span class='ocr_line' id='line_1_34' title="bbox 359 3333 1573 3401; baseline 0 -14"><span class='ocrx_word' id='word_1_337' title='bbox 359 3334 458 3388; x_wconf 91' lang='lat' dir='ltr'>neiicio</span> <span class='ocrx_word' id='word_1_338' title='bbox 470 3336 578 3389; x_wconf 90' lang='lat' dir='ltr'>veniam</span> <span class='ocrx_word' id='word_1_339' title='bbox 588 3334 729 3401; x_wconf 73' lang='lat' dir='ltr'>consequi.</span> <span class='ocrx_word' id='word_1_340' title='bbox 745 3335 825 3387; x_wconf 84' lang='lat' dir='ltr'>Unde</span> <span class='ocrx_word' id='word_1_341' title='bbox 839 3334 946 3387; x_wconf 86' lang='lat' dir='ltr'>subdit:</span> <span class='ocrx_word' id='word_1_342' title='bbox 982 3333 1049 3387; x_wconf 91' lang='lat' dir='ltr'>locis</span> <span class='ocrx_word' id='word_1_343' title='bbox 1061 3336 1254 3389; x_wconf 89' lang='lat' dir='ltr'>testaturbanc</span> <span class='ocrx_word' id='word_1_344' title='bbox 1264 3349 1325 3389; x_wconf 88' lang='lat' dir='ltr'>esse</span> <span class='ocrx_word' id='word_1_345' title='bbox 1335 3335 1573 3399; x_wconf 87' lang='lat' dir='ltr'>consuetudinem,</span> 
     </span>
     <span class='ocr_line' id='line_1_35' title="bbox 358 3420 1569 3487; baseline 0.004 -19"><span class='ocrx_word' id='word_1_346' title='bbox 358 3438 375 3468; x_wconf 78' lang='lat' dir='ltr'>u</span> <span class='ocrx_word' id='word_1_347' title='bbox 388 3421 423 3474; x_wconf 94' lang='lat' dir='ltr'>ob</span> <span class='ocrx_word' id='word_1_348' title='bbox 441 3422 524 3487; x_wconf 86' lang='lat' dir='ltr'>idque</span> <span class='ocrx_word' id='word_1_349' title='bbox 542 3423 651 3475; x_wconf 89' lang='lat' dir='ltr'>donetis</span> <span class='ocrx_word' id='word_1_350' title='bbox 674 3428 700 3475; x_wconf 91' lang='lat' dir='ltr'>et</span> <span class='ocrx_word' id='word_1_351' title='bbox 719 3420 946 3482; x_wconf 78' lang='lat' dir='ltr'>consolemini3»</span> <span class='ocrx_word' id='word_1_352' title='bbox 984 3420 1132 3473; x_wconf 83' lang='lat' dir='ltr'>atmodum</span> <span class='ocrx_word' id='word_1_353' title='bbox 1142 3420 1329 3474; x_wconf 91' lang='lat' dir='ltr'>adhibendum</span> <span class='ocrx_word' id='word_1_354' title='bbox 1342 3427 1412 3484; x_wconf 91' lang='lat' dir='ltr'>orat,</span> <span class='ocrx_word' id='word_1_355' title='bbox 1423 3436 1457 3475; x_wconf 91' lang='lat' dir='ltr'>ue</span> <span class='ocrx_word' id='word_1_356' title='bbox 1468 3428 1569 3475; x_wconf 91' lang='lat' dir='ltr'>temere</span> 
     </span>
     <span class='ocr_line' id='line_1_36' title="bbox 359 3504 1574 3573; baseline 0.003 -16"><span class='ocrx_word' id='word_1_357' title='bbox 359 3510 387 3557; x_wconf 90' lang='lat' dir='ltr'>et</span> <span class='ocrx_word' id='word_1_358' title='bbox 404 3507 478 3571; x_wconf 86' lang='lat' dir='ltr'>quod</span> <span class='ocrx_word' id='word_1_359' title='bbox 496 3508 619 3572; x_wconf 86' lang='lat' dir='ltr'>sequitur</span> <span class='ocrx_word' id='word_1_360' title='bbox 639 3507 712 3559; x_wconf 91' lang='lat' dir='ltr'>idem</span> <span class='ocrx_word' id='word_1_361' title='bbox 731 3507 851 3559; x_wconf 88' lang='lat' dir='ltr'>declarat</span> <span class='ocrx_word' id='word_1_362' title='bbox 866 3520 873 3555; x_wconf 79' lang='lat' dir='ltr'><strong><em>z</em></strong></span> <span class='ocrx_word' id='word_1_363' title='bbox 892 3517 949 3558; x_wconf 91' lang='lat' dir='ltr'>non</span> <span class='ocrx_word' id='word_1_364' title='bbox 983 3506 1050 3570; x_wconf 87' lang='lat' dir='ltr'>quid</span> <span class='ocrx_word' id='word_1_365' title='bbox 1064 3505 1120 3557; x_wconf 89' lang='lat' dir='ltr'>liat.</span> <span class='ocrx_word' id='word_1_366' title='bbox 1134 3504 1145 3539; x_wconf 78' lang='lat'>⁸</span> <span class='ocrx_word' id='word_1_367' title='bbox 1159 3505 1297 3559; x_wconf 84' lang='lat' dir='ltr'>Nicaenum</span> <span class='ocrx_word' id='word_1_368' title='bbox 1311 3506 1460 3560; x_wconf 87' lang='lat' dir='ltr'>Concilium</span> <span class='ocrx_word' id='word_1_369' title='bbox 1475 3508 1509 3560; x_wconf 89' lang='lat' dir='ltr'>de</span> <span class='ocrx_word' id='word_1_370' title='bbox 1522 3521 1574 3573; x_wconf 74' lang='lat' dir='ltr'>pue</span> 
     </span>
     <span class='ocr_line' id='line_1_37' title="bbox 359 3589 1572 3658; baseline 0.003 -17"><span class='ocrx_word' id='word_1_371' title='bbox 359 3589 447 3651; x_wconf 89' lang='lat' dir='ltr'>enim,</span> <span class='ocrx_word' id='word_1_372' title='bbox 474 3589 579 3653; x_wconf 84' lang='lat' dir='ltr'>lnquit,</span> <span class='ocrx_word' id='word_1_373' title='bbox 596 3592 670 3655; x_wconf 86' lang='lat' dir='ltr'>quod</span> <span class='ocrx_word' id='word_1_374' title='bbox 695 3592 722 3641; x_wconf 86' lang='lat' dir='ltr'>id</span> <span class='ocrx_word' id='word_1_375' title='bbox 744 3595 949 3655; x_wconf 86' lang='lat' dir='ltr'>promereatur,</span> <span class='ocrx_word' id='word_1_376' title='bbox 983 3590 1135 3644; x_wconf 88' lang='lat' dir='ltr'>nitentibus</span> <span class='ocrx_word' id='word_1_377' title='bbox 1154 3591 1248 3644; x_wconf 90' lang='lat' dir='ltr'>statuit</span> <span class='ocrx_word' id='word_1_378' title='bbox 1264 3606 1299 3642; x_wconf 75' lang='lat' dir='ltr'>:rr</span> <span class='ocrx_word' id='word_1_379' title='bbox 1316 3591 1421 3645; x_wconf 88' lang='lat' dir='ltr'>Licebit</span> <span class='ocrx_word' id='word_1_380' title='bbox 1437 3593 1572 3658; x_wconf 80' lang='lat' dir='ltr'>Episcopo</span> 
     </span>
     <span class='ocr_line' id='line_1_38' title="bbox 359 3674 1573 3743; baseline 0.005 -19"><span class='ocrx_word' id='word_1_381' title='bbox 359 3674 948 3740; x_wconf 86' lang='lat' dir='ltr'>necquodeamquamparsitpoenitentiam</span> <span class='ocrx_word' id='word_1_382' title='bbox 983 3675 1017 3727; x_wconf 92' lang='lat' dir='ltr'>de</span> <span class='ocrx_word' id='word_1_383' title='bbox 1041 3676 1084 3729; x_wconf 88' lang='lat' dir='ltr'>his</span> <span class='ocrx_word' id='word_1_384' title='bbox 1105 3676 1207 3743; x_wconf 82' lang='lat' dir='ltr'>aliquid</span> <span class='ocrx_word' id='word_1_385' title='bbox 1226 3677 1374 3730; x_wconf 84' lang='lat' dir='ltr'>humanius</span> <span class='ocrx_word' id='word_1_386' title='bbox 1390 3683 1519 3731; x_wconf 86' lang='lat' dir='ltr'>statuere.</span> <span class='ocrx_word' id='word_1_387' title='bbox 1539 3676 1573 3723; x_wconf 63' lang='grc' dir='ltr'>»ἵ</span> 
     </span>
     <span class='ocr_line' id='line_1_39' title="bbox 360 3758 1573 3829; baseline 0.005 -20"><span class='ocrx_word' id='word_1_388' title='bbox 360 3758 530 3823; x_wconf 65' lang='lat' dir='ltr'>praestiterim</span> <span class='ocrx_word' id='word_1_389' title='bbox 551 3760 600 3812; x_wconf 88' lang='lat' dir='ltr'>sed</span> <span class='ocrx_word' id='word_1_390' title='bbox 617 3759 681 3824; x_wconf 85' lang='lat' dir='ltr'>quia</span> <span class='ocrx_word' id='word_1_391' title='bbox 698 3760 822 3812; x_wconf 81' lang='lat' dir='ltr'>infirmus</span> <span class='ocrx_word' id='word_1_392' title='bbox 835 3767 893 3823; x_wconf 91' lang='lat' dir='ltr'>est,</span> <span class='ocrx_word' id='word_1_393' title='bbox 908 3760 949 3812; x_wconf 93' lang='lat' dir='ltr'>id·</span> <span class='ocrx_word' id='word_1_394' title='bbox 983 3761 1026 3815; x_wconf 87' lang='lat' dir='ltr'>Sic</span> <span class='ocrx_word' id='word_1_395' title='bbox 1038 3762 1274 3829; x_wconf 77' lang='lat' dir='ltr'>ctbncyrannm‚⁸</span> <span class='ocrx_word' id='word_1_396' title='bbox 1285 3769 1311 3816; x_wconf 88' lang='lat' dir='ltr'>et</span> <span class='ocrx_word' id='word_1_397' title='bbox 1322 3764 1502 3817; x_wconf 86' lang='lat' dir='ltr'>Laodicenum</span> <span class='ocrx_word' id='word_1_398' title='bbox 1512 3762 1573 3827; x_wconf 82' lang='lat' dir='ltr'>ll.,⁸</span> 
     </span>
     <span class='ocr_line' id='line_1_40' title="bbox 359 3843 1574 3915; baseline 0.004 -19"><span class='ocrx_word' id='word_1_399' title='bbox 359 3843 433 3896; x_wconf 89' lang='lat' dir='ltr'>circo</span> <span class='ocrx_word' id='word_1_400' title='bbox 451 3845 504 3897; x_wconf 89' lang='lat' dir='ltr'>hoc</span> <span class='ocrx_word' id='word_1_401' title='bbox 522 3851 606 3912; x_wconf 91' lang='lat' dir='ltr'>peto:</span> <span class='ocrx_word' id='word_1_402' title='bbox 624 3865 635 3894; x_wconf 69' lang='lat' dir='ltr'>a</span> <span class='ocrx_word' id='word_1_403' title='bbox 656 3859 691 3898; x_wconf 91' lang='lat' dir='ltr'>ne</span> <span class='ocrx_word' id='word_1_404' title='bbox 714 3845 782 3899; x_wconf 84' lang='lat' dir='ltr'>torte</span> <span class='ocrx_word' id='word_1_405' title='bbox 805 3846 950 3899; x_wconf 91' lang='lat' dir='ltr'>abuudan·</span> <span class='ocrx_word' id='word_1_406' title='bbox 985 3854 1012 3901; x_wconf 90' lang='lat' dir='ltr'>et</span> <span class='ocrx_word' id='word_1_407' title='bbox 1028 3849 1243 3915; x_wconf 78' lang='lat' dir='ltr'>carthaginense</span> <span class='ocrx_word' id='word_1_408' title='bbox 1254 3850 1295 3901; x_wconf 88' lang='lat' dir='ltr'>lv.</span> <span class='ocrx_word' id='word_1_409' title='bbox 1305 3848 1326 3881; x_wconf 88' lang='lat'>¹⁰</span> <span class='ocrx_word' id='word_1_410' title='bbox 1338 3849 1433 3902; x_wconf 86' lang='lat' dir='ltr'>Patres</span> <span class='ocrx_word' id='word_1_411' title='bbox 1448 3848 1534 3915; x_wconf 89' lang='lat' dir='ltr'>quarti</span> <span class='ocrx_word' id='word_1_412' title='bbox 1545 3854 1574 3901; x_wconf 90' lang='lat' dir='ltr'>et</span> 
     </span>
     <span class='ocr_line' id='line_1_41' title="bbox 360 3929 1573 4001; baseline 0.007 -25"><span class='ocrx_word' id='word_1_413' title='bbox 360 3946 372 3976; x_wconf 70' lang='lat' dir='ltr'>a</span> <span class='ocrx_word' id='word_1_414' title='bbox 394 3929 462 3983; x_wconf 89' lang='lat' dir='ltr'>tiori</span> <span class='ocrx_word' id='word_1_415' title='bbox 491 3931 599 3984; x_wconf 88' lang='lat' dir='ltr'>tristitia</span> <span class='ocrx_word' id='word_1_416' title='bbox 620 3932 817 3996; x_wconf 88' lang='lat' dir='ltr'>absorbeatur,</span> <span class='ocrx_word' id='word_1_417' title='bbox 840 3932 887 3999; x_wconf 84' lang='lat' dir='ltr'>qni</span> <span class='ocrx_word' id='word_1_418' title='bbox 908 3938 951 3986; x_wconf 88' lang='lat' dir='ltr'>est</span> <span class='ocrx_word' id='word_1_419' title='bbox 983 3934 1072 3999; x_wconf 83' lang='lat' dir='ltr'>quinti</span> <span class='ocrx_word' id='word_1_420' title='bbox 1090 3935 1183 3987; x_wconf 87' lang='lat' dir='ltr'>saeculi</span> <span class='ocrx_word' id='word_1_421' title='bbox 1198 3935 1269 3987; x_wconf 90' lang='lat' dir='ltr'>hauc</span> <span class='ocrx_word' id='word_1_422' title='bbox 1289 3939 1454 4001; x_wconf 90' lang='lat' dir='ltr'>potestatem</span> <span class='ocrx_word' id='word_1_423' title='bbox 1472 3934 1573 4001; x_wconf 90' lang='lat' dir='ltr'>passim</span> 
     </span>
     <span class='ocr_line' id='line_1_42' title="bbox 361 4016 1571 4087; baseline 0.002 -19"><span class='ocrx_word' id='word_1_424' title='bbox 361 4035 373 4061; x_wconf 68' lang='lat' dir='ltr'>»v</span> <span class='ocrx_word' id='word_1_425' title='bbox 394 4017 548 4082; x_wconf 86' lang='lat' dir='ltr'>ejusmodi:</span> <span class='ocrx_word' id='word_1_426' title='bbox 562 4040 574 4066; x_wconf 85' lang='lat'>»</span> <span class='ocrx_word' id='word_1_427' title='bbox 587 4034 649 4086; x_wconf 81' lang='lat' dir='ltr'>quae</span> <span class='ocrx_word' id='word_1_428' title='bbox 660 4020 743 4075; x_wconf 82' lang='lat' dir='ltr'>rerba</span> <span class='ocrx_word' id='word_1_429' title='bbox 755 4025 819 4072; x_wconf 91' lang='lat' dir='ltr'>sunt</span> <span class='ocrx_word' id='word_1_430' title='bbox 831 4019 950 4073; x_wconf 87' lang='lat' dir='ltr'>hominis</span> <span class='ocrx_word' id='word_1_431' title='bbox 985 4019 1012 4072; x_wconf 94' lang='lat' dir='ltr'>in</span> <span class='ocrx_word' id='word_1_432' title='bbox 1027 4020 1168 4085; x_wconf 88' lang='lat' dir='ltr'>Episcopis</span> <span class='ocrx_word' id='word_1_433' title='bbox 1187 4016 1341 4087; x_wconf 84' lang='lat' dir='ltr'>agnoscunt</span> <span class='ocrx_word' id='word_1_434' title='bbox 1354 4060 1362 4082; x_wconf 92' lang='lat'>,</span> <span class='ocrx_word' id='word_1_435' title='bbox 1377 4025 1407 4073; x_wconf 93' lang='lat' dir='ltr'>ut</span> <span class='ocrx_word' id='word_1_436' title='bbox 1420 4032 1571 4081; x_wconf 89' lang='lat' dir='ltr'>canonum,</span> 
     </span>
     <span class='ocr_line' id='line_1_43' title="bbox 360 4104 1572 4175; baseline 0.004 -24"><span class='ocrx_word' id='word_1_437' title='bbox 360 4114 468 4168; x_wconf 91' lang='lat' dir='ltr'>magnae</span> <span class='ocrx_word' id='word_1_438' title='bbox 499 4105 668 4170; x_wconf 82' lang='lat' dir='ltr'>poenitentiae</span> <span class='ocrx_word' id='word_1_439' title='bbox 693 4105 880 4159; x_wconf 89' lang='lat' dir='ltr'>testimonium</span> <span class='ocrx_word' id='word_1_440' title='bbox 897 4104 948 4172; x_wconf 88' lang='lat' dir='ltr'>ipsi</span> <span class='ocrx_word' id='word_1_441' title='bbox 985 4106 1031 4173; x_wconf 84' lang='lat' dir='ltr'>qui</span> <span class='ocrx_word' id='word_1_442' title='bbox 1050 4106 1218 4172; x_wconf 84' lang='lat' dir='ltr'>poenitentiae</span> <span class='ocrx_word' id='word_1_443' title='bbox 1239 4120 1321 4175; x_wconf 89' lang='lat' dir='ltr'>opera</span> <span class='ocrx_word' id='word_1_444' title='bbox 1339 4106 1572 4173; x_wconf 80' lang='lat' dir='ltr'>praescribebant,</span> 
     </span>
     <span class='ocr_line' id='line_1_44' title="bbox 360 4187 1572 4258; baseline 0.004 -21"><span class='ocrx_word' id='word_1_445' title='bbox 360 4187 522 4257; x_wconf 90' lang='lat' dir='ltr'>tribuentis,</span> <span class='ocrx_word' id='word_1_446' title='bbox 537 4206 589 4246; x_wconf 90' lang='lat' dir='ltr'>neo</span> <span class='ocrx_word' id='word_1_447' title='bbox 602 4206 665 4247; x_wconf 89' lang='lat' dir='ltr'>enm</span> <span class='ocrx_word' id='word_1_448' title='bbox 683 4192 711 4245; x_wconf 89' lang='lat' dir='ltr'>in</span> <span class='ocrx_word' id='word_1_449' title='bbox 729 4192 948 4258; x_wconf 87' lang='lat' dir='ltr'>desperationem</span> <span class='ocrx_word' id='word_1_450' title='bbox 984 4192 1156 4247; x_wconf 87' lang='lat' dir='ltr'>severitatem</span> <span class='ocrx_word' id='word_1_451' title='bbox 1173 4192 1420 4247; x_wconf 85' lang='lat' dir='ltr'>relaxentsaeculo</span> <span class='ocrx_word' id='word_1_452' title='bbox 1431 4191 1572 4257; x_wconf 88' lang='lat' dir='ltr'>lll,tlrha·</span> 
     </span>
    </p>
   </div>
   <div class='ocr_carea' id='block_1_5' title="bbox 384 4472 1572 4739">
    <p class='ocr_par' dir='ltr' id='par_1_7' title="bbox 384 4472 1572 4600">
     <span class='ocr_line' id='line_1_45' title="bbox 384 4472 1572 4530; baseline 0.005 -20"><span class='ocrx_word' id='word_1_453' title='bbox 384 4472 413 4524; x_wconf 83' lang='lat' dir='ltr'>(t)</span> <span class='ocrx_word' id='word_1_454' title='bbox 421 4473 449 4513; x_wconf 91' lang='lat' dir='ltr'>ll.</span> <span class='ocrx_word' id='word_1_455' title='bbox 458 4472 508 4512; x_wconf 86' lang='lat' dir='ltr'>Cor.</span> <span class='ocrx_word' id='word_1_456' title='bbox 517 4473 540 4513; x_wconf 87' lang='lat' dir='ltr'>ii.</span> <span class='ocrx_word' id='word_1_457' title='bbox 549 4480 569 4514; x_wconf 84' lang='lat' dir='ltr'>a.</span> <span class='ocrx_word' id='word_1_458' title='bbox 1006 4476 1033 4529; x_wconf 79' lang='lat' dir='ltr'>(a)</span> <span class='ocrx_word' id='word_1_459' title='bbox 1043 4477 1081 4529; x_wconf 90' lang='lat' dir='ltr'>Ep.</span> <span class='ocrx_word' id='word_1_460' title='bbox 1091 4474 1136 4516; x_wconf 83' lang='lat' dir='ltr'>xiii.</span> <span class='ocrx_word' id='word_1_461' title='bbox 1143 4476 1171 4517; x_wconf 76' lang='lat' dir='ltr'>ad</span> <span class='ocrx_word' id='word_1_462' title='bbox 1184 4477 1321 4530; x_wconf 78' lang='lat' dir='ltr'>Presbyteros</span> <span class='ocrx_word' id='word_1_463' title='bbox 1329 4482 1350 4517; x_wconf 81' lang='lat' dir='ltr'>et</span> <span class='ocrx_word' id='word_1_464' title='bbox 1366 4476 1473 4519; x_wconf 85' lang='lat' dir='ltr'>Diaconos</span> <span class='ocrx_word' id='word_1_465' title='bbox 1482 4475 1572 4519; x_wconf 75' lang='lat' dir='ltr'>caula-</span> 
     </span>
     <span class='ocr_line' id='line_1_46' title="bbox 387 4541 1421 4600; baseline 0.006 -19"><span class='ocrx_word' id='word_1_466' title='bbox 387 4543 415 4593; x_wconf 65' lang='grc' dir='ltr'>(ἱ)</span> <span class='ocrx_word' id='word_1_467' title='bbox 428 4543 492 4581; x_wconf 89' lang='lat' dir='ltr'>llom.</span> <span class='ocrx_word' id='word_1_468' title='bbox 499 4541 528 4583; x_wconf 88' lang='lat' dir='ltr'>ir.</span> <span class='ocrx_word' id='word_1_469' title='bbox 538 4542 559 4581; x_wconf 90' lang='lat' dir='ltr'>in</span> <span class='ocrx_word' id='word_1_470' title='bbox 570 4543 593 4582; x_wconf 92' lang='lat' dir='ltr'>ii.</span> <span class='ocrx_word' id='word_1_471' title='bbox 603 4544 640 4595; x_wconf 83' lang='lat' dir='ltr'>Ep.</span> <span class='ocrx_word' id='word_1_472' title='bbox 649 4544 676 4585; x_wconf 81' lang='lat' dir='ltr'>ad</span> <span class='ocrx_word' id='word_1_473' title='bbox 684 4544 781 4585; x_wconf 88' lang='lat' dir='ltr'>Corinth.</span> <span class='ocrx_word' id='word_1_474' title='bbox 981 4544 1026 4597; x_wconf 81' lang='lat' dir='ltr'>gin.</span> <span class='ocrx_word' id='word_1_475' title='bbox 1036 4546 1074 4598; x_wconf 89' lang='lat' dir='ltr'>Ep.</span> <span class='ocrx_word' id='word_1_476' title='bbox 1083 4557 1103 4585; x_wconf 85' lang='lat' dir='ltr'>x.</span> <span class='ocrx_word' id='word_1_477' title='bbox 1113 4545 1139 4586; x_wconf 83' lang='lat' dir='ltr'>ad</span> <span class='ocrx_word' id='word_1_478' title='bbox 1148 4546 1258 4598; x_wconf 79' lang='lat' dir='ltr'>llertyres.</span> <span class='ocrx_word' id='word_1_479' title='bbox 1267 4547 1291 4587; x_wconf 88' lang='lat'>1..</span> <span class='ocrx_word' id='word_1_480' title='bbox 1300 4546 1421 4600; x_wconf 76' lang='lat' dir='ltr'>delapsis.</span> 
     </span>
    </p>

    <p class='ocr_par' dir='ltr' id='par_1_8' title="bbox 385 4610 1279 4668">
     <span class='ocr_line' id='line_1_47' title="bbox 385 4610 1279 4668; baseline 0.008 -19"><span class='ocrx_word' id='word_1_481' title='bbox 385 4610 413 4659; x_wconf 80' lang='lat' dir='ltr'>(ul</span> <span class='ocrx_word' id='word_1_482' title='bbox 423 4611 447 4649; x_wconf 87' lang='lat' dir='ltr'>ln</span> <span class='ocrx_word' id='word_1_483' title='bbox 456 4611 535 4650; x_wconf 89' lang='lat' dir='ltr'>locum.</span> <span class='ocrx_word' id='word_1_484' title='bbox 544 4611 571 4662; x_wconf 80' lang='lat' dir='ltr'>lt)</span> <span class='ocrx_word' id='word_1_485' title='bbox 581 4613 619 4663; x_wconf 88' lang='lat' dir='ltr'>Ep.</span> <span class='ocrx_word' id='word_1_486' title='bbox 629 4612 661 4653; x_wconf 89' lang='lat' dir='ltr'>iii.</span> <span class='ocrx_word' id='word_1_487' title='bbox 671 4613 697 4653; x_wconf 83' lang='lat' dir='ltr'>ad</span> <span class='ocrx_word' id='word_1_488' title='bbox 708 4611 897 4666; x_wconf 80' lang='lat' dir='ltr'>sympronianum.</span> <span class='ocrx_word' id='word_1_489' title='bbox 1006 4615 1034 4667; x_wconf 79' lang='lat' dir='ltr'>(t)</span> <span class='ocrx_word' id='word_1_490' title='bbox 1050 4614 1104 4656; x_wconf 78' lang='lat' dir='ltr'>Can.</span> <span class='ocrx_word' id='word_1_491' title='bbox 1112 4614 1148 4655; x_wconf 79' lang='lat' dir='ltr'>rii.</span> <span class='ocrx_word' id='word_1_492' title='bbox 1158 4614 1185 4668; x_wconf 71' lang='lat' dir='ltr'>(a)</span> <span class='ocrx_word' id='word_1_493' title='bbox 1196 4616 1251 4657; x_wconf 87' lang='lat' dir='ltr'>Can.</span> <span class='ocrx_word' id='word_1_494' title='bbox 1259 4629 1279 4657; x_wconf 83' lang='lat' dir='ltr'>v.</span> 
     </span>
    </p>

    <p class='ocr_par' dir='ltr' id='par_1_9' title="bbox 384 4676 1319 4739">
     <span class='ocr_line' id='line_1_48' title="bbox 384 4676 1319 4739; baseline 0.011 -24"><span class='ocrx_word' id='word_1_495' title='bbox 384 4676 412 4729; x_wconf 75' lang='lat' dir='ltr'>(t)</span> <span class='ocrx_word' id='word_1_496' title='bbox 422 4676 445 4716; x_wconf 81' lang='lat' dir='ltr'>t.</span> <span class='ocrx_word' id='word_1_497' title='bbox 455 4677 605 4729; x_wconf 71' lang='lat' dir='ltr'>abbacyro.</span> <span class='ocrx_word' id='word_1_498' title='bbox 615 4680 631 4719; x_wconf 92' lang='lat' dir='ltr'>i.</span> <span class='ocrx_word' id='word_1_499' title='bbox 1009 4684 1035 4737; x_wconf 73' lang='lat' dir='ltr'>itt)</span> <span class='ocrx_word' id='word_1_500' title='bbox 1046 4685 1100 4727; x_wconf 75' lang='lat' dir='ltr'>Cau.</span> <span class='ocrx_word' id='word_1_501' title='bbox 1110 4684 1134 4725; x_wconf 91' lang='lat' dir='ltr'>ii.</span> <span class='ocrx_word' id='word_1_502' title='bbox 1152 4689 1192 4739; x_wconf 72' lang='lat' dir='ltr'>pto)</span> <span class='ocrx_word' id='word_1_503' title='bbox 1203 4686 1256 4739; x_wconf 79' lang='lat' dir='ltr'>Cap.</span> <span class='ocrx_word' id='word_1_504' title='bbox 1267 4686 1319 4729; x_wconf 79' lang='lat' dir='ltr'>lxxv.</span> 
     </span>
    </p>
   </div>
   <div class='ocr_carea' id='block_1_6' title="bbox 0 0 1900 5550">
    <p class='ocr_par' dir='ltr' id='par_1_10' title="bbox 0 0 1900 5550">
     <span class='ocr_line' id='line_1_49' title="bbox 0 0 1900 5550; baseline 0 2"><span class='ocrx_word' id='word_1_505' title='bbox 0 0 1900 5550; x_wconf 95' lang='lat' dir='ltr'> </span> 
     </span>
    </p>
   </div>
  </div>
 </body>
</html>
