3792 5550
223 569 243 606 Q

376 553 427 606 358
687 543 803 598 Titler.
821 539 898 593 xvh.
917 540 961 592 bu
978 533 1090 586 SbCRlS
1108 523 1291 586 otiantibus

376 682 427 736 per
436 666 571 720 Ecclesias
581 663 739 718 sacerdotes
749 699 756 722 ,
767 655 878 711 nonnisi
893 658 970 720 post·
1003 661 1135 710 manarum
1152 645 1315 714 presbyterii
1334 645 1451 712 loquens
1462 683 1471 708 ‚
1481 646 1594 714 presby-

375 767 458 822 quam
475 765 607 804 manuum
625 745 802 814 impositione
813 739 970 807 episcopale
1003 740 1126 790 terorum
1148 735 1275 800 intelligit
1287 739 1407 795 coetum,
1431 733 1480 800 qui
1493 733 1595 787 scilicet

352 872 356 878 .
376 823 968 898 munussusceperantTimotheusetTitus,
1003 821 1136 876 ministris
1145 821 1231 875 sacris
1242 825 1270 874 et
1282 819 1360 872 laicis
1369 817 1525 872 rectoribus
1534 831 1595 872 con-

377 920 527 989 episcopali
537 909 970 980 aucuriutepraediti‚presbyte
1003 914 1057 962 stat
1072 923 1079 959 :
1094 920 1160 975 ergo
1173 906 1301 974 Episcopi
1323 918 1379 958 non
1401 905 1509 958 habent
1520 911 1594 970 pote·

376 1019 423 1060 ros
432 1019 480 1071 per
490 1001 627 1056 Ecclesias
638 999 806 1054 constituere
815 994 885 1062 jussi
893 998 967 1048 sunt.
1002 997 1100 1048 statem
1113 992 1277 1055 ordinandi,
1290 1003 1352 1057 quae
1364 1003 1421 1043 non
1436 989 1473 1042 sit
1486 991 1593 1058 presby-

411 1093 469 1142 110.
482 1087 621 1142 Probatur
633 1089 659 1138 2.
670 1082 898 1149 antiquissimact
908 1091 969 1145 pcr-
1004 1079 1069 1134 teris
1082 1079 1254 1142 communis,
1272 1079 1328 1131 imo
1340 1082 1368 1130 et
1384 1076 1464 1130 laicis
1478 1076 1513 1128 ad
1527 1079 1594 1143 regi·

375 1166 970 1244 perueneramcommonuimconstitutio-
1003 1179 1067 1218 men
1086 1166 1199 1221 evectis.

375 1259 687 1326 nosdlcaaehpostolicae
698 1251 912 1312 vetustissimam
925 1263 970 1302 ex·
1037 1252 1095 1304 tlt.
1109 1253 1189 1316 Rasa.
1212 1253 1313 1302 Tassns
1325 1254 1367 1302 est
1386 1247 1516 1302 calvinus
1537 1247 1594 1302 affi-

374 1347 470 1402 hibent
487 1341 893 1408 consuetudinemiuxtaquam
904 1334 968 1400 Epi·
1002 1335 1075 1389 cium
1114 1336 1318 1402 presbyteratus
1349 1334 1406 1388 illic
1437 1333 1592 1401 designari,

375 1449 477 1501 scopus
494 1433 609 1486 atribns
620 1427 763 1496 Episcopis
781 1427 969 1486 consecratur,
1003 1433 1087 1488 quum
1112 1419 1180 1472 alias
1206 1420 1280 1472 dicat
1300 1420 1400 1472 Paulus
1419 1419 1609 1488 impositionev

374 1521 517 1589 presbyter
535 1518 570 1570 ab
592 1528 649 1568 uno
666 1513 816 1580 Episcopo,
834 1509 969 1563 diaconus
1002 1518 1133 1558 manuum
1149 1518 1262 1558 suarum
1283 1504 1353 1557 sacri
1366 1504 1478 1557 Ordinis
1492 1505 1593 1556 donum

374 1603 506 1672 pariter.¹
1003 1590 1145 1644 Timotheo
1179 1589 1422 1643 communicatum.
1463 1591 1593 1642 caeterum

410 1693 467 1744 itt.
483 1687 621 1742 Probatur
636 1688 662 1738 5.
675 1682 832 1737 traditione.
847 1683 876 1734 S.
891 1681 970 1734 Atha·
1002 1688 1088 1740 quum
1104 1675 1265 1727 Timotheus
1278 1673 1430 1740 episcopali
1449 1674 1594 1742 insignitus

374 1776 469 1830 nasius
490 1774 602 1828 lscbirae
622 1771 796 1838 exprobravit
818 1781 882 1821 eum
911 1778 968 1820 non
1002 1759 1038 1812 sil
1055 1760 1229 1822 charactere,
1249 1758 1286 1810 nil
1298 1759 1389 1812 obstat
1402 1759 1473 1826 quin
1485 1761 1592 1827 presby·

373 1875 437 1916 esse
448 1861 648 1928 presbyterum,
662 1854 910 1922 spumabundus,
919 1850 968 1918 qui
1002 1848 1076 1897 ieros
1091 1843 1183 1909 plures
1193 1855 1306 1909 operam
1319 1844 1402 1897 Panlo
1416 1858 1482 1896 eum
1500 1859 1591 1898 conse·

374 1947 400 2001 ei
420 1959 520 2000 manus
545 1945 736 2009 imposuerat,
755 1940 872 2005 simplex
894 1941 969 1991 esset
1001 1929 1088 1982 oranti
1109 1929 1305 1996 praestiterint,
1327 1943 1399 1996 quos
1422 1936 1518 1985 tamen
1535 1933 1593 1998 Epi·

373 2029 575 2086 sacerdos.¹S.
599 2025 767 2094 Epiphanius
788 2037 822 2076 ex
838 2035 873 2076 eo
896 2033 969 2088 prae-
1002 2030 1103 2084 scopos
1122 2018 1211 2070 fnisse
1230 2018 1342 2072 omnino
1365 2019 1525 2074 verosimile
1544 2026 1593 2074 est.

373 2119 454 2184 cipue
474 2116 563 2182 capite
596 2113 667 2166 herii
696 2110 824 2164 haeresim
849 2107 967 2170 refellit,
1002 2103 1145 2170 Simplices
1171 2103 1282 2170 quidem
1309 2104 1466 2157 sacerdotes
1497 2105 1595 2158 etiam-

374 2204 447 2270 quod
465 2201 580 2254 ordines
597 2197 765 2252 conferendo
780 2193 906 2260 Episcopi
924 2206 971 2259 pa·
1003 2203 1069 2242 num
1086 2189 1234 2255 aliquando
1252 2190 1362 2242 adstant
1374 2191 1509 2257 Episcopo
1530 2204 1594 2244 con-

373 2294 430 2340 tras
446 2285 569 2338 fidelium
589 2283 704 2350 gignant
718 2296 726 2331 z
741 2300 754 2326 a
770 2279 887 2344 Quinam
909 2277 968 2331 lieri
1004 2277 1139 2340 sementi,
1170 2279 1367 2343 Episcoporum
1404 2277 1592 2330 adsistentium

379 2376 490 2440 potest,
509 2376 540 2424 ut
552 2368 779 2436 ispresbyternm
801 2363 967 2427 constituat,
1002 2367 1128 2417 tenentes
1140 2364 1231 2418 locum
1243 2364 1345 2430 sidque
1366 2364 1529 2432 contingere
1546 2377 1591 2431 po·

372 2459 501 2525 adonem
517 2455 664 2510 creandum
676 2463 809 2506 manuum
828 2449 970 2516 imponen·
1003 2453 1054 2504 tuit
1078 2450 1163 2504 Paulo
1192 2451 1367 2504 Timotheum
1397 2457 1589 2513 consecrante,

334 2592 343 2614 ,
379 2546 476 2600 darum
495 2545 541 2611 jns
559 2543 665 2595 nullum
682 2534 968 2602 habettordosiqui-
1002 2535 1067 2603 quin
1092 2536 1138 2602 jus
1166 2535 1243 2588 illum
1271 2535 1419 2589 ordinandi
1449 2536 1513 2590 inde
1540 2535 1590 2588 illis

378 2633 442 2686 dem
452 2630 652 2697 Episcoporum
662 2626 697 2679 ad
709 2623 862 2692 gignendos
874 2627 967 2688 patres
1001 2621 1163 2686 probaretur
1180 2625 1345 2686 competere.
1358 2622 1495 2675 caeterum
1508 2621 1590 2675 senio

376 2717 514 2786 praecipue
527 2715 662 2781 pertinet;
675 2713 755 2779 hujus
772 2710 846 2763 enim
863 2714 906 2762 est
918 2721 967 2775 pa·
1002 2721 1046 2760 res
1059 2707 1141 2760 laicos
1152 2719 1185 2760 eo
1199 2707 1254 2760 loci
1269 2706 1423 2775 intelligere
1442 2708 1478 2762 ab
1492 2721 1543 2762 usu
1552 2709 1591 2762 lo-

368 2807 446 2855 -trum
458 2802 486 2853 in
497 2799 618 2853 Ecclesia
631 2797 808 2863 propagatim
820 2796 891 2849 alter
901 2808 967 2848 cum
1001 2794 1103 2860 qnendi
1117 2807 1259 2848 sacrorum
1272 2795 1455 2861 scriptorum,
1466 2801 1521 2849 eta
1538 2800 1589 2849 tota

370 2891 464 2953 patres
479 2896 533 2937 aaa
543 2882 725 2947 possit,filios
743 2879 873 2935 Ecclesia
882 2880 966 2933 lotio-
1001 2880 1148 2935 traditione
1161 2882 1299 2935 abhorret.

374 2972 419 3026 nis
432 2968 641 3036 regeneratione
663 2964 858 3033 producit.⁸s.
871 2963 967 3017 lliero-
1036 2968 1093 3019 115.
1117 2966 1177 3033 cuj.
1196 2968 1221 3019 E
1240 2966 1390 3020 concilium
1421 2968 1587 3035 Ancyranum

374 3070 474 3125 aymus
488 3054 516 3106 in
527 3067 562 3107 co
574 3053 696 3106 eminere
707 3050 835 3117 Episcopi
844 3049 967 3117 dignita-
1001 3062 1074 3103 anno
1085 3052 1136 3103 bil
1154 3051 1274 3105 decrevit
1293 3074 1299 3102 ι
1322 3071 1339 3101 κ
1352 3052 1465 3105 vicariis
1478 3053 1589 3119 Episco-

366 3150 430 3197 -tem
444 3138 640 3203 lateturzubuid
651 3137 724 3200 lacit,
734 3140 846 3202 excepta
854 3134 967 3189 ordina·
1001 3148 1113 3203 porum,
1131 3150 1202 3203 quos
1217 3137 1302 3191 Graeci
1315 3138 1583 3205 chorepiscoposvo·

374 3218 968 3291 tione,Episcopus,quodpresbyternonia·
1001 3228 1080 3287 cant,
1100 3235 1156 3277 nan
1169 3224 1251 3277 licere
1267 3226 1311 3278 vel
1333 3225 1527 3292 presbyteros,
1548 3224 1586 3279 ml

341 3304 967 3377 '-ciarttsmhrysostomus:asclepamque
1001 3307 1133 3361 diaconos
1168 3307 1297 3362 ordinare
1318 3348 1324 3360 .
1346 3348 1353 3361 .
1375 3350 1381 3361 .
1404 3348 1411 3363 .
1431 3310 1493 3365 sine
1524 3322 1587 3377 prse-

374 3397 547 3451 ordinatlone
562 3396 720 3462 superiores
728 3398 802 3457 sunt,
810 3398 892 3459 atque
899 3392 965 3446 hinc
1002 3398 1080 3459 cepto
1094 3393 1230 3460 Episcopi.
1243 3414 1255 3440 ι
1268 3393 1280 3428 ⁷
1298 3394 1336 3447 lta
1349 3395 1441 3448 etalio
1455 3394 1588 3456 concilia,

369 3476 968 3546 tantumvidenturpresbyterispraestare.»⁸
1001 3478 1175 3545 quaeidcirco
1193 3484 1356 3544 potestatem
1374 3480 1522 3533 ordinandi
1534 3493 1588 3547 pre·

409 3568 468 3617 111.
498 3563 638 3618 Probatur
656 3565 682 3616 l.
704 3562 907 3627 antiquissimis
915 3561 968 3615 lti-
1002 3562 1135 3629 sbyteris,
1157 3565 1254 3629 quales
1276 3569 1354 3617 erant
1385 3565 1584 3631 chorepiscopi,

368 3648 506 3702 rualdus.
521 3647 594 3700 Libri
611 3660 709 3699 omnes
730 3646 859 3711 rituales,
883 3646 967 3699 etiam
1002 3660 1177 3702 communem
1196 3662 1260 3703 esse
1281 3654 1469 3717 agnoverunt,
1499 3664 1587 3718 quam·

369 3731 706 3800 antiquissimi,0rdinum
716 3732 968 3786 conferendiratio·
999 3732 1060 3797 vis,
1076 3733 1181 3804 ordinis
1200 3747 1296 3799 causa,
1309 3734 1389 3788 venia
1405 3735 1538 3802 Episcopi
1547 3748 1588 3787 ex·

364 3832 444 3872 -nem
469 3816 675 3880 describentes,
704 3816 869 3883 Episcopum
889 3818 969 3871 mini·
1001 3817 1134 3884 quirenda
1154 3820 1236 3874 foret.
1340 3847 1347 3857 ·

369 3909 464 3957 ,strum
480 3902 610 3955 exhibent
623 3917 630 3953 :
644 3904 718 3969 qnod
730 3902 916 3957 testimoninm
928 3908 971 3959 est
1036 3906 1094 3957 116.
1108 3906 1187 3971 llesp.
1202 3904 1396 3971 Chorepiscopi
1405 3905 1530 3959 nonnulli
1540 3902 1587 3969 epi·

376 3990 484 4057 insigne
492 3994 607 4043 vetustae
618 3988 781 4043 traditionis.
794 3988 905 4043 Accedit
914 4001 971 4044 om·
1003 3990 1107 4055 scopali
1133 3990 1255 4055 insigniti
1276 3990 1387 4044 luerunt
1418 3991 1586 4049 charactere,

366 4076 600 4129 niumsectarnm
613 4075 787 4129 orientalium
799 4075 966 4141 consensio,
992 4076 1062 4133 ,aliis
1083 4087 1116 4128 eo
1134 4076 1382 4129 carentibusllinc
1402 4075 1504 4148 iactum
1515 4078 1589 4127 estut

365 4161 500 4216 ,moribus
517 4160 694 4230 comprobata
709 4166 745 4215 ,et
763 4160 968 4215 documentls.⁶
1001 4161 1143 4216 nonnullis
1158 4161 1253 4216 liceret
1266 4174 1360 4215 saeros
1380 4161 1506 4214 conferre
1523 4158 1591 4213 ordi·

507 4244 672 4311 Objectiaues
684 4247 840 4300 solvuntur.
1002 4259 1070 4310 nes,
1083 4245 1192 4300 licentia
1201 4246 1327 4312 Episcopi
1340 4246 1388 4311 qui
1401 4245 1516 4299 dioecesi
1528 4254 1590 4310 pra

367 4352 385 4373 a
413 4331 469 4383 ild.
485 4328 545 4395 Obj.
563 4331 787 4397 l.lpostolusde
795 4329 969 4397 impositione
1003 4332 1465 4400 eratimpotrata.Episcoporum‹
1488 4330 1590 4397 quim

400 4589 430 4640 (tl
440 4589 531 4631 Constit.
540 4590 614 4643 Apost.
624 4592 639 4631 l.
648 4592 694 4633 viii.
707 4605 754 4647 cap.
765 4594 808 4636 xvi.
1026 4594 1053 4649 (bl
1061 4595 1125 4635 nom.
1133 4593 1162 4637 xi.
1172 4594 1194 4635 in
1204 4594 1260 4649 hep.
1268 4595 1296 4637 nd
1306 4594 1401 4636 Timotla.
1410 4605 1432 4635 n.
1439 4594 1456 4635 i.

404 4658 431 4704 (a)
441 4657 544 4709 Apologia
554 4664 629 4711 contra
645 4662 717 4703 ariam
727 4674 749 4703 a.
759 4668 790 4704 11.
1024 4664 1052 4717 (a)
1061 4663 1114 4704 Vide
1126 4675 1181 4717 opus
1190 4664 1218 4705 de
1226 4666 1250 4706 la
1258 4664 1384 4717 perpetrasse
1390 4662 1418 4704 da
1426 4662 1489 4714 lassi
1497 4667 1512 4703 t.
1519 4672 1538 4703 r.
1547 4660 1560 4702 l.
1568 4671 1591 4702 r.

405 4727 433 4777 pa)
444 4727 502 4767 Iler.
510 4725 564 4768 lxxv.
575 4728 603 4781 (t)
616 4728 696 4791 cap-J.
716 4786 719 4789 ἢ
891 4777 894 4781 A
1000 4744 1021 4775 o.
1037 4732 1093 4786 v.(7)
1103 4732 1209 4798 eapitis.

1332 4908 1341 4947 Α
1415 4880 1418 4888 .
