<?xml version="1.0" encoding="UTF-8"?>
<!DOCTYPE html PUBLIC "-//W3C//DTD XHTML 1.0 Transitional//EN"
    "http://www.w3.org/TR/xhtml1/DTD/xhtml1-transitional.dtd">
<html xmlns="http://www.w3.org/1999/xhtml" xml:lang="en" lang="en">
 <head>
  <title>
</title>
<meta http-equiv="Content-Type" content="text/html;charset=utf-8" />
  <meta name='ocr-system' content='tesseract 3.04.00' />
  <meta name='ocr-capabilities' content='ocr_page ocr_carea ocr_par ocr_line ocrx_word'/>
</head>
<body>
  <div class='ocr_page' id='page_1' title='image "./theologiadogmat02kenrgoog_0135.png"; bbox 0 0 3792 5550; ppageno 0'>
   <div class='ocr_carea' id='block_1_1' title="bbox 634 540 1504 611">
    <p class='ocr_par' dir='ltr' id='par_1_1' title="bbox 634 540 1504 611">
     <span class='ocr_line' id='line_1_1' title="bbox 634 540 1504 611; baseline 0.01 -21"><span class='ocrx_word' id='word_1_1' title='bbox 634 540 703 593; x_wconf 81' lang='lat' dir='ltr'><strong>dtr.</strong></span> <span class='ocrx_word' id='word_1_2' title='bbox 722 544 764 593; x_wconf 87' lang='lat' dir='ltr'><strong>vt.</strong></span> <span class='ocrx_word' id='word_1_3' title='bbox 783 542 913 595; x_wconf 76' lang='lat' dir='ltr'>PATRUM</span> <span class='ocrx_word' id='word_1_4' title='bbox 933 540 1142 593; x_wconf 77' lang='lat' dir='ltr'><strong>rosttboitit.</strong></span> <span class='ocrx_word' id='word_1_5' title='bbox 1261 599 1268 611; x_wconf 84' lang='lat'>.</span> <span class='ocrx_word' id='word_1_6' title='bbox 1296 569 1297 574; x_wconf 45' lang='lat'>¹</span> <span class='ocrx_word' id='word_1_7' title='bbox 1459 547 1504 601; x_wconf 76' lang='lat' dir='ltr'><strong>tat</strong></span> 
     </span>
    </p>
   </div>
   <div class='ocr_carea' id='block_1_2' title="bbox 297 648 1549 1153">
    <p class='ocr_par' dir='ltr' id='par_1_2' title="bbox 297 648 1549 1153">
     <span class='ocr_line' id='line_1_2' title="bbox 301 648 1549 727; baseline 0.006 -21"><span class='ocrx_word' id='word_1_8' title='bbox 301 648 348 717; x_wconf 87' lang='lat' dir='ltr'><strong>ita,</strong></span> <span class='ocrx_word' id='word_1_9' title='bbox 363 659 435 720; x_wconf 84' lang='lat' dir='ltr'><strong>epoto</strong></span> <span class='ocrx_word' id='word_1_10' title='bbox 446 656 580 722; x_wconf 79' lang='lat' dir='ltr'><strong>sanguiue</strong></span> <span class='ocrx_word' id='word_1_11' title='bbox 593 659 723 722; x_wconf 83' lang='lat' dir='ltr'><strong>Domini,</strong></span> <span class='ocrx_word' id='word_1_12' title='bbox 742 664 769 712; x_wconf 90' lang='lat' dir='ltr'><strong>et</strong></span> <span class='ocrx_word' id='word_1_13' title='bbox 785 658 884 725; x_wconf 88' lang='lat' dir='ltr'><strong>poculo</strong></span> <span class='ocrx_word' id='word_1_14' title='bbox 919 659 944 707; x_wconf 91' lang='lat' dir='ltr'><strong>et</strong></span> <span class='ocrx_word' id='word_1_15' title='bbox 955 655 996 707; x_wconf 87' lang='lat' dir='ltr'><strong>sio</strong></span> <span class='ocrx_word' id='word_1_16' title='bbox 1007 654 1174 709; x_wconf 89' lang='lat' dir='ltr'><strong>redduntur:</strong></span> <span class='ocrx_word' id='word_1_17' title='bbox 1187 677 1199 703; x_wconf 73' lang='lat' dir='ltr'><strong>a</strong></span> <span class='ocrx_word' id='word_1_18' title='bbox 1215 660 1347 712; x_wconf 80' lang='lat' dir='ltr'><strong>Praeterea</strong></span> <span class='ocrx_word' id='word_1_19' title='bbox 1360 660 1441 713; x_wconf 92' lang='lat' dir='ltr'><strong>etiam</strong></span> <span class='ocrx_word' id='word_1_20' title='bbox 1456 662 1510 727; x_wconf 89' lang='lat' dir='ltr'><strong>pri·</strong></span> <span class='ocrx_word' id='word_1_21' title='bbox 1545 676 1549 684; x_wconf 94' lang='grc'><em>·</em></span> 
     </span>
     <span class='ocr_line' id='line_1_3' title="bbox 301 740 1511 811; baseline 0.007 -20"><span class='ocrx_word' id='word_1_22' title='bbox 301 740 426 805; x_wconf 88' lang='lat' dir='ltr'><strong>satutari,</strong></span> <span class='ocrx_word' id='word_1_23' title='bbox 450 746 601 807; x_wconf 82' lang='lat' dir='ltr'>exponatur</span> <span class='ocrx_word' id='word_1_24' title='bbox 627 743 760 797; x_wconf 87' lang='lat' dir='ltr'><strong>memoria</strong></span> <span class='ocrx_word' id='word_1_25' title='bbox 783 742 884 797; x_wconf 84' lang='lat' dir='ltr'><strong>veteris</strong></span> <span class='ocrx_word' id='word_1_26' title='bbox 916 743 972 795; x_wconf 85' lang='lat' dir='ltr'><strong>vati</strong></span> <span class='ocrx_word' id='word_1_27' title='bbox 989 740 1105 795; x_wconf 86' lang='lat' dir='ltr'><strong>tuissent</strong></span> <span class='ocrx_word' id='word_1_28' title='bbox 1121 743 1318 797; x_wconf 87' lang='lat' dir='ltr'><strong>communione</strong></span> <span class='ocrx_word' id='word_1_29' title='bbox 1336 746 1459 811; x_wconf 87' lang='lat' dir='ltr'><strong>corporis</strong></span> <span class='ocrx_word' id='word_1_30' title='bbox 1481 753 1511 801; x_wconf 91' lang='lat' dir='ltr'><strong>et</strong></span> 
     </span>
     <span class='ocr_line' id='line_1_4' title="bbox 299 824 1512 895; baseline 0.009 -21"><span class='ocrx_word' id='word_1_31' title='bbox 299 824 425 890; x_wconf 90' lang='lat' dir='ltr'><strong>bominis,</strong></span> <span class='ocrx_word' id='word_1_32' title='bbox 444 830 471 880; x_wconf 91' lang='lat' dir='ltr'><strong>et</strong></span> <span class='ocrx_word' id='word_1_33' title='bbox 490 827 535 879; x_wconf 87' lang='lat' dir='ltr'><strong>tiat</strong></span> <span class='ocrx_word' id='word_1_34' title='bbox 548 828 650 883; x_wconf 87' lang='lat' dir='ltr'><strong>oblivio</strong></span> <span class='ocrx_word' id='word_1_35' title='bbox 668 828 883 882; x_wconf 84' lang='lat' dir='ltr'><strong>conversationis</strong></span> <span class='ocrx_word' id='word_1_36' title='bbox 916 824 1060 892; x_wconf 86' lang='lat' dir='ltr'><strong>sangoinis</strong></span> <span class='ocrx_word' id='word_1_37' title='bbox 1077 825 1171 881; x_wconf 84' lang='lat' dir='ltr'><strong>fideles</strong></span> <span class='ocrx_word' id='word_1_38' title='bbox 1184 828 1351 893; x_wconf 72' lang='lat' dir='ltr'><strong>posteriores</strong></span> <span class='ocrx_word' id='word_1_39' title='bbox 1362 844 1370 892; x_wconf 91' lang='grc'>;</span> <span class='ocrx_word' id='word_1_40' title='bbox 1383 832 1449 895; x_wconf 83' lang='lat' dir='ltr'><strong>(nisi</strong></span> <span class='ocrx_word' id='word_1_41' title='bbox 1460 833 1512 885; x_wconf 84' lang='lat' dir='ltr'><strong>boc</strong></span> 
     </span>
     <span class='ocr_line' id='line_1_5' title="bbox 297 907 1508 982; baseline 0.01 -23"><span class='ocrx_word' id='word_1_42' title='bbox 297 907 413 973; x_wconf 86' lang='lat' dir='ltr'><strong>pristinae</strong></span> <span class='ocrx_word' id='word_1_43' title='bbox 433 912 582 978; x_wconf 88' lang='lat' dir='ltr'><strong>saecularis,</strong></span> <span class='ocrx_word' id='word_1_44' title='bbox 594 918 621 967; x_wconf 91' lang='lat' dir='ltr'><strong>et</strong></span> <span class='ocrx_word' id='word_1_45' title='bbox 638 920 767 968; x_wconf 88' lang='lat' dir='ltr'><strong>moestum</strong></span> <span class='ocrx_word' id='word_1_46' title='bbox 787 918 882 981; x_wconf 90' lang='lat' dir='ltr'><strong>pectus</strong></span> <span class='ocrx_word' id='word_1_47' title='bbox 915 917 1117 965; x_wconf 77' lang='lat' dir='ltr'><strong>accrescentem</strong></span> <span class='ocrx_word' id='word_1_48' title='bbox 1138 914 1310 980; x_wconf 67' lang='lat' dir='ltr'><strong>instituisset)</strong></span> <span class='ocrx_word' id='word_1_49' title='bbox 1332 915 1382 967; x_wconf 90' lang='lat' dir='ltr'><strong>sed</strong></span> <span class='ocrx_word' id='word_1_50' title='bbox 1416 931 1508 982; x_wconf 89' lang='lat' dir='ltr'><strong>nunc,</strong></span> 
     </span>
     <span class='ocr_line' id='line_1_6' title="bbox 298 994 1509 1071; baseline 0.01 -27"><span class='ocrx_word' id='word_1_51' title='bbox 298 1005 326 1045; x_wconf 90' lang='lat' dir='ltr'><strong>ao</strong></span> <span class='ocrx_word' id='word_1_52' title='bbox 337 994 428 1060; x_wconf 91' lang='lat' dir='ltr'><strong>triste,</strong></span> <span class='ocrx_word' id='word_1_53' title='bbox 449 998 523 1063; x_wconf 85' lang='lat' dir='ltr'><strong>qnod</strong></span> <span class='ocrx_word' id='word_1_54' title='bbox 544 998 621 1064; x_wconf 87' lang='lat' dir='ltr'><strong>prius</strong></span> <span class='ocrx_word' id='word_1_55' title='bbox 641 1000 759 1066; x_wconf 87' lang='lat' dir='ltr'><strong>peccatis</strong></span> <span class='ocrx_word' id='word_1_56' title='bbox 778 1014 883 1067; x_wconf 83' lang='lat' dir='ltr'><strong>angen·</strong></span> <span class='ocrx_word' id='word_1_57' title='bbox 915 996 1143 1063; x_wconf 77' lang='lat' dir='ltr'><strong>quotiescumque</strong></span> <span class='ocrx_word' id='word_1_58' title='bbox 1167 999 1202 1052; x_wconf 92' lang='lat' dir='ltr'><strong>ad</strong></span> <span class='ocrx_word' id='word_1_59' title='bbox 1225 1012 1325 1070; x_wconf 88' lang='lat' dir='ltr'><strong>corpus</strong></span> <span class='ocrx_word' id='word_1_60' title='bbox 1347 1007 1375 1054; x_wconf 92' lang='lat' dir='ltr'><strong>et</strong></span> <span class='ocrx_word' id='word_1_61' title='bbox 1396 1005 1509 1071; x_wconf 88' lang='lat' dir='ltr'><strong>sangui-</strong></span> 
     </span>
     <span class='ocr_line' id='line_1_7' title="bbox 297 1078 1509 1153; baseline 0.012 -24"><span class='ocrx_word' id='word_1_62' title='bbox 297 1078 365 1132; x_wconf 91' lang='lat' dir='ltr'><strong>tibus</strong></span> <span class='ocrx_word' id='word_1_63' title='bbox 376 1082 560 1147; x_wconf 88' lang='lat' dir='ltr'><strong>premebatur,</strong></span> <span class='ocrx_word' id='word_1_64' title='bbox 582 1084 683 1139; x_wconf 87' lang='lat' dir='ltr'><strong>divinae</strong></span> <span class='ocrx_word' id='word_1_65' title='bbox 704 1084 882 1151; x_wconf 75' lang='lat' dir='ltr'><strong>indulgentiae</strong></span> <span class='ocrx_word' id='word_1_66' title='bbox 915 1094 980 1135; x_wconf 92' lang='lat' dir='ltr'><strong>nem</strong></span> <span class='ocrx_word' id='word_1_67' title='bbox 1001 1083 1175 1149; x_wconf 70' lang='lat' dir='ltr'><strong>accedimus,</strong></span> <span class='ocrx_word' id='word_1_68' title='bbox 1194 1090 1322 1153; x_wconf 83' lang='lat' dir='ltr'><strong>etsnper</strong></span> <span class='ocrx_word' id='word_1_69' title='bbox 1339 1100 1437 1143; x_wconf 85' lang='lat' dir='ltr'><strong>manus</strong></span> <span class='ocrx_word' id='word_1_70' title='bbox 1458 1102 1509 1143; x_wconf 90' lang='lat' dir='ltr'><strong>uo-</strong></span> 
     </span>
    </p>
   </div>
   <div class='ocr_carea' id='block_1_3' title="bbox 296 1164 1610 1235">
    <p class='ocr_par' dir='ltr' id='par_1_3' title="bbox 296 1164 1610 1235">
     <span class='ocr_line' id='line_1_8' title="bbox 296 1164 1610 1235; baseline 0.01 -21"><span class='ocrx_word' id='word_1_71' title='bbox 296 1164 382 1217; x_wconf 90' lang='lat' dir='ltr'><strong>laetitia</strong></span> <span class='ocrx_word' id='word_1_72' title='bbox 404 1169 534 1222; x_wconf 87' lang='lat' dir='ltr'><strong>solvatur.</strong></span> <span class='ocrx_word' id='word_1_73' title='bbox 585 1208 592 1223; x_wconf 93' lang='lat'><strong>.</strong></span> <span class='ocrx_word' id='word_1_74' title='bbox 641 1209 647 1224; x_wconf 91' lang='lat'><strong>.</strong></span> <span class='ocrx_word' id='word_1_75' title='bbox 694 1209 700 1221; x_wconf 92' lang='lat'>.</span> <span class='ocrx_word' id='word_1_76' title='bbox 757 1170 880 1225; x_wconf 80' lang='lat' dir='ltr'><strong>Ebrietas</strong></span> <span class='ocrx_word' id='word_1_77' title='bbox 914 1173 986 1221; x_wconf 84' lang='lat' dir='ltr'><strong>siras</strong></span> <span class='ocrx_word' id='word_1_78' title='bbox 999 1168 1220 1235; x_wconf 89' lang='lat' dir='ltr'><strong>accipimus,sic</strong></span> <span class='ocrx_word' id='word_1_79' title='bbox 1232 1172 1371 1227; x_wconf 88' lang='lat' dir='ltr'><strong>credimus</strong></span> <span class='ocrx_word' id='word_1_80' title='bbox 1382 1186 1434 1228; x_wconf 92' lang='lat' dir='ltr'><strong>nos</strong></span> <span class='ocrx_word' id='word_1_81' title='bbox 1447 1188 1531 1229; x_wconf 88' lang='lat' dir='ltr'><strong>cor-.</strong></span> <span class='ocrx_word' id='word_1_82' title='bbox 1601 1208 1610 1227; x_wconf 88' lang='lat'><strong>.</strong></span> 
     </span>
    </p>
   </div>
   <div class='ocr_carea' id='block_1_4' title="bbox 205 1250 1508 4408">
    <p class='ocr_par' dir='ltr' id='par_1_4' title="bbox 205 1250 1508 4408">
     <span class='ocr_line' id='line_1_9' title="bbox 296 1250 1508 1327; baseline 0.015 -27"><span class='ocrx_word' id='word_1_83' title='bbox 296 1250 363 1303; x_wconf 90' lang='lat' dir='ltr'><strong>enim</strong></span> <span class='ocrx_word' id='word_1_84' title='bbox 373 1252 502 1308; x_wconf 89' lang='lat' dir='ltr'><strong>dominici</strong></span> <span class='ocrx_word' id='word_1_85' title='bbox 516 1255 608 1309; x_wconf 90' lang='lat' dir='ltr'><strong>calicis</strong></span> <span class='ocrx_word' id='word_1_86' title='bbox 621 1262 648 1311; x_wconf 90' lang='lat' dir='ltr'><strong>et</strong></span> <span class='ocrx_word' id='word_1_87' title='bbox 666 1256 807 1325; x_wconf 87' lang='lat' dir='ltr'><strong>sanguinis</strong></span> <span class='ocrx_word' id='word_1_88' title='bbox 823 1270 879 1311; x_wconf 89' lang='lat' dir='ltr'><strong>non</strong></span> <span class='ocrx_word' id='word_1_89' title='bbox 914 1265 966 1320; x_wconf 92' lang='lat' dir='ltr'><strong>pus</strong></span> <span class='ocrx_word' id='word_1_90' title='bbox 989 1254 1135 1320; x_wconf 71' lang='lat' dir='ltr'><strong>amplecti,</strong></span> <span class='ocrx_word' id='word_1_91' title='bbox 1156 1261 1184 1309; x_wconf 78' lang='grc' dir='ltr'><strong>θῐ</strong></span> <span class='ocrx_word' id='word_1_92' title='bbox 1200 1268 1253 1309; x_wconf 71' lang='lat'><strong>110⁸</strong></span> <span class='ocrx_word' id='word_1_93' title='bbox 1280 1260 1370 1312; x_wconf 74' lang='lat' dir='ltr'><strong>carnis</strong></span> <span class='ocrx_word' id='word_1_94' title='bbox 1399 1262 1458 1327; x_wconf 81' lang='lat' dir='ltr'><strong>eius</strong></span> <span class='ocrx_word' id='word_1_95' title='bbox 1479 1267 1508 1315; x_wconf 85' lang='lat' dir='ltr'><strong>et</strong></span> 
     </span>
     <span class='ocr_line' id='line_1_10' title="bbox 295 1338 1508 1412; baseline 0.01 -25"><span class='ocrx_word' id='word_1_96' title='bbox 295 1340 333 1388; x_wconf 91' lang='lat' dir='ltr'><strong>est</strong></span> <span class='ocrx_word' id='word_1_97' title='bbox 352 1338 431 1403; x_wconf 88' lang='lat' dir='ltr'><strong>talis,</strong></span> <span class='ocrx_word' id='word_1_98' title='bbox 448 1338 537 1407; x_wconf 86' lang='lat' dir='ltr'><strong>qualis</strong></span> <span class='ocrx_word' id='word_1_99' title='bbox 554 1341 674 1395; x_wconf 88' lang='lat' dir='ltr'><strong>ebrietas</strong></span> <span class='ocrx_word' id='word_1_100' title='bbox 692 1343 748 1397; x_wconf 90' lang='lat' dir='ltr'><strong>viui</strong></span> <span class='ocrx_word' id='word_1_101' title='bbox 766 1345 880 1396; x_wconf 89' lang='lat' dir='ltr'><strong>saecuta·</strong></span> <span class='ocrx_word' id='word_1_102' title='bbox 913 1339 1018 1393; x_wconf 87' lang='lat' dir='ltr'><strong>ossium</strong></span> <span class='ocrx_word' id='word_1_103' title='bbox 1037 1341 1096 1407; x_wconf 82' lang='lat' dir='ltr'><strong>ejus</strong></span> <span class='ocrx_word' id='word_1_104' title='bbox 1115 1342 1273 1409; x_wconf 80' lang='lat' dir='ltr'><strong>(participes</strong></span> <span class='ocrx_word' id='word_1_105' title='bbox 1295 1342 1375 1409; x_wconf 86' lang='lat' dir='ltr'><strong>tieri),</strong></span> <span class='ocrx_word' id='word_1_106' title='bbox 1390 1347 1466 1412; x_wconf 81' lang='lat' dir='ltr'><strong>juxta</strong></span> <span class='ocrx_word' id='word_1_107' title='bbox 1478 1347 1508 1399; x_wconf 87' lang='lat' dir='ltr'><strong>id</strong></span> 
     </span>
     <span class='ocr_line' id='line_1_11' title="bbox 294 1420 1508 1493; baseline 0.008 -18"><span class='ocrx_word' id='word_1_108' title='bbox 294 1420 363 1473; x_wconf 75' lang='lat' dir='ltr'><strong>ris.»</strong></span> <span class='ocrx_word' id='word_1_109' title='bbox 385 1423 394 1456; x_wconf 87' lang='lat'>¹</span> <span class='ocrx_word' id='word_1_110' title='bbox 416 1428 452 1479; x_wconf 89' lang='lat' dir='ltr'><strong>be</strong></span> <span class='ocrx_word' id='word_1_111' title='bbox 470 1426 503 1479; x_wconf 91' lang='lat' dir='ltr'><strong>iis</strong></span> <span class='ocrx_word' id='word_1_112' title='bbox 516 1439 586 1492; x_wconf 83' lang='lat' dir='ltr'><strong>quos</strong></span> <span class='ocrx_word' id='word_1_113' title='bbox 607 1428 696 1480; x_wconf 87' lang='lat' dir='ltr'><strong>maius</strong></span> <span class='ocrx_word' id='word_1_114' title='bbox 714 1427 880 1493; x_wconf 88' lang='lat' dir='ltr'><strong>impediebat</strong></span> <span class='ocrx_word' id='word_1_115' title='bbox 913 1426 987 1493; x_wconf 86' lang='lat' dir='ltr'><strong>quod</strong></span> <span class='ocrx_word' id='word_1_116' title='bbox 1009 1426 1204 1491; x_wconf 89' lang='lat' dir='ltr'><strong>scriptumest.</strong></span> <span class='ocrx_word' id='word_1_117' title='bbox 1221 1429 1366 1485; x_wconf 80' lang='lat' dir='ltr'><strong>Enimvero</strong></span> <span class='ocrx_word' id='word_1_118' title='bbox 1383 1433 1508 1485; x_wconf 79' lang='lat' dir='ltr'><strong>christus</strong></span> 
     </span>
     <span class='ocr_line' id='line_1_12' title="bbox 293 1508 1507 1593; baseline 0.008 -34"><span class='ocrx_word' id='word_1_119' title='bbox 293 1508 417 1571; x_wconf 90' lang='lat' dir='ltr'><strong>pudorne</strong></span> <span class='ocrx_word' id='word_1_120' title='bbox 433 1514 467 1565; x_wconf 94' lang='lat' dir='ltr'><strong>ad</strong></span> <span class='ocrx_word' id='word_1_121' title='bbox 485 1514 683 1568; x_wconf 67' lang='lat' dir='ltr'><strong>eucharistiam</strong></span> <span class='ocrx_word' id='word_1_122' title='bbox 699 1516 878 1579; x_wconf 80' lang='lat' dir='ltr'><strong>accederent,</strong></span> <span class='ocrx_word' id='word_1_123' title='bbox 912 1512 981 1564; x_wconf 88' lang='lat' dir='ltr'><strong>illud</strong></span> <span class='ocrx_word' id='word_1_124' title='bbox 1003 1524 1060 1566; x_wconf 90' lang='lat' dir='ltr'><strong>uon</strong></span> <span class='ocrx_word' id='word_1_125' title='bbox 1080 1512 1227 1579; x_wconf 84' lang='lat' dir='ltr'><strong>appetierit</strong></span> <span class='ocrx_word' id='word_1_126' title='bbox 1240 1515 1348 1593; x_wconf 58' lang='lat' dir='ltr'><strong>mmm</strong></span> <span class='ocrx_word' id='word_1_127' title='bbox 1364 1521 1410 1569; x_wconf 91' lang='lat' dir='ltr'><strong>aot</strong></span> <span class='ocrx_word' id='word_1_128' title='bbox 1420 1518 1507 1584; x_wconf 77' lang='lat' dir='ltr'><strong>Figu-</strong></span> 
     </span>
     <span class='ocr_line' id='line_1_13' title="bbox 293 1590 1505 1669; baseline 0.012 -26"><span class='ocrx_word' id='word_1_129' title='bbox 293 1592 353 1647; x_wconf 88' lang='lat' dir='ltr'><strong>dioit</strong></span> <span class='ocrx_word' id='word_1_130' title='bbox 370 1610 376 1648; x_wconf 95' lang='lat'>:</span> <span class='ocrx_word' id='word_1_131' title='bbox 403 1617 415 1644; x_wconf 75' lang='lat' dir='ltr'><strong>c</strong></span> <span class='ocrx_word' id='word_1_132' title='bbox 434 1600 577 1663; x_wconf 81' lang='lat' dir='ltr'><strong>Quomodo</strong></span> <span class='ocrx_word' id='word_1_133' title='bbox 600 1612 751 1666; x_wconf 88' lang='lat' dir='ltr'><strong>possumus</strong></span> <span class='ocrx_word' id='word_1_134' title='bbox 769 1606 880 1667; x_wconf 88' lang='lat' dir='ltr'><strong>propter</strong></span> <span class='ocrx_word' id='word_1_135' title='bbox 912 1608 990 1661; x_wconf 83' lang='lat' dir='ltr'><strong>rom,</strong></span> <span class='ocrx_word' id='word_1_136' title='bbox 1003 1598 1053 1651; x_wconf 92' lang='lat' dir='ltr'><strong>sed</strong></span> <span class='ocrx_word' id='word_1_137' title='bbox 1069 1600 1162 1665; x_wconf 79' lang='lat' dir='ltr'><strong>(dicit)</strong></span> <span class='ocrx_word' id='word_1_138' title='bbox 1176 1615 1185 1651; x_wconf 92' lang='lat'><em>:</em></span> <span class='ocrx_word' id='word_1_139' title='bbox 1198 1598 1266 1653; x_wconf 78' lang='lat' dir='ltr'><strong>vere</strong></span> <span class='ocrx_word' id='word_1_140' title='bbox 1281 1602 1337 1655; x_wconf 78' lang='lat' dir='ltr'><strong>Hoc</strong></span> <span class='ocrx_word' id='word_1_141' title='bbox 1353 1590 1393 1655; x_wconf 86' lang='lat' dir='ltr'><strong>est</strong></span> <span class='ocrx_word' id='word_1_142' title='bbox 1406 1616 1505 1669; x_wconf 81' lang='lat' dir='ltr'><strong>corpus</strong></span> 
     </span>
     <span class='ocr_line' id='line_1_14' title="bbox 291 1678 1455 1753; baseline 0.005 -24"><span class='ocrx_word' id='word_1_143' title='bbox 291 1678 423 1734; x_wconf 80' lang='lat' dir='ltr'><strong>Christum</strong></span> <span class='ocrx_word' id='word_1_144' title='bbox 436 1684 599 1751; x_wconf 86' lang='lat' dir='ltr'><strong>sanguinem</strong></span> <span class='ocrx_word' id='word_1_145' title='bbox 612 1685 743 1749; x_wconf 83' lang='lat' dir='ltr'><strong>tundore,</strong></span> <span class='ocrx_word' id='word_1_146' title='bbox 758 1686 805 1752; x_wconf 86' lang='lat' dir='ltr'><strong>qui</strong></span> <span class='ocrx_word' id='word_1_147' title='bbox 817 1699 880 1739; x_wconf 90' lang='lat' dir='ltr'><strong>san·</strong></span> <span class='ocrx_word' id='word_1_148' title='bbox 913 1694 1021 1747; x_wconf 85' lang='lat' dir='ltr'><strong>meum,</strong></span> <span class='ocrx_word' id='word_1_149' title='bbox 1034 1690 1063 1737; x_wconf 90' lang='lat' dir='ltr'><strong>et</strong></span> <span class='ocrx_word' id='word_1_150' title='bbox 1074 1685 1126 1737; x_wconf 85' lang='lat' dir='ltr'><strong>Hie</strong></span> <span class='ocrx_word' id='word_1_151' title='bbox 1136 1691 1177 1738; x_wconf 82' lang='lat' dir='ltr'><strong>eet</strong></span> <span class='ocrx_word' id='word_1_152' title='bbox 1187 1686 1300 1753; x_wconf 80' lang='lat' dir='ltr'><strong>sanguis</strong></span> <span class='ocrx_word' id='word_1_153' title='bbox 1311 1700 1397 1741; x_wconf 58' lang='lat' dir='ltr'><strong>meus,</strong></span> <span class='ocrx_word' id='word_1_154' title='bbox 1418 1710 1430 1735; x_wconf 65' lang='lat' dir='ltr'><strong>s</strong></span> <span class='ocrx_word' id='word_1_155' title='bbox 1444 1689 1455 1723; x_wconf 76' lang='lat'>⁸</span> 
     </span>
     <span class='ocr_line' id='line_1_15' title="bbox 290 1763 1503 1827; baseline 0.009 -11"><span class='ocrx_word' id='word_1_156' title='bbox 290 1763 396 1827; x_wconf 84' lang='lat' dir='ltr'><strong>guinem</strong></span> <span class='ocrx_word' id='word_1_157' title='bbox 428 1769 528 1821; x_wconf 85' lang='lat' dir='ltr'><strong>Christi</strong></span> <span class='ocrx_word' id='word_1_158' title='bbox 569 1770 760 1823; x_wconf 83' lang='lat' dir='ltr'><strong>erubescimus</strong></span> <span class='ocrx_word' id='word_1_159' title='bbox 800 1771 880 1825; x_wconf 90' lang='lat' dir='ltr'><strong>bibe·</strong></span> <span class='ocrx_word' id='word_1_160' title='bbox 947 1769 1005 1819; x_wconf 75' lang='lat'><strong>163.</strong></span> <span class='ocrx_word' id='word_1_161' title='bbox 1024 1770 1254 1823; x_wconf 70' lang='lat' dir='ltr'><strong>summosses:</strong></span> <span class='ocrx_word' id='word_1_162' title='bbox 1274 1792 1287 1818; x_wconf 70' lang='lat' dir='ltr'><strong>a</strong></span> <span class='ocrx_word' id='word_1_163' title='bbox 1306 1774 1385 1827; x_wconf 80' lang='lat' dir='ltr'><strong>Forte</strong></span> <span class='ocrx_word' id='word_1_164' title='bbox 1405 1774 1503 1827; x_wconf 84' lang='lat' dir='ltr'><strong>dicas:</strong></span> 
     </span>
     <span class='ocr_line' id='line_1_16' title="bbox 289 1852 1504 1923; baseline 0.012 -24"><span class='ocrx_word' id='word_1_165' title='bbox 289 1852 337 1903; x_wconf 83' lang='lat' dir='ltr'><strong>ret</strong></span> <span class='ocrx_word' id='word_1_166' title='bbox 352 1869 368 1899; x_wconf 77' lang='lat' dir='ltr'><strong>u</strong></span> <span class='ocrx_word' id='word_1_167' title='bbox 386 1852 398 1887; x_wconf 76' lang='lat'>²</span> <span class='ocrx_word' id='word_1_168' title='bbox 912 1852 992 1904; x_wconf 78' lang='lat' dir='ltr'><strong>Aliud</strong></span> <span class='ocrx_word' id='word_1_169' title='bbox 1002 1852 1083 1907; x_wconf 83' lang='lat' dir='ltr'><strong>rideo</strong></span> <span class='ocrx_word' id='word_1_170' title='bbox 1097 1869 1104 1904; x_wconf 76' lang='grc' dir='ltr'><strong><em>ε</em></strong></span> <span class='ocrx_word' id='word_1_171' title='bbox 1118 1857 1256 1920; x_wconf 84' lang='lat' dir='ltr'><strong>quomodo</strong></span> <span class='ocrx_word' id='word_1_172' title='bbox 1272 1862 1302 1909; x_wconf 89' lang='lat' dir='ltr'><strong>tu</strong></span> <span class='ocrx_word' id='word_1_173' title='bbox 1311 1858 1379 1909; x_wconf 89' lang='lat' dir='ltr'><strong>mibi</strong></span> <span class='ocrx_word' id='word_1_174' title='bbox 1392 1861 1504 1923; x_wconf 90' lang='lat' dir='ltr'><strong>asseris,</strong></span> 
     </span>
     <span class='ocr_line' id='line_1_17' title="bbox 317 1936 1506 2009; baseline 0.006 -18"><span class='ocrx_word' id='word_1_175' title='bbox 317 1938 376 1991; x_wconf 82' lang='lat' dir='ltr'><strong>toti.</strong></span> <span class='ocrx_word' id='word_1_176' title='bbox 402 1940 443 1991; x_wconf 83' lang='lat' dir='ltr'><strong>lv.</strong></span> <span class='ocrx_word' id='word_1_177' title='bbox 462 1942 576 1995; x_wconf 87' lang='lat' dir='ltr'><strong>Saeculo.</strong></span> <span class='ocrx_word' id='word_1_178' title='bbox 600 1942 746 2009; x_wconf 79' lang='lat' dir='ltr'><strong>Gregorius</strong></span> <span class='ocrx_word' id='word_1_179' title='bbox 768 1942 881 1995; x_wconf 84' lang='lat' dir='ltr'><strong>Nazian-</strong></span> <span class='ocrx_word' id='word_1_180' title='bbox 913 1936 988 2002; x_wconf 84' lang='lat' dir='ltr'><strong>quod</strong></span> <span class='ocrx_word' id='word_1_181' title='bbox 1007 1940 1217 2004; x_wconf 85' lang='lat' dir='ltr'><strong>corpusoortso</strong></span> <span class='ocrx_word' id='word_1_182' title='bbox 1235 1941 1435 2007; x_wconf 80' lang='lat' dir='ltr'><strong>accipiamtiit</strong></span> <span class='ocrx_word' id='word_1_183' title='bbox 1451 1945 1506 1998; x_wconf 91' lang='lat' dir='ltr'><strong>boc</strong></span> 
     </span>
     <span class='ocr_line' id='line_1_18' title="bbox 286 2023 1506 2093; baseline 0.007 -20"><span class='ocrx_word' id='word_1_184' title='bbox 286 2032 368 2075; x_wconf 89' lang='lat' dir='ltr'><strong>zenus</strong></span> <span class='ocrx_word' id='word_1_185' title='bbox 386 2024 429 2078; x_wconf 88' lang='lat' dir='ltr'><strong>bis</strong></span> <span class='ocrx_word' id='word_1_186' title='bbox 445 2026 537 2079; x_wconf 89' lang='lat' dir='ltr'><strong>verbis</strong></span> <span class='ocrx_word' id='word_1_187' title='bbox 550 2028 675 2080; x_wconf 86' lang='lat' dir='ltr'><strong>hortatur</strong></span> <span class='ocrx_word' id='word_1_188' title='bbox 694 2026 729 2080; x_wconf 91' lang='lat' dir='ltr'><strong>ad</strong></span> <span class='ocrx_word' id='word_1_189' title='bbox 747 2027 879 2081; x_wconf 79' lang='lat' dir='ltr'><strong>Euchari-</strong></span> <span class='ocrx_word' id='word_1_190' title='bbox 913 2023 993 2076; x_wconf 82' lang='lat' dir='ltr'><strong>nohis</strong></span> <span class='ocrx_word' id='word_1_191' title='bbox 1011 2030 1138 2089; x_wconf 87' lang='lat' dir='ltr'><strong>superest</strong></span> <span class='ocrx_word' id='word_1_192' title='bbox 1155 2032 1185 2078; x_wconf 89' lang='lat' dir='ltr'><strong>ut</strong></span> <span class='ocrx_word' id='word_1_193' title='bbox 1205 2028 1364 2093; x_wconf 88' lang='lat' dir='ltr'><strong>probemus.</strong></span> <span class='ocrx_word' id='word_1_194' title='bbox 1393 2030 1506 2093; x_wconf 82' lang='lat' dir='ltr'><strong>Quantis</strong></span> 
     </span>
     <span class='ocr_line' id='line_1_19' title="bbox 287 2106 1505 2180; baseline 0.007 -22"><span class='ocrx_word' id='word_1_195' title='bbox 287 2106 364 2161; x_wconf 85' lang='lat' dir='ltr'><strong>stiam</strong></span> <span class='ocrx_word' id='word_1_196' title='bbox 382 2110 570 2177; x_wconf 85' lang='lat' dir='ltr'><strong>recipiendam</strong></span> <span class='ocrx_word' id='word_1_197' title='bbox 583 2128 618 2163; x_wconf 88' lang='lat'><strong>:«</strong></span> <span class='ocrx_word' id='word_1_198' title='bbox 639 2112 703 2165; x_wconf 85' lang='lat' dir='ltr'><strong>sine</strong></span> <span class='ocrx_word' id='word_1_199' title='bbox 724 2113 831 2179; x_wconf 92' lang='lat' dir='ltr'><strong>pudore</strong></span> <span class='ocrx_word' id='word_1_200' title='bbox 846 2126 879 2167; x_wconf 89' lang='lat' dir='ltr'><strong>ac</strong></span> <span class='ocrx_word' id='word_1_201' title='bbox 912 2107 995 2175; x_wconf 82' lang='lat' dir='ltr'><strong>igitur</strong></span> <span class='ocrx_word' id='word_1_202' title='bbox 1012 2109 1117 2163; x_wconf 84' lang='lat' dir='ltr'><strong>utimur</strong></span> <span class='ocrx_word' id='word_1_203' title='bbox 1140 2113 1282 2177; x_wconf 81' lang='lat' dir='ltr'><strong>exemplis·</strong></span> <span class='ocrx_word' id='word_1_204' title='bbox 1301 2118 1331 2165; x_wconf 87' lang='lat' dir='ltr'><strong>ut</strong></span> <span class='ocrx_word' id='word_1_205' title='bbox 1355 2115 1505 2180; x_wconf 87' lang='lat' dir='ltr'><strong>probemus</strong></span> 
     </span>
     <span class='ocr_line' id='line_1_20' title="bbox 287 2192 1504 2267; baseline 0.009 -24"><span class='ocrx_word' id='word_1_206' title='bbox 287 2192 455 2249; x_wconf 83' lang='lat' dir='ltr'><strong>dubitatione</strong></span> <span class='ocrx_word' id='word_1_207' title='bbox 487 2208 587 2263; x_wconf 88' lang='lat' dir='ltr'><strong>corpus</strong></span> <span class='ocrx_word' id='word_1_208' title='bbox 616 2198 682 2261; x_wconf 90' lang='lat' dir='ltr'><strong>ede,</strong></span> <span class='ocrx_word' id='word_1_209' title='bbox 715 2198 877 2265; x_wconf 84' lang='lat' dir='ltr'><strong>sanguinem</strong></span> <span class='ocrx_word' id='word_1_210' title='bbox 912 2205 968 2247; x_wconf 89' lang='lat' dir='ltr'><strong>non</strong></span> <span class='ocrx_word' id='word_1_211' title='bbox 986 2195 1040 2249; x_wconf 90' lang='lat' dir='ltr'><strong>boe</strong></span> <span class='ocrx_word' id='word_1_212' title='bbox 1063 2208 1126 2249; x_wconf 89' lang='lat' dir='ltr'><strong>esse</strong></span> <span class='ocrx_word' id='word_1_213' title='bbox 1150 2198 1225 2262; x_wconf 84' lang='lat' dir='ltr'><strong>quod</strong></span> <span class='ocrx_word' id='word_1_214' title='bbox 1243 2202 1340 2251; x_wconf 87' lang='lat' dir='ltr'><strong>natura</strong></span> <span class='ocrx_word' id='word_1_215' title='bbox 1357 2200 1504 2267; x_wconf 78' lang='lat' dir='ltr'><strong>formavit,</strong></span> 
     </span>
     <span class='ocr_line' id='line_1_21' title="bbox 286 2277 1503 2350; baseline 0.008 -21"><span class='ocrx_word' id='word_1_216' title='bbox 286 2277 346 2331; x_wconf 90' lang='lat' dir='ltr'><strong>bibe</strong></span> <span class='ocrx_word' id='word_1_217' title='bbox 365 2280 388 2333; x_wconf 91' lang='lat' dir='ltr'><strong>si</strong></span> <span class='ocrx_word' id='word_1_218' title='bbox 409 2282 494 2335; x_wconf 93' lang='lat' dir='ltr'><strong>modo</strong></span> <span class='ocrx_word' id='word_1_219' title='bbox 510 2283 573 2337; x_wconf 85' lang='lat' dir='ltr'><strong>ritae</strong></span> <span class='ocrx_word' id='word_1_220' title='bbox 591 2282 730 2337; x_wconf 89' lang='lat' dir='ltr'><strong>desiderio</strong></span> <span class='ocrx_word' id='word_1_221' title='bbox 754 2285 875 2347; x_wconf 88' lang='lat' dir='ltr'><strong>teneris;</strong></span> <span class='ocrx_word' id='word_1_222' title='bbox 911 2279 961 2332; x_wconf 91' lang='lat' dir='ltr'><strong>sed</strong></span> <span class='ocrx_word' id='word_1_223' title='bbox 977 2281 1053 2344; x_wconf 83' lang='lat' dir='ltr'><strong>quod</strong></span> <span class='ocrx_word' id='word_1_224' title='bbox 1067 2281 1223 2335; x_wconf 87' lang='lat' dir='ltr'><strong>benedictio</strong></span> <span class='ocrx_word' id='word_1_225' title='bbox 1240 2285 1427 2350; x_wconf 90' lang='lat' dir='ltr'><strong>consecravit,</strong></span> <span class='ocrx_word' id='word_1_226' title='bbox 1446 2300 1503 2339; x_wconf 91' lang='lat' dir='ltr'><strong>ma·</strong></span> 
     </span>
     <span class='ocr_line' id='line_1_22' title="bbox 286 2367 1502 2440; baseline 0.009 -24"><span class='ocrx_word' id='word_1_227' title='bbox 286 2376 334 2418; x_wconf 90' lang='lat' dir='ltr'><strong>nec</strong></span> <span class='ocrx_word' id='word_1_228' title='bbox 348 2367 523 2422; x_wconf 89' lang='lat' dir='ltr'><strong>sermonibus</strong></span> <span class='ocrx_word' id='word_1_229' title='bbox 537 2368 572 2421; x_wconf 91' lang='lat' dir='ltr'><strong>de</strong></span> <span class='ocrx_word' id='word_1_230' title='bbox 594 2382 676 2422; x_wconf 89' lang='lat' dir='ltr'><strong>carne</strong></span> <span class='ocrx_word' id='word_1_231' title='bbox 693 2368 774 2423; x_wconf 84' lang='lat' dir='ltr'><strong>fldem</strong></span> <span class='ocrx_word' id='word_1_232' title='bbox 795 2370 876 2425; x_wconf 91' lang='lat' dir='ltr'><strong>abro·</strong></span> <span class='ocrx_word' id='word_1_233' title='bbox 908 2371 1052 2435; x_wconf 83' lang='lat' dir='ltr'><strong>ioremque</strong></span> <span class='ocrx_word' id='word_1_234' title='bbox 1063 2370 1116 2424; x_wconf 88' lang='lat' dir='ltr'><strong>rim</strong></span> <span class='ocrx_word' id='word_1_235' title='bbox 1128 2372 1502 2440; x_wconf 84' lang='lat' dir='ltr'><strong>essebenedictionis‚quam</strong></span> 
     </span>
     <span class='ocr_line' id='line_1_23' title="bbox 287 2454 1501 2525; baseline 0.01 -25"><span class='ocrx_word' id='word_1_236' title='bbox 287 2460 428 2515; x_wconf 62' lang='lat' dir='ltr'><strong>grosmec</strong></span> <span class='ocrx_word' id='word_1_237' title='bbox 445 2454 479 2506; x_wconf 90' lang='lat' dir='ltr'><strong>ad</strong></span> <span class='ocrx_word' id='word_1_238' title='bbox 498 2455 609 2521; x_wconf 84' lang='lat' dir='ltr'><strong>eosqui</strong></span> <span class='ocrx_word' id='word_1_239' title='bbox 630 2454 666 2509; x_wconf 90' lang='lat' dir='ltr'><strong>de</strong></span> <span class='ocrx_word' id='word_1_240' title='bbox 679 2459 809 2521; x_wconf 88' lang='lat' dir='ltr'><strong>passione</strong></span> <span class='ocrx_word' id='word_1_241' title='bbox 831 2458 877 2509; x_wconf 88' lang='lat' dir='ltr'><strong>ba-</strong></span> <span class='ocrx_word' id='word_1_242' title='bbox 909 2458 1024 2521; x_wconf 74' lang='lat' dir='ltr'><strong>nature,</strong></span> <span class='ocrx_word' id='word_1_243' title='bbox 1045 2458 1108 2522; x_wconf 83' lang='lat' dir='ltr'><strong>quia</strong></span> <span class='ocrx_word' id='word_1_244' title='bbox 1129 2457 1324 2511; x_wconf 86' lang='lat' dir='ltr'><strong>benedictione</strong></span> <span class='ocrx_word' id='word_1_245' title='bbox 1346 2459 1428 2513; x_wconf 89' lang='lat' dir='ltr'><strong>etiam</strong></span> <span class='ocrx_word' id='word_1_246' title='bbox 1442 2461 1501 2525; x_wconf 89' lang='lat' dir='ltr'><strong>ipsa</strong></span> 
     </span>
     <span class='ocr_line' id='line_1_24' title="bbox 286 2528 1503 2613; baseline 0.011 -29"><span class='ocrx_word' id='word_1_247' title='bbox 286 2532 391 2602; x_wconf 88' lang='lat' dir='ltr'><strong>bentur,</strong></span> <span class='ocrx_word' id='word_1_248' title='bbox 404 2538 569 2613; x_wconf 75' lang='lat' dir='ltr'><strong>impingens.</strong></span> <span class='ocrx_word' id='word_1_249' title='bbox 582 2558 594 2586; x_wconf 85' lang='lat'><strong>»</strong></span> <span class='ocrx_word' id='word_1_250' title='bbox 610 2566 643 2578; x_wconf 92' lang='grc'>-</span> <span class='ocrx_word' id='word_1_251' title='bbox 655 2541 708 2591; x_wconf 73' lang='lat' dir='ltr'><strong>esa’</strong></span> <span class='ocrx_word' id='word_1_252' title='bbox 721 2547 878 2592; x_wconf 62' lang='lat' dir='ltr'><strong>transcat,-</strong></span> <span class='ocrx_word' id='word_1_253' title='bbox 895 2528 1006 2594; x_wconf 83' lang='lat' dir='ltr'><strong>&#39;natura</strong></span> <span class='ocrx_word' id='word_1_254' title='bbox 1023 2544 1161 2595; x_wconf 83' lang='lat' dir='ltr'><strong>mutaturi</strong></span> <span class='ocrx_word' id='word_1_255' title='bbox 1172 2543 1280 2609; x_wconf 83' lang='lat' dir='ltr'><strong>virgam</strong></span> <span class='ocrx_word' id='word_1_256' title='bbox 1301 2545 1413 2596; x_wconf 90' lang='lat' dir='ltr'><strong>tenebat</strong></span> <span class='ocrx_word' id='word_1_257' title='bbox 1432 2548 1503 2611; x_wconf 77' lang='lat' dir='ltr'><strong>bloy-</strong></span> 
     </span>
     <span class='ocr_line' id='line_1_25' title="bbox 285 2624 1502 2693; baseline 0.011 -24"><span class='ocrx_word' id='word_1_258' title='bbox 285 2642 324 2673; x_wconf 66' lang='grc' dir='ltr'><strong>τως</strong></span> <span class='ocrx_word' id='word_1_259' title='bbox 339 2624 377 2672; x_wconf 71' lang='lat' dir='ltr'><strong>sci</strong></span> <span class='ocrx_word' id='word_1_260' title='bbox 396 2626 571 2685; x_wconf 59' lang='lat' dir='ltr'><strong>enatemus,</strong></span> <span class='ocrx_word' id='word_1_261' title='bbox 590 2626 784 2692; x_wconf 70' lang='grc' dir='ltr'><strong>φῖιγιτοσῢμαι,</strong></span> <span class='ocrx_word' id='word_1_262' title='bbox 803 2631 876 2678; x_wconf 68' lang='grc' dir='ltr'><strong>πίστι</strong></span> <span class='ocrx_word' id='word_1_263' title='bbox 910 2638 955 2679; x_wconf 79' lang='lat' dir='ltr'><strong>ses</strong></span> <span class='ocrx_word' id='word_1_264' title='bbox 973 2642 980 2676; x_wconf 75' lang='grc' dir='ltr'><strong>Ξ</strong></span> <span class='ocrx_word' id='word_1_265' title='bbox 1002 2626 1117 2693; x_wconf 65' lang='lat' dir='ltr'><strong>projecit</strong></span> <span class='ocrx_word' id='word_1_266' title='bbox 1138 2641 1218 2690; x_wconf 78' lang='lat' dir='ltr'><strong>eain,</strong></span> <span class='ocrx_word' id='word_1_267' title='bbox 1245 2632 1272 2681; x_wconf 75' lang='lat' dir='ltr'><strong>el.</strong></span> <span class='ocrx_word' id='word_1_268' title='bbox 1292 2629 1361 2680; x_wconf 70' lang='lat' dir='ltr'><strong>facta</strong></span> <span class='ocrx_word' id='word_1_269' title='bbox 1382 2633 1425 2680; x_wconf 72' lang='lat' dir='ltr'><strong>est</strong></span> <span class='ocrx_word' id='word_1_270' title='bbox 1442 2642 1502 2681; x_wconf 75' lang='lat' dir='ltr'><strong>sel·-</strong></span> 
     </span>
     <span class='ocr_line' id='line_1_26' title="bbox 284 2711 1504 2778; baseline 0.007 -22"><span class='ocrx_word' id='word_1_271' title='bbox 284 2712 362 2769; x_wconf 70' lang='lat' dir='ltr'><strong>aipc,</strong></span> <span class='ocrx_word' id='word_1_272' title='bbox 383 2714 516 2771; x_wconf 63' lang='lat' dir='ltr'><strong>siris-§eir</strong></span> <span class='ocrx_word' id='word_1_273' title='bbox 536 2714 703 2776; x_wconf 57' lang='lat' dir='ltr'><strong>incoepisses:</strong></span> <span class='ocrx_word' id='word_1_274' title='bbox 722 2717 798 2777; x_wconf 64' lang='lat' dir='ltr'><strong>izers,</strong></span> <span class='ocrx_word' id='word_1_275' title='bbox 820 2718 875 2778; x_wconf 70' lang='grc' dir='ltr'><strong>μῖιτι</strong></span> <span class='ocrx_word' id='word_1_276' title='bbox 909 2723 988 2778; x_wconf 73' lang='lat' dir='ltr'><strong>pens.</strong></span> <span class='ocrx_word' id='word_1_277' title='bbox 1017 2731 1030 2758; x_wconf 73' lang='lat'><strong>1·</strong></span> <span class='ocrx_word' id='word_1_278' title='bbox 1068 2750 1252 2765; x_wconf 89' lang='grc'><strong>.....</strong></span> <span class='ocrx_word' id='word_1_279' title='bbox 1287 2711 1405 2764; x_wconf 70' lang='lat' dir='ltr'><strong>Plurima</strong></span> <span class='ocrx_word' id='word_1_280' title='bbox 1424 2712 1504 2765; x_wconf 73' lang='lat' dir='ltr'><strong>dein·</strong></span> 
     </span>
     <span class='ocr_line' id='line_1_27' title="bbox 283 2798 1499 2874; baseline 0.003 -26"><span class='ocrx_word' id='word_1_281' title='bbox 283 2798 478 2870; x_wconf 68' lang='lat' dir='ltr'><strong>trisaespirapsis</strong></span> <span class='ocrx_word' id='word_1_282' title='bbox 493 2806 590 2852; x_wconf 72' lang='grc' dir='ltr'><strong>ἅπιστῢν</strong></span> <span class='ocrx_word' id='word_1_283' title='bbox 603 2803 875 2874; x_wconf 45' lang='grc' dir='ltr'><strong>λόγοιςὶμίτιτοῖςπφῒ</strong></span> <span class='ocrx_word' id='word_1_284' title='bbox 908 2800 943 2852; x_wconf 72' lang='lat' dir='ltr'><strong>de</strong></span> <span class='ocrx_word' id='word_1_285' title='bbox 966 2805 1091 2854; x_wconf 70' lang='lat' dir='ltr'><strong>recenset</strong></span> <span class='ocrx_word' id='word_1_286' title='bbox 1115 2800 1215 2868; x_wconf 67' lang='lat' dir='ltr'><strong>MOYSt&#39;S</strong></span> <span class='ocrx_word' id='word_1_287' title='bbox 1241 2804 1269 2852; x_wconf 75' lang='grc' dir='ltr'><strong>θῑ</strong></span> <span class='ocrx_word' id='word_1_288' title='bbox 1303 2800 1499 2866; x_wconf 62' lang='lat' dir='ltr'><strong>Prophetarum</strong></span> 
     </span>
     <span class='ocr_line' id='line_1_28' title="bbox 284 2880 1502 2952; baseline 0.008 -22"><span class='ocrx_word' id='word_1_289' title='bbox 284 2880 392 2938; x_wconf 61' lang='lat' dir='ltr'><strong>rifano</strong></span> <span class='ocrx_word' id='word_1_290' title='bbox 403 2887 596 2950; x_wconf 55' lang='lat' dir='ltr'><strong>sacremus*</strong></span> <span class='ocrx_word' id='word_1_291' title='bbox 789 2925 795 2940; x_wconf 77' lang='lat'>.</span> <span class='ocrx_word' id='word_1_292' title='bbox 907 2888 1048 2941; x_wconf 89' lang='lat' dir='ltr'><strong>miracula.</strong></span> <span class='ocrx_word' id='word_1_293' title='bbox 1068 2889 1170 2952; x_wconf 79' lang='lat' dir='ltr'><strong>«Quod</strong></span> <span class='ocrx_word' id='word_1_294' title='bbox 1192 2887 1216 2940; x_wconf 91' lang='lat' dir='ltr'><strong>si</strong></span> <span class='ocrx_word' id='word_1_295' title='bbox 1235 2890 1339 2940; x_wconf 90' lang='lat' dir='ltr'><strong>tantum</strong></span> <span class='ocrx_word' id='word_1_296' title='bbox 1353 2885 1437 2941; x_wconf 77' lang='lat' dir='ltr'><strong>valuit</strong></span> <span class='ocrx_word' id='word_1_297' title='bbox 1453 2889 1502 2940; x_wconf 88' lang='lat' dir='ltr'><strong>iru-</strong></span> 
     </span>
     <span class='ocr_line' id='line_1_29' title="bbox 315 2971 1501 3045; baseline 0.004 -24"><span class='ocrx_word' id='word_1_298' title='bbox 315 2971 616 3042; x_wconf 74' lang='lat' dir='ltr'><strong>tot.S.ssphremSyrus</strong></span> <span class='ocrx_word' id='word_1_299' title='bbox 629 2975 666 3030; x_wconf 89' lang='lat' dir='ltr'><strong>ait</strong></span> <span class='ocrx_word' id='word_1_300' title='bbox 678 2978 780 3040; x_wconf 76' lang='lat' dir='ltr'><strong>:rQuid</strong></span> <span class='ocrx_word' id='word_1_301' title='bbox 805 2990 872 3045; x_wconf 88' lang='lat' dir='ltr'><strong>ergo</strong></span> <span class='ocrx_word' id='word_1_302' title='bbox 906 2985 987 3026; x_wconf 90' lang='lat' dir='ltr'><strong>mana</strong></span> <span class='ocrx_word' id='word_1_303' title='bbox 1008 2973 1213 3027; x_wconf 83' lang='lat' dir='ltr'><strong>benedictioni</strong></span> <span class='ocrx_word' id='word_1_304' title='bbox 1233 2979 1359 3026; x_wconf 90' lang='lat' dir='ltr'><strong>naturam</strong></span> <span class='ocrx_word' id='word_1_305' title='bbox 1383 2986 1501 3028; x_wconf 86' lang='lat' dir='ltr'><strong>couver-</strong></span> 
     </span>
     <span class='ocr_line' id='line_1_30' title="bbox 284 3054 1501 3128; baseline 0.004 -21"><span class='ocrx_word' id='word_1_306' title='bbox 284 3054 468 3113; x_wconf 89' lang='lat' dir='ltr'><strong>iuscrutabiiia</strong></span> <span class='ocrx_word' id='word_1_307' title='bbox 490 3063 636 3126; x_wconf 88' lang='lat' dir='ltr'><strong>scrutaris,</strong></span> <span class='ocrx_word' id='word_1_308' title='bbox 655 3075 687 3115; x_wconf 90' lang='lat' dir='ltr'><strong>ao</strong></span> <span class='ocrx_word' id='word_1_309' title='bbox 706 3063 873 3128; x_wconf 87' lang='lat' dir='ltr'><strong>impervesti·</strong></span> <span class='ocrx_word' id='word_1_310' title='bbox 906 3063 992 3123; x_wconf 87' lang='lat' dir='ltr'><strong>teret,</strong></span> <span class='ocrx_word' id='word_1_311' title='bbox 1005 3059 1071 3124; x_wconf 85' lang='lat' dir='ltr'><strong>quid</strong></span> <span class='ocrx_word' id='word_1_312' title='bbox 1085 3058 1202 3111; x_wconf 89' lang='lat' dir='ltr'><strong>dicimus</strong></span> <span class='ocrx_word' id='word_1_313' title='bbox 1219 3059 1255 3112; x_wconf 88' lang='lat' dir='ltr'><strong>de</strong></span> <span class='ocrx_word' id='word_1_314' title='bbox 1273 3059 1332 3126; x_wconf 91' lang='lat' dir='ltr'><strong>ipsa</strong></span> <span class='ocrx_word' id='word_1_315' title='bbox 1353 3070 1501 3112; x_wconf 89' lang='lat' dir='ltr'><strong>cousecra-</strong></span> 
     </span>
     <span class='ocr_line' id='line_1_31' title="bbox 284 3141 1500 3212; baseline 0.005 -20"><span class='ocrx_word' id='word_1_316' title='bbox 284 3141 380 3206; x_wconf 86' lang='lat' dir='ltr'><strong>gabiiia</strong></span> <span class='ocrx_word' id='word_1_317' title='bbox 392 3145 535 3212; x_wconf 71' lang='lat' dir='ltr'><strong>vestigas?</strong></span> <span class='ocrx_word' id='word_1_318' title='bbox 554 3147 581 3198; x_wconf 82' lang='lat' dir='ltr'><strong>Si</strong></span> <span class='ocrx_word' id='word_1_319' title='bbox 604 3147 676 3200; x_wconf 90' lang='lat' dir='ltr'><strong>enim</strong></span> <span class='ocrx_word' id='word_1_320' title='bbox 695 3147 746 3200; x_wconf 88' lang='lat' dir='ltr'><strong>ista</strong></span> <span class='ocrx_word' id='word_1_321' title='bbox 764 3149 873 3202; x_wconf 87' lang='lat' dir='ltr'><strong>curiose</strong></span> <span class='ocrx_word' id='word_1_322' title='bbox 906 3145 981 3198; x_wconf 90' lang='lat' dir='ltr'><strong>tione</strong></span> <span class='ocrx_word' id='word_1_323' title='bbox 999 3144 1104 3208; x_wconf 78' lang='lat' dir='ltr'><strong>dimna,</strong></span> <span class='ocrx_word' id='word_1_324' title='bbox 1124 3145 1172 3197; x_wconf 93' lang='lat' dir='ltr'><strong>ubi</strong></span> <span class='ocrx_word' id='word_1_325' title='bbox 1192 3146 1275 3198; x_wconf 85' lang='lat' dir='ltr'><strong>rerba</strong></span> <span class='ocrx_word' id='word_1_326' title='bbox 1307 3147 1367 3211; x_wconf 88' lang='lat' dir='ltr'><strong>ipsa</strong></span> <span class='ocrx_word' id='word_1_327' title='bbox 1392 3146 1500 3199; x_wconf 84' lang='lat' dir='ltr'><strong>bomini</strong></span> 
     </span>
     <span class='ocr_line' id='line_1_32' title="bbox 282 3219 1499 3297; baseline 0.004 -22"><span class='ocrx_word' id='word_1_328' title='bbox 282 3219 405 3295; x_wconf 79' lang='lat' dir='ltr'><strong>uniaris,</strong></span> <span class='ocrx_word' id='word_1_329' title='bbox 416 3243 473 3284; x_wconf 90' lang='lat' dir='ltr'><strong>non</strong></span> <span class='ocrx_word' id='word_1_330' title='bbox 485 3231 541 3296; x_wconf 82' lang='lat' dir='ltr'><strong>jam</strong></span> <span class='ocrx_word' id='word_1_331' title='bbox 556 3231 643 3283; x_wconf 88' lang='lat' dir='ltr'><strong>tidelis</strong></span> <span class='ocrx_word' id='word_1_332' title='bbox 658 3233 873 3297; x_wconf 89' lang='lat' dir='ltr'><strong>nuncupaberis,</strong></span> <span class='ocrx_word' id='word_1_333' title='bbox 907 3229 1054 3282; x_wconf 85' lang='lat' dir='ltr'><strong>salvatoris</strong></span> <span class='ocrx_word' id='word_1_334' title='bbox 1074 3231 1243 3294; x_wconf 77' lang='lat' dir='ltr'><strong>operantur?</strong></span> <span class='ocrx_word' id='word_1_335' title='bbox 1257 3233 1323 3281; x_wconf 81' lang='lat' dir='ltr'><strong>itam</strong></span> <span class='ocrx_word' id='word_1_336' title='bbox 1340 3231 1499 3282; x_wconf 87' lang='lat' dir='ltr'><strong>sacramen·</strong></span> 
     </span>
     <span class='ocr_line' id='line_1_33' title="bbox 282 3311 1499 3382; baseline 0.002 -21"><span class='ocrx_word' id='word_1_337' title='bbox 282 3311 327 3364; x_wconf 91' lang='lat' dir='ltr'><strong>sed</strong></span> <span class='ocrx_word' id='word_1_338' title='bbox 340 3314 479 3369; x_wconf 82' lang='lat' dir='ltr'><strong>curiosus.</strong></span> <span class='ocrx_word' id='word_1_339' title='bbox 501 3315 567 3368; x_wconf 80' lang='lat' dir='ltr'><strong>Esto</strong></span> <span class='ocrx_word' id='word_1_340' title='bbox 584 3315 676 3380; x_wconf 83' lang='lat' dir='ltr'><strong>itaque</strong></span> <span class='ocrx_word' id='word_1_341' title='bbox 689 3315 778 3367; x_wconf 88' lang='lat' dir='ltr'><strong>tidelis</strong></span> <span class='ocrx_word' id='word_1_342' title='bbox 791 3322 873 3382; x_wconf 82' lang='lat' dir='ltr'><strong>atque</strong></span> <span class='ocrx_word' id='word_1_343' title='bbox 907 3317 965 3364; x_wconf 91' lang='lat' dir='ltr'><strong>tum</strong></span> <span class='ocrx_word' id='word_1_344' title='bbox 983 3311 1056 3364; x_wconf 89' lang='lat' dir='ltr'><strong>istud</strong></span> <span class='ocrx_word' id='word_1_345' title='bbox 1076 3311 1152 3376; x_wconf 83' lang='lat' dir='ltr'><strong>quod</strong></span> <span class='ocrx_word' id='word_1_346' title='bbox 1171 3312 1311 3377; x_wconf 87' lang='lat' dir='ltr'><strong>accipitis,</strong></span> <span class='ocrx_word' id='word_1_347' title='bbox 1324 3311 1424 3363; x_wconf 79' lang='lat' dir='ltr'><strong>ebriati</strong></span> <span class='ocrx_word' id='word_1_348' title='bbox 1439 3325 1499 3364; x_wconf 88' lang='lat' dir='ltr'><strong>ser-</strong></span> 
     </span>
     <span class='ocr_line' id='line_1_34' title="bbox 281 3394 1498 3465; baseline 0.002 -18"><span class='ocrx_word' id='word_1_349' title='bbox 281 3395 413 3454; x_wconf 86' lang='lat' dir='ltr'><strong>iuuocens</strong></span> <span class='ocrx_word' id='word_1_350' title='bbox 427 3415 434 3450; x_wconf 91' lang='lat'>:</span> <span class='ocrx_word' id='word_1_351' title='bbox 448 3398 580 3465; x_wconf 87' lang='lat' dir='ltr'><strong>participa</strong></span> <span class='ocrx_word' id='word_1_352' title='bbox 593 3399 799 3452; x_wconf 87' lang='lat' dir='ltr'><strong>immaculatum</strong></span> <span class='ocrx_word' id='word_1_353' title='bbox 813 3413 874 3454; x_wconf 92' lang='lat' dir='ltr'><strong>cor·</strong></span> <span class='ocrx_word' id='word_1_354' title='bbox 906 3407 990 3448; x_wconf 90' lang='lat' dir='ltr'><strong>moue</strong></span> <span class='ocrx_word' id='word_1_355' title='bbox 1007 3394 1158 3448; x_wconf 83' lang='lat' dir='ltr'><strong>contraitur.</strong></span> <span class='ocrx_word' id='word_1_356' title='bbox 1181 3395 1259 3460; x_wconf 85' lang='lat' dir='ltr'><strong>Quod</strong></span> <span class='ocrx_word' id='word_1_357' title='bbox 1279 3396 1303 3448; x_wconf 90' lang='lat' dir='ltr'><strong>si</strong></span> <span class='ocrx_word' id='word_1_358' title='bbox 1327 3400 1433 3447; x_wconf 90' lang='lat' dir='ltr'><strong>tautum</strong></span> <span class='ocrx_word' id='word_1_359' title='bbox 1451 3409 1498 3450; x_wconf 85' lang='lat' dir='ltr'><strong>ra-</strong></span> 
     </span>
     <span class='ocr_line' id='line_1_35' title="bbox 280 3480 1497 3552; baseline 0.002 -17"><span class='ocrx_word' id='word_1_360' title='bbox 280 3496 330 3546; x_wconf 88' lang='lat' dir='ltr'><strong>pus</strong></span> <span class='ocrx_word' id='word_1_361' title='bbox 346 3491 375 3538; x_wconf 87' lang='lat' dir='ltr'><strong>et</strong></span> <span class='ocrx_word' id='word_1_362' title='bbox 387 3483 550 3550; x_wconf 86' lang='lat' dir='ltr'><strong>sangninem</strong></span> <span class='ocrx_word' id='word_1_363' title='bbox 567 3483 674 3537; x_wconf 86' lang='lat' dir='ltr'><strong>Domini</strong></span> <span class='ocrx_word' id='word_1_364' title='bbox 692 3484 731 3537; x_wconf 92' lang='lat' dir='ltr'><strong>tui</strong></span> <span class='ocrx_word' id='word_1_365' title='bbox 749 3483 803 3538; x_wconf 84' lang='lat' dir='ltr'><strong>tide</strong></span> <span class='ocrx_word' id='word_1_366' title='bbox 815 3485 873 3552; x_wconf 87' lang='lat' dir='ltr'><strong>ple·</strong></span> <span class='ocrx_word' id='word_1_367' title='bbox 906 3482 957 3535; x_wconf 87' lang='lat' dir='ltr'><strong>luit</strong></span> <span class='ocrx_word' id='word_1_368' title='bbox 972 3494 1063 3535; x_wconf 92' lang='lat' dir='ltr'><strong>sermo</strong></span> <span class='ocrx_word' id='word_1_369' title='bbox 1077 3481 1142 3534; x_wconf 79' lang='lat' dir='ltr'><strong>tiliae</strong></span> <span class='ocrx_word' id='word_1_370' title='bbox 1160 3487 1190 3535; x_wconf 91' lang='lat' dir='ltr'><strong>ut</strong></span> <span class='ocrx_word' id='word_1_371' title='bbox 1202 3482 1294 3550; x_wconf 86' lang='lat' dir='ltr'><strong>iguem</strong></span> <span class='ocrx_word' id='word_1_372' title='bbox 1311 3483 1346 3536; x_wconf 92' lang='lat' dir='ltr'><strong>de</strong></span> <span class='ocrx_word' id='word_1_373' title='bbox 1365 3480 1436 3537; x_wconf 85' lang='lat' dir='ltr'><strong>oo&#39;eio</strong></span> <span class='ocrx_word' id='word_1_374' title='bbox 1449 3483 1497 3538; x_wconf 87' lang='lat' dir='ltr'><strong>de·</strong></span> 
     </span>
     <span class='ocr_line' id='line_1_36' title="bbox 278 3567 1497 3638; baseline 0.002 -18"><span class='ocrx_word' id='word_1_375' title='bbox 278 3568 412 3634; x_wconf 86' lang='lat' dir='ltr'><strong>pissima,</strong></span> <span class='ocrx_word' id='word_1_376' title='bbox 434 3571 544 3634; x_wconf 89' lang='lat' dir='ltr'><strong>certus,</strong></span> <span class='ocrx_word' id='word_1_377' title='bbox 563 3569 636 3635; x_wconf 80' lang='lat' dir='ltr'><strong>quod</strong></span> <span class='ocrx_word' id='word_1_378' title='bbox 661 3581 761 3634; x_wconf 82' lang='lat' dir='ltr'><strong>agnum</strong></span> <span class='ocrx_word' id='word_1_379' title='bbox 781 3571 871 3638; x_wconf 92' lang='lat' dir='ltr'><strong>ipsum</strong></span> <span class='ocrx_word' id='word_1_380' title='bbox 905 3573 1036 3634; x_wconf 89' lang='lat' dir='ltr'><strong>poneret,</strong></span> <span class='ocrx_word' id='word_1_381' title='bbox 1048 3581 1105 3622; x_wconf 91' lang='lat' dir='ltr'><strong>uon</strong></span> <span class='ocrx_word' id='word_1_382' title='bbox 1122 3567 1224 3622; x_wconf 83' lang='lat' dir='ltr'><strong>vaiebit</strong></span> <span class='ocrx_word' id='word_1_383' title='bbox 1240 3568 1339 3622; x_wconf 83' lang='lat' dir='ltr'><strong>Christi</strong></span> <span class='ocrx_word' id='word_1_384' title='bbox 1356 3581 1448 3623; x_wconf 88' lang='lat' dir='ltr'><strong>sermo</strong></span> <span class='ocrx_word' id='word_1_385' title='bbox 1467 3575 1497 3624; x_wconf 89' lang='lat' dir='ltr'><strong>ut</strong></span> 
     </span>
     <span class='ocr_line' id='line_1_37' title="bbox 278 3652 1496 3723; baseline 0.005 -21"><span class='ocrx_word' id='word_1_386' title='bbox 278 3652 384 3722; x_wconf 79' lang='lat' dir='ltr'><strong>integre</strong></span> <span class='ocrx_word' id='word_1_387' title='bbox 396 3655 535 3709; x_wconf 87' lang='lat' dir='ltr'><strong>comedas.</strong></span> <span class='ocrx_word' id='word_1_388' title='bbox 546 3655 619 3723; x_wconf 88' lang='lat' dir='ltr'><strong>ignis</strong></span> <span class='ocrx_word' id='word_1_389' title='bbox 632 3655 793 3711; x_wconf 87' lang='lat' dir='ltr'><strong>immortalis</strong></span> <span class='ocrx_word' id='word_1_390' title='bbox 807 3663 872 3712; x_wconf 88' lang='lat' dir='ltr'><strong>sunt</strong></span> <span class='ocrx_word' id='word_1_391' title='bbox 904 3654 1011 3721; x_wconf 89' lang='lat' dir='ltr'><strong>species</strong></span> <span class='ocrx_word' id='word_1_392' title='bbox 1027 3659 1114 3708; x_wconf 89' lang='lat' dir='ltr'><strong>mutet</strong></span> <span class='ocrx_word' id='word_1_393' title='bbox 1131 3657 1352 3708; x_wconf 77' lang='lat' dir='ltr'><strong>elementorum?</strong></span> <span class='ocrx_word' id='word_1_394' title='bbox 1364 3657 1402 3708; x_wconf 86' lang='lat' dir='ltr'><strong>be</strong></span> <span class='ocrx_word' id='word_1_395' title='bbox 1412 3655 1496 3708; x_wconf 91' lang='lat' dir='ltr'><strong>totius</strong></span> 
     </span>
     <span class='ocr_line' id='line_1_38' title="bbox 280 3739 1496 3808; baseline 0.004 -19"><span class='ocrx_word' id='word_1_396' title='bbox 280 3739 409 3806; x_wconf 84' lang='lat' dir='ltr'><strong>mysteria</strong></span> <span class='ocrx_word' id='word_1_397' title='bbox 429 3739 550 3804; x_wconf 80' lang='lat' dir='ltr'><strong>cbristi3</strong></span> <span class='ocrx_word' id='word_1_398' title='bbox 570 3755 636 3797; x_wconf 87' lang='lat' dir='ltr'><strong>care</strong></span> <span class='ocrx_word' id='word_1_399' title='bbox 657 3757 693 3797; x_wconf 90' lang='lat' dir='ltr'><strong>ne</strong></span> <span class='ocrx_word' id='word_1_400' title='bbox 712 3757 744 3798; x_wconf 91' lang='lat' dir='ltr'><strong>ea</strong></span> <span class='ocrx_word' id='word_1_401' title='bbox 767 3749 871 3799; x_wconf 90' lang='lat' dir='ltr'><strong>temere</strong></span> <span class='ocrx_word' id='word_1_402' title='bbox 903 3740 999 3794; x_wconf 88' lang='lat' dir='ltr'><strong>mundi</strong></span> <span class='ocrx_word' id='word_1_403' title='bbox 1016 3739 1145 3806; x_wconf 88' lang='lat' dir='ltr'><strong>operibus</strong></span> <span class='ocrx_word' id='word_1_404' title='bbox 1169 3740 1260 3808; x_wconf 84' lang='lat' dir='ltr'><strong>legisti</strong></span> <span class='ocrx_word' id='word_1_405' title='bbox 1285 3756 1292 3792; x_wconf 76' lang='grc' dir='ltr'><strong>ε</strong></span> <span class='ocrx_word' id='word_1_406' title='bbox 1316 3761 1328 3788; x_wconf 71' lang='lat' dir='ltr'><strong>a</strong></span> <span class='ocrx_word' id='word_1_407' title='bbox 1349 3740 1416 3806; x_wconf 85' lang='lat' dir='ltr'><strong>Quia</strong></span> <span class='ocrx_word' id='word_1_408' title='bbox 1435 3741 1496 3808; x_wconf 86' lang='lat' dir='ltr'><strong>ipse</strong></span> 
     </span>
     <span class='ocr_line' id='line_1_39' title="bbox 280 3825 1498 3896; baseline 0.005 -22"><span class='ocrx_word' id='word_1_409' title='bbox 280 3827 428 3890; x_wconf 87' lang='lat' dir='ltr'><strong>scruteris,</strong></span> <span class='ocrx_word' id='word_1_410' title='bbox 456 3840 490 3880; x_wconf 91' lang='lat' dir='ltr'><strong>ne</strong></span> <span class='ocrx_word' id='word_1_411' title='bbox 515 3825 543 3879; x_wconf 92' lang='lat' dir='ltr'><strong>in</strong></span> <span class='ocrx_word' id='word_1_412' title='bbox 573 3827 696 3893; x_wconf 87' lang='lat' dir='ltr'><strong>ipsorum</strong></span> <span class='ocrx_word' id='word_1_413' title='bbox 731 3829 871 3896; x_wconf 88' lang='lat' dir='ltr'><strong>participa·</strong></span> <span class='ocrx_word' id='word_1_414' title='bbox 904 3826 1498 3894; x_wconf 76' lang='lat' dir='ltr'><strong>sdixit,etiaetasuut,ipsemandavitet</strong></span> 
     </span>
     <span class='ocr_line' id='line_1_40' title="bbox 279 3907 1498 3979; baseline 0 -17"><span class='ocrx_word' id='word_1_415' title='bbox 279 3907 352 3964; x_wconf 85' lang='lat' dir='ltr'><strong>tione</strong></span> <span class='ocrx_word' id='word_1_416' title='bbox 369 3911 551 3965; x_wconf 85' lang='lat' dir='ltr'><strong>comburaris.</strong></span> <span class='ocrx_word' id='word_1_417' title='bbox 565 3912 606 3960; x_wconf 74' lang='lat'><strong>»⁶</strong></span> <span class='ocrx_word' id='word_1_418' title='bbox 903 3929 915 3960; x_wconf 76' lang='lat' dir='ltr'><strong>s</strong></span> <span class='ocrx_word' id='word_1_419' title='bbox 936 3917 1026 3965; x_wconf 86' lang='lat' dir='ltr'><strong>creata</strong></span> <span class='ocrx_word' id='word_1_420' title='bbox 1037 3917 1111 3964; x_wconf 90' lang='lat' dir='ltr'><strong>sunt.</strong></span> <span class='ocrx_word' id='word_1_421' title='bbox 1121 3914 1236 3965; x_wconf 79' lang='lat' dir='ltr'><strong>»sermo</strong></span> <span class='ocrx_word' id='word_1_422' title='bbox 1245 3924 1310 3979; x_wconf 89' lang='lat' dir='ltr'><strong>ergo</strong></span> <span class='ocrx_word' id='word_1_423' title='bbox 1323 3911 1433 3975; x_wconf 84' lang='lat' dir='ltr'><strong>christi,</strong></span> <span class='ocrx_word' id='word_1_424' title='bbox 1447 3911 1498 3976; x_wconf 81' lang='lat' dir='ltr'><strong>qui</strong></span> 
     </span>
     <span class='ocr_line' id='line_1_41' title="bbox 312 3996 1499 4066; baseline 0.001 -19"><span class='ocrx_word' id='word_1_425' title='bbox 312 3996 370 4048; x_wconf 69' lang='lat' dir='ltr'><strong>tot.</strong></span> <span class='ocrx_word' id='word_1_426' title='bbox 384 3998 413 4049; x_wconf 86' lang='lat' dir='ltr'><strong>s.</strong></span> <span class='ocrx_word' id='word_1_427' title='bbox 432 3998 586 4061; x_wconf 79' lang='lat' dir='ltr'><strong>Marutbas,</strong></span> <span class='ocrx_word' id='word_1_428' title='bbox 607 3997 794 4065; x_wconf 84' lang='lat' dir='ltr'><strong>Tangriteusis</strong></span> <span class='ocrx_word' id='word_1_429' title='bbox 808 3999 870 4066; x_wconf 78' lang='lat' dir='ltr'><strong>tipi-</strong></span> <span class='ocrx_word' id='word_1_430' title='bbox 904 3997 994 4063; x_wconf 89' lang='lat' dir='ltr'><strong>potuit</strong></span> <span class='ocrx_word' id='word_1_431' title='bbox 1006 4008 1039 4048; x_wconf 81' lang='lat' dir='ltr'><strong>ex</strong></span> <span class='ocrx_word' id='word_1_432' title='bbox 1051 3997 1137 4050; x_wconf 88' lang='lat' dir='ltr'><strong>nihilo</strong></span> <span class='ocrx_word' id='word_1_433' title='bbox 1148 3997 1238 4051; x_wconf 86' lang='lat' dir='ltr'><strong>tacere</strong></span> <span class='ocrx_word' id='word_1_434' title='bbox 1249 3997 1322 4064; x_wconf 89' lang='lat' dir='ltr'><strong>quod</strong></span> <span class='ocrx_word' id='word_1_435' title='bbox 1340 4009 1397 4050; x_wconf 90' lang='lat' dir='ltr'><strong>nou</strong></span> <span class='ocrx_word' id='word_1_436' title='bbox 1420 4002 1499 4058; x_wconf 84' lang='lat' dir='ltr'><strong>erat,</strong></span> 
     </span>
     <span class='ocr_line' id='line_1_42' title="bbox 279 4078 1499 4150; baseline 0 -19"><span class='ocrx_word' id='word_1_437' title='bbox 279 4092 396 4148; x_wconf 88' lang='lat' dir='ltr'><strong>scopus,</strong></span> <span class='ocrx_word' id='word_1_438' title='bbox 415 4082 463 4148; x_wconf 85' lang='lat' dir='ltr'><strong>qui</strong></span> <span class='ocrx_word' id='word_1_439' title='bbox 494 4083 547 4136; x_wconf 89' lang='lat' dir='ltr'><strong>sub</strong></span> <span class='ocrx_word' id='word_1_440' title='bbox 564 4083 647 4136; x_wconf 89' lang='lat' dir='ltr'><strong>tinem</strong></span> <span class='ocrx_word' id='word_1_441' title='bbox 669 4084 762 4137; x_wconf 84' lang='lat' dir='ltr'><strong>saeculi</strong></span> <span class='ocrx_word' id='word_1_442' title='bbox 788 4085 869 4150; x_wconf 89' lang='lat' dir='ltr'><strong>hujus</strong></span> <span class='ocrx_word' id='word_1_443' title='bbox 903 4095 960 4136; x_wconf 91' lang='lat' dir='ltr'><strong>uon</strong></span> <span class='ocrx_word' id='word_1_444' title='bbox 972 4078 1063 4149; x_wconf 89' lang='lat' dir='ltr'><strong>potest</strong></span> <span class='ocrx_word' id='word_1_445' title='bbox 1073 4096 1106 4135; x_wconf 88' lang='lat' dir='ltr'><strong>ea</strong></span> <span class='ocrx_word' id='word_1_446' title='bbox 1121 4095 1182 4147; x_wconf 86' lang='lat' dir='ltr'><strong>quae</strong></span> <span class='ocrx_word' id='word_1_447' title='bbox 1195 4088 1276 4147; x_wconf 89' lang='lat' dir='ltr'><strong>snut,</strong></span> <span class='ocrx_word' id='word_1_448' title='bbox 1291 4082 1319 4133; x_wconf 94' lang='lat' dir='ltr'><strong>in</strong></span> <span class='ocrx_word' id='word_1_449' title='bbox 1341 4081 1368 4133; x_wconf 93' lang='lat' dir='ltr'><strong>id</strong></span> <span class='ocrx_word' id='word_1_450' title='bbox 1386 4085 1499 4132; x_wconf 90' lang='lat' dir='ltr'><strong>mutare</strong></span> 
     </span>
     <span class='ocr_line' id='line_1_43' title="bbox 205 4155 1497 4236; baseline -0.002 -18"><span class='ocrx_word' id='word_1_451' title='bbox 205 4155 207 4162; x_wconf 73' lang='grc'>’</span> <span class='ocrx_word' id='word_1_452' title='bbox 279 4165 388 4234; x_wconf 84' lang='lat' dir='ltr'><strong>floruit,</strong></span> <span class='ocrx_word' id='word_1_453' title='bbox 409 4175 436 4222; x_wconf 93' lang='lat' dir='ltr'><strong>et</strong></span> <span class='ocrx_word' id='word_1_454' title='bbox 456 4169 565 4236; x_wconf 77' lang='lat' dir='ltr'><strong>Syriaco</strong></span> <span class='ocrx_word' id='word_1_455' title='bbox 587 4169 697 4235; x_wconf 90' lang='lat' dir='ltr'><strong>scripsit</strong></span> <span class='ocrx_word' id='word_1_456' title='bbox 720 4183 867 4234; x_wconf 88' lang='lat' dir='ltr'><strong>sermone,</strong></span> <span class='ocrx_word' id='word_1_457' title='bbox 903 4167 978 4235; x_wconf 85' lang='lat' dir='ltr'><strong>quod</strong></span> <span class='ocrx_word' id='word_1_458' title='bbox 998 4169 1232 4222; x_wconf 77' lang='lat' dir='ltr'><strong>noneranttrdon</strong></span> <span class='ocrx_word' id='word_1_459' title='bbox 1250 4166 1324 4220; x_wconf 90' lang='lat' dir='ltr'><strong>enim</strong></span> <span class='ocrx_word' id='word_1_460' title='bbox 1339 4164 1431 4217; x_wconf 90' lang='lat' dir='ltr'><strong>minus</strong></span> <span class='ocrx_word' id='word_1_461' title='bbox 1450 4171 1497 4217; x_wconf 86' lang='lat' dir='ltr'><strong>est</strong></span> 
     </span>
     <span class='ocr_line' id='line_1_44' title="bbox 279 4250 1497 4321; baseline 0.001 -20"><span class='ocrx_word' id='word_1_462' title='bbox 279 4250 395 4321; x_wconf 88' lang='lat' dir='ltr'><strong>insignis</strong></span> <span class='ocrx_word' id='word_1_463' title='bbox 415 4259 457 4308; x_wconf 88' lang='lat' dir='ltr'><strong>est</strong></span> <span class='ocrx_word' id='word_1_464' title='bbox 469 4255 548 4309; x_wconf 88' lang='lat' dir='ltr'><strong>testis</strong></span> <span class='ocrx_word' id='word_1_465' title='bbox 560 4261 674 4313; x_wconf 86' lang='lat' dir='ltr'><strong>vetustae</strong></span> <span class='ocrx_word' id='word_1_466' title='bbox 685 4255 759 4309; x_wconf 86' lang='lat' dir='ltr'><strong>fidei.</strong></span> <span class='ocrx_word' id='word_1_467' title='bbox 774 4255 867 4310; x_wconf 89' lang='lat' dir='ltr'><strong>Verba</strong></span> <span class='ocrx_word' id='word_1_468' title='bbox 902 4266 988 4307; x_wconf 91' lang='lat' dir='ltr'><strong>novas</strong></span> <span class='ocrx_word' id='word_1_469' title='bbox 1004 4254 1087 4307; x_wconf 90' lang='lat' dir='ltr'><strong>rebus</strong></span> <span class='ocrx_word' id='word_1_470' title='bbox 1104 4254 1170 4305; x_wconf 88' lang='lat' dir='ltr'><strong>dare</strong></span> <span class='ocrx_word' id='word_1_471' title='bbox 1187 4265 1269 4319; x_wconf 87' lang='lat' dir='ltr'><strong>quam</strong></span> <span class='ocrx_word' id='word_1_472' title='bbox 1285 4255 1390 4303; x_wconf 88' lang='lat' dir='ltr'><strong>mutare</strong></span> <span class='ocrx_word' id='word_1_473' title='bbox 1414 4255 1497 4303; x_wconf 79' lang='lat' dir='ltr'><strong>uatu-</strong></span> 
     </span>
     <span class='ocr_line' id='line_1_45' title="bbox 279 4336 1495 4408; baseline 0.003 -20"><span class='ocrx_word' id='word_1_474' title='bbox 279 4339 338 4404; x_wconf 83' lang='lat' dir='ltr'><strong>ejus</strong></span> <span class='ocrx_word' id='word_1_475' title='bbox 351 4336 386 4398; x_wconf 84' lang='lat' dir='ltr'><strong>eo</strong></span> <span class='ocrx_word' id='word_1_476' title='bbox 404 4340 534 4396; x_wconf 87' lang='lat' dir='ltr'><strong>idiomate</strong></span> <span class='ocrx_word' id='word_1_477' title='bbox 547 4341 664 4395; x_wconf 86' lang='lat' dir='ltr'><strong>citantur</strong></span> <span class='ocrx_word' id='word_1_478' title='bbox 680 4341 844 4394; x_wconf 81' lang='lat' dir='ltr'><strong>awiseman</strong></span> <span class='ocrx_word' id='word_1_479' title='bbox 859 4379 866 4405; x_wconf 97' lang='lat'><strong>,</strong></span> <span class='ocrx_word' id='word_1_480' title='bbox 902 4354 956 4394; x_wconf 91' lang='lat' dir='ltr'><strong>ras.</strong></span> <span class='ocrx_word' id='word_1_481' title='bbox 966 4341 1019 4394; x_wconf 89' lang='lat' dir='ltr'><strong>Sed</strong></span> <span class='ocrx_word' id='word_1_482' title='bbox 1032 4340 1099 4408; x_wconf 82' lang='lat' dir='ltr'><strong>quid</strong></span> <span class='ocrx_word' id='word_1_483' title='bbox 1111 4341 1279 4408; x_wconf 81' lang='lat' dir='ltr'><strong>argumentis</strong></span> <span class='ocrx_word' id='word_1_484' title='bbox 1291 4338 1413 4392; x_wconf 77' lang='lat' dir='ltr'><strong>utimur?</strong></span> <span class='ocrx_word' id='word_1_485' title='bbox 1430 4337 1495 4392; x_wconf 85' lang='lat' dir='ltr'><strong>Suis</strong></span> 
     </span>
    </p>
   </div>
   <div class='ocr_carea' id='block_1_5' title="bbox 268 4606 1493 4817">
    <p class='ocr_par' dir='ltr' id='par_1_5' title="bbox 268 4606 1493 4817">
     <span class='ocr_line' id='line_1_46' title="bbox 268 4606 1334 4674; baseline 0.003 -12"><span class='ocrx_word' id='word_1_486' title='bbox 268 4606 272 4614; x_wconf 63' lang='grc'><em>’</em></span> <span class='ocrx_word' id='word_1_487' title='bbox 302 4620 331 4673; x_wconf 82' lang='grc'><strong>(1)</strong></span> <span class='ocrx_word' id='word_1_488' title='bbox 346 4621 386 4674; x_wconf 83' lang='lat' dir='ltr'><strong>Ep.</strong></span> <span class='ocrx_word' id='word_1_489' title='bbox 394 4621 446 4662; x_wconf 78' lang='lat' dir='ltr'><strong>iniri.</strong></span> <span class='ocrx_word' id='word_1_490' title='bbox 455 4621 482 4662; x_wconf 83' lang='lat' dir='ltr'><strong>ad</strong></span> <span class='ocrx_word' id='word_1_491' title='bbox 491 4621 612 4664; x_wconf 84' lang='lat' dir='ltr'><strong>Coecitium.</strong></span> <span class='ocrx_word' id='word_1_492' title='bbox 619 4621 676 4664; x_wconf 79' lang='lat' dir='ltr'><strong>Alias</strong></span> <span class='ocrx_word' id='word_1_493' title='bbox 686 4623 701 4663; x_wconf 88' lang='lat' dir='ltr'><strong>i.</strong></span> <span class='ocrx_word' id='word_1_494' title='bbox 711 4621 734 4662; x_wconf 87' lang='lat' dir='ltr'><strong>ii.</strong></span> <span class='ocrx_word' id='word_1_495' title='bbox 743 4633 777 4674; x_wconf 89' lang='lat' dir='ltr'><strong>ep.</strong></span> <span class='ocrx_word' id='word_1_496' title='bbox 786 4621 819 4662; x_wconf 89' lang='lat' dir='ltr'><strong>iii.</strong></span> <span class='ocrx_word' id='word_1_497' title='bbox 932 4621 960 4674; x_wconf 83' lang='grc'><strong>(1)</strong></span> <span class='ocrx_word' id='word_1_498' title='bbox 975 4623 1005 4663; x_wconf 82' lang='lat' dir='ltr'><strong>be</strong></span> <span class='ocrx_word' id='word_1_499' title='bbox 1014 4629 1090 4663; x_wconf 77' lang='lat' dir='ltr'><strong>natura</strong></span> <span class='ocrx_word' id='word_1_500' title='bbox 1101 4621 1138 4663; x_wconf 82' lang='lat' dir='ltr'><strong>bei</strong></span> <span class='ocrx_word' id='word_1_501' title='bbox 1153 4633 1196 4663; x_wconf 90' lang='lat' dir='ltr'><strong>uon</strong></span> <span class='ocrx_word' id='word_1_502' title='bbox 1210 4624 1334 4665; x_wconf 72' lang='lat' dir='ltr'><strong>seminuda.</strong></span> 
     </span>
     <span class='ocr_line' id='line_1_47' title="bbox 304 4691 1493 4748; baseline 0.001 -15"><span class='ocrx_word' id='word_1_503' title='bbox 304 4691 333 4744; x_wconf 80' lang='grc'><strong>(1)</strong></span> <span class='ocrx_word' id='word_1_504' title='bbox 346 4691 435 4732; x_wconf 87' lang='lat' dir='ltr'><strong>ibidem.</strong></span> <span class='ocrx_word' id='word_1_505' title='bbox 928 4695 957 4744; x_wconf 71' lang='lat' dir='ltr'><strong>[t]</strong></span> <span class='ocrx_word' id='word_1_506' title='bbox 971 4694 1091 4734; x_wconf 84' lang='lat' dir='ltr'><strong>comment.</strong></span> <span class='ocrx_word' id='word_1_507' title='bbox 1116 4695 1237 4747; x_wconf 77' lang='lat' dir='ltr'><strong>adEvang.</strong></span> <span class='ocrx_word' id='word_1_508' title='bbox 1261 4697 1319 4748; x_wconf 85' lang='lat' dir='ltr'><strong>apud</strong></span> <span class='ocrx_word' id='word_1_509' title='bbox 1341 4695 1450 4736; x_wconf 81' lang='lat' dir='ltr'><strong>Wiseman</strong></span> <span class='ocrx_word' id='word_1_510' title='bbox 1470 4694 1493 4734; x_wconf 86' lang='lat' dir='ltr'><strong>in</strong></span> 
     </span>
     <span class='ocr_line' id='line_1_48' title="bbox 303 4761 1220 4817; baseline 0.004 -15"><span class='ocrx_word' id='word_1_511' title='bbox 303 4761 330 4815; x_wconf 77' lang='lat' dir='ltr'><strong>(o)</strong></span> <span class='ocrx_word' id='word_1_512' title='bbox 349 4761 408 4802; x_wconf 79' lang='lat' dir='ltr'><strong>Orat</strong></span> <span class='ocrx_word' id='word_1_513' title='bbox 417 4761 466 4814; x_wconf 71' lang='lat' dir='ltr'><strong>(xia.</strong></span> <span class='ocrx_word' id='word_1_514' title='bbox 485 4762 497 4814; x_wconf 74' lang='lat'>5</span> <span class='ocrx_word' id='word_1_515' title='bbox 515 4768 546 4804; x_wconf 85' lang='lat' dir='ltr'><strong>to.</strong></span> <span class='ocrx_word' id='word_1_516' title='bbox 904 4763 1041 4817; x_wconf 77' lang='lat' dir='ltr'><strong>operatione</strong></span> <span class='ocrx_word' id='word_1_517' title='bbox 1051 4763 1174 4817; x_wconf 69' lang='lat' dir='ltr'><strong>Syrircoep.</strong></span> <span class='ocrx_word' id='word_1_518' title='bbox 1187 4769 1220 4806; x_wconf 81' lang='lat' dir='ltr'><strong>oo.</strong></span> 
     </span>
    </p>
   </div>
   <div class='ocr_carea' id='block_1_6' title="bbox 344 4834 1326 4896">
    <p class='ocr_par' dir='ltr' id='par_1_6' title="bbox 344 4834 1326 4896">
     <span class='ocr_line' id='line_1_49' title="bbox 344 4834 1326 4896; baseline 0.01 -11"><span class='ocrx_word' id='word_1_519' title='bbox 344 4834 405 4888; x_wconf 80' lang='lat' dir='ltr'><strong>voc.</strong></span> <span class='ocrx_word' id='word_1_520' title='bbox 423 4848 463 4888; x_wconf 87' lang='lat' dir='ltr'><strong>ru.</strong></span> <span class='ocrx_word' id='word_1_521' title='bbox 1298 4847 1326 4896; x_wconf 89' lang='lat' dir='ltr'><strong>tt</strong></span> 
     </span>
    </p>
   </div>
   <div class='ocr_carea' id='block_1_7' title="bbox 0 0 1900 5550">
    <p class='ocr_par' dir='ltr' id='par_1_7' title="bbox 0 0 1900 5550">
     <span class='ocr_line' id='line_1_50' title="bbox 0 0 1900 5550; baseline 0 8"><span class='ocrx_word' id='word_1_522' title='bbox 0 0 1900 5550; x_wconf 95' lang='lat' dir='ltr'><strong> </strong></span> 
     </span>
    </p>
   </div>
  </div>
 </body>
</html>
