3792 5550
573 508 643 560 CAP.
661 506 681 557 l.
699 506 741 557 ba
758 505 844 568 aput
857 503 900 555 ab
918 501 1103 554 neerlsnult
1120 502 1325 557 NECESSARIA.
1528 512 1559 559 tr

299 658 308 676 ,
349 636 413 689 quae
428 623 536 679 obviam
548 637 627 689 aquae
640 620 868 687 significationem
886 632 936 673 os·
971 616 1099 669 mandata
1113 623 1216 683 parata,
1229 620 1385 673 necessaria
1394 626 1445 685 est,
1457 624 1556 690 utonis

350 710 472 763 tendant.
486 711 513 761 S.
529 709 643 776 cyrillus
652 697 851 763 'Alexandrinus
860 704 935 758 ditri-
970 701 1079 753 adultus
1096 708 1222 769 resurgat
1240 716 1255 757 e
1272 710 1395 769 peccato.
1409 708 1497 774 igitur¹
1509 708 1557 763 ba·

349 798 386 849 sti
398 796 482 850 rerba
493 800 574 861 prout
589 799 689 849 sonant
701 793 829 859 intelligit
839 807 846 842 :
857 810 874 840 n
886 793 936 843 ile·
970 788 1084 851 ptizatus
1098 788 1249 841 renascitur
1260 826 1268 853 ,
1279 789 1306 844 vi
1320 791 1419 844 Christi
1435 807 1556 849 resurre-

343 881 425 947 iectis
434 881 630 943 velaminibus,
643 886 673 933 ut
688 877 859 931 imbecilliori
873 876 936 928 Sal·
969 872 1068 924 cilonis
1079 910 1087 936 ,
1098 873 1247 928 dummodo
1259 877 1363 929 nullum
1377 878 1484 932 obicem
1497 896 1556 947 pra·

345 966 579 1032 vatorloquitur:
601 985 614 1012 ι
629 965 684 1018 ruisi
700 964 774 1017 enim
788 964 876 1029 quis»
893 962 935 1014 in·
968 970 1001 1011 va
1022 958 1191 1011 conscientia
1214 961 1335 1027 objiciat.
1360 963 1436 1027 Quod
1463 971 1555 1019 autem
1614 996 1620 1007 ·

345 1052 420 1118 quii,
435 1071 448 1098 d
462 1064 576 1117 exaqua
588 1056 614 1103 et
630 1049 731 1115 Spiritu
746 1046 929 1108 natusiuerit,
968 1043 1106 1107 Baptismti
1124 1045 1222 1097 Christi
1239 1050 1332 1113 typum
1351 1048 1462 1115 impleat
1479 1057 1556 1105 veie-

346 1157 360 1183 »
379 1149 436 1191 non
448 1141 540 1202 potest
553 1136 581 1189 in
594 1136 641 1189 bei
653 1148 767 1201 regnum
777 1134 900 1187 introire.
918 1150 934 1180 n
968 1141 1045 1192 rent,
1067 1142 1099 1181 cx
1120 1131 1206 1197 gratia
1228 1130 1344 1197 Spiritus
1366 1136 1468 1197 sancii,
1493 1152 1555 1203 quae

346 1225 413 1275 llam
430 1236 515 1289 quum
527 1236 584 1276 non
604 1222 739 1287 simplex,
757 1219 807 1273 sed
819 1231 934 1284 cumpo·
968 1226 1047 1281 aquae
1062 1217 1145 1270 veluti
1160 1218 1331 1283 adnectitur,
1352 1220 1395 1283 fill
1413 1235 1465 1277 nec
1482 1223 1555 1277 enim

347 1308 418 1361 situs
439 1320 473 1360 ex
492 1320 607 1372 corpore
632 1306 756 1359 sensibili
777 1310 804 1358 ei
825 1305 934 1358 intelle·
968 1312 1082 1353 necesse
1100 1307 1141 1355 est
1159 1308 1250 1357 utres
1267 1305 1327 1370 ipsa
1345 1306 1411 1359 nihii
1428 1308 1556 1363 sensibus

346 1394 430 1446 ctuali
441 1392 530 1445 anima
540 1394 624 1447 bomo
636 1394 687 1457 sit,
698 1391 800 1457 duplici
812 1392 932 1457 quodam
969 1384 1078 1449 obiiciat
1091 1391 1154 1453 typo
1164 1387 1262 1441 simile.

347 1479 382 1531 ad
407 1478 612 1545 generationem
636 1477 742 1543 indiget
763 1476 864 1540 modo,
887 1475 934 1541 qui
1003 1472 1045 1523 67.
1060 1470 1118 1537 Obj.
1136 1474 1175 1523 18.
1187 1475 1287 1536 Paulus
1299 1476 1431 1542 gloriatur
1443 1492 1473 1533 se
1486 1494 1555 1545 pau-

346 1563 505 1629 duplicitate
515 1576 565 1617 sua
578 1562 613 1615 ad
629 1569 775 1628 utrumque
791 1561 879 1627 possit
891 1574 935 1614 ac·
968 1568 1016 1609 cos
1043 1557 1211 1622 baptizasse,
1238 1574 1323 1626 seque
1343 1563 1456 1617 omuino
1481 1566 1554 1619 baud

347 1650 516 1702 commodari
528 1665 535 1700 :
547 1649 646 1715 Spiritu
658 1649 733 1701 enim
745 1653 842 1701 sancto
852 1646 934 1713 spiri·
968 1642 1084 1695 missum
1102 1656 1117 1695 a
1130 1644 1246 1698 Domino
1262 1652 1291 1698 ut
1305 1646 1456 1713 baptizaret
1467 1650 1534 1705 dicit
1546 1665 1553 1701 t

346 1743 391 1787 tus
405 1736 540 1799 hominia,
552 1750 622 1801 aqua
634 1750 700 1790 vero
718 1748 819 1801 corpus
831 1734 936 1787 saucti—
971 1746 983 1773 t
1002 1730 1106 1781 Gratias
1125 1744 1176 1797 ago
1195 1733 1249 1785 lieo
1267 1733 1340 1799 quod
1355 1735 1493 1789 neminem
1509 1750 1557 1789 ve-

346 1822 452 1873 deatur.
478 1841 491 1867 »
513 1820 522 1853 ¹
546 1821 624 1883 Quod
644 1825 737 1876 autem
762 1822 882 1871 ioannes
904 1831 936 1871 se
969 1814 1555 1883 strumbaptizari,nisidrispumetcaium:

345 1918 419 1970 aqua
428 1904 566 1969 baptizare
579 1904 607 1955 in
616 1903 806 1969 poenitentiam
819 1903 934 1967 dixerit,
970 1933 977 1949 ·
1016 1937 1022 1951 .
1059 1936 1065 1949 .
1100 1900 1235 1967 baptizavi
1256 1907 1346 1955 autem
1366 1910 1394 1957 et
1411 1906 1556 1970 Stephanae

346 2004 429 2043 suum
445 1990 582 2055 baptisma
602 1991 738 2056 significat
753 2004 787 2045 eo
801 1990 934 2053 tendere,
969 1984 1082 2038 domum
1093 1989 1236 2041 :caeterum
1246 1988 1340 2043 nescio
1351 1989 1373 2041 si
1383 1991 1556 2055 quemalium

346 2083 377 2129 ut
386 2068 549 2142 quisque‘ad
559 2076 748 2141 poenitentiam
761 2074 934 2138 excitaretur,
967 2070 1170 2135 baptizaverim.
1183 2074 1241 2125 Non
1254 2072 1329 2125 enim
1341 2073 1415 2127 misit
1426 2088 1470 2129 me
1483 2077 1555 2129 cirri·

346 2160 476 2214 abluendi
495 2159 594 2213 animae
615 2160 713 2213 sordes
730 2172 813 2214 causa
827 2176 834 2210 :
849 2174 933 2226 quum
967 2160 1027 2209 stus
1051 2156 1207 2222 baptizare,
1230 2158 1279 2211 sed
1295 2158 1490 2225 evangelizare.
1509 2180 1522 2207 »
1544 2162 1555 2195 ⁴

347 2248 470 2300 cbristus
486 2246 616 2312 Spiritum
634 2253 759 2299 sanctum
776 2258 828 2299 suo
843 2246 932 2311 Bapti-
967 2242 1042 2305 Quod
1064 2242 1148 2309 igitur
1167 2244 1303 2309 quosdam
1324 2257 1395 2309 aqua
1416 2244 1554 2309 abluerit,

346 2338 434 2387 amate
452 2333 592 2385 tribueret.
611 2335 649 2386 lie
670 2346 742 2399 aqua
758 2333 852 2397 siluit,
869 2332 933 2399 quia
967 2328 1128 2383 factumest
1146 2343 1178 2383 ex
1197 2331 1293 2383 eadem
1310 2330 1483 2395 oecouomia,
1501 2346 1556 2397 qua

346 2430 403 2471 non
414 2431 447 2471 ea
459 2417 565 2471 ratione
576 2423 718 2484 praestaret
731 2418 832 2471 Christi
844 2418 933 2484 Bapti-
967 2416 1035 2469 ritus
1056 2416 1125 2469 alios
1140 2417 1266 2483 judaicus
1283 2417 1317 2469 ad
1335 2422 1444 2482 temnus
1464 2430 1554 2471 serva·

347 2514 404 2555 sma
418 2516 468 2556 suo
479 2540 487 2565 ,
500 2503 548 2555 sed
562 2504 648 2570 gratia
660 2504 775 2569 Spiritus
784 2504 882 2559 sancti.
967 2504 1036 2558 verit
1050 2517 1056 2554 :
1075 2504 1149 2569 quod
1163 2502 1198 2555 de
1209 2503 1316 2557 ceteris
1332 2502 1471 2567 apostolis
1484 2504 1555 2567 pari-

378 2590 421 2641 65.
436 2588 495 2653 Odi.
509 2591 551 2640 i'l.
565 2591 602 2642 lie
612 2590 731 2652 diluvio,
743 2589 772 2641 iu
784 2602 839 2655 quo
853 2590 934 2655 pauci
968 2592 1009 2640 ter
1019 2588 1165 2641 dicendum
1178 2594 1230 2643 est.

347 2673 476 2725 homines
490 2674 517 2725 in
531 2686 593 2726 arca
605 2674 706 2728 servati
721 2680 802 2736 suut,
816 2675 934 2740 loquens
1000 2675 1042 2725 68.
1068 2675 1146 2739 desp.
1170 2676 1257 2739 Quum
1283 2680 1415 2735 Corinthii
1438 2690 1554 2751 partium

348 2758 644 2826 S.Petrus,Baptismo
655 2771 707 2813 uos
717 2759 820 2814 servari
830 2760 934 2826 pariter
968 2760 1059 2816 studio
1075 2762 1283 2830 scinderentur,
1304 2766 1364 2821 aliia
1382 2770 1475 2835 Pauli,
1493 2772 1554 2826 aliis

347 2844 445 2906 docet;
460 2845 535 2910 quod
546 2845 652 2911 nequis
664 2846 699 2898 de
709 2846 850 2900 ablutione
862 2859 933 2912 equa
966 2847 1072 2912 Apollo,
1085 2847 1145 2902 aliis
1162 2849 1269 2914 cephae,
1286 2852 1346 2906 aliis
1359 2855 1457 2909 Christi
1471 2871 1501 2912 se
1517 2859 1556 2912 di·

346 2928 416 2981 iacta
434 2928 583 2996 intelligat,
597 2931 744 2997 diligenter
760 2932 933 2986 animaduer·
967 2931 1088 2998 scipulos
1098 2934 1305 2999 profitentibus,
1316 2939 1493 2996 vehementer
1505 2956 1554 2998 eos

346 3015 398 3068 tit:
417 3035 429 3062 α
443 3017 519 3080 Quod
534 3022 561 3070 et
572 3030 622 3072 uos
634 3032 708 3071 nunc
725 3018 823 3071 similis
836 3018 932 3071 formae
966 3017 1106 3084 redarguit
1114 3019 1231 3084 Paulus,
1244 3021 1339 3088 eisque
1353 3023 1381 3077 in
1392 3030 1553 3082 memoriam

346 3102 436 3156 salvos
453 3103 521 3156 facit
535 3105 692 3169 baptisma:
707 3118 763 3159 non
779 3105 869 3158 carnis
883 3105 932 3157 de·
966 3109 1076 3158 revocat
1091 3105 1191 3159 christi
1208 3107 1334 3174 nomine,
1351 3123 1406 3164 non
1421 3127 1491 3178 suo,
1505 3129 1554 3170 eos

345 3187 444 3251 positio
458 3188 592 3252 sordium,
605 3190 654 3241 sed
666 3190 932 3247 conscientiaebonae
966 3199 1028 3240 csse
1050 3189 1228 3254 baptizatos:
1252 3213 1265 3238 u
1286 3195 1394 3249 bicisus
1418 3203 1460 3251 est
1479 3202 1554 3254 cbri-

345 3273 523 3340 interrogatio
539 3274 568 3324 in
586 3274 672 3326 lieum
688 3287 739 3337 per
753 3276 933 3327 resurrectio·
967 3274 1049 3324 stust
1068 3275 1206 3338 Numquid
1225 3279 1326 3330 Penius
1346 3281 1491 3335 crucifixus
1513 3295 1556 3338 est

344 3372 409 3411 nem
425 3361 492 3411 lesu
508 3357 618 3410 christi.
641 3376 654 3403 n
676 3355 689 3389 ¹
709 3357 833 3406 ’dirimo
854 3364 934 3412 vocat
966 3366 1017 3418 pro
1033 3355 1131 3408 vobisi
1147 3361 1194 3409 aut
1208 3358 1359 3414 innomine
1377 3365 1450 3417 Pauli
1464 3367 1555 3434 bapti-

344 3443 484 3508 Baptisma
505 3441 626 3504 christi,
646 3441 751 3498 scilicet
773 3443 848 3509 quod
868 3447 932 3510 typo
966 3437 1019 3490 zati
1036 3438 1123 3492 estisi
1140 3460 1153 3487 n
1174 3441 1278 3496 Gratias
1294 3444 1377 3512 igitur
1388 3449 1444 3516 agit
1456 3453 1512 3506 lieo
1525 3467 1555 3508 sa

344 3525 512 3592 respondet,
530 3525 631 3592 Spiritu
648 3532 745 3582 sancto
763 3528 867 3583 scilicet
883 3530 931 3594 tit,
966 3537 1069 3590 paucos
1087 3539 1120 3579 ex
1136 3526 1190 3582 iliis
1209 3529 1362 3596 baptizasse
1382 3549 1417 3586 z«
1438 3540 1475 3592 lte
1491 3541 1553 3606 quis

344 3613 424 3679 cuius
434 3612 549 3678 gratiam
561 3613 708 3666 salutarem
721 3627 792 3680 aqua
804 3629 857 3681 qua
869 3629 932 3670 arca
965 3610 1038 3665 dicat
1063 3613 1137 3678 quod
1158 3613 1186 3666 in
1207 3615 1318 3671 nornine
1340 3631 1402 3673 meo
1425 3623 1552 3690 baptizati

345 3697 751 3763 sustentataestsigniticavit.⁵
965 3696 1042 3750 estis.
1062 3713 1078 3744 >›
1099 3699 1133 3750 Se
1150 3703 1242 3752 autem
1260 3701 1294 3754 ad
1312 3707 1552 3771 evangelizandum

377 3785 419 3836 od.
442 3785 521 3849 Raso.
542 3786 602 3837 lion
624 3786 684 3838 baec
703 3785 770 3840 dicit
789 3788 884 3840 Petrus
901 3793 932 3841 ut
964 3781 1098 3844 missum,
1114 3784 1188 3836 haud
1206 3785 1241 3838 ad
1259 3785 1451 3852 baptizandum
1469 3794 1554 3860 dicit,

345 3883 444 3935 aquarn
461 3869 580 3937 deneget
593 3871 717 3924 adbiberi
732 3871 761 3922 in
773 3873 928 3938 baptismo:
965 3867 1028 3934 quia
1045 3869 1116 3920 licus
1133 3869 1220 3922 uoluit
1237 3871 1296 3936 eius
1315 3885 1396 3938 opera
1412 3877 1438 3928 in
1452 3879 1554 3943 praedi-

344 3969 418 4020 nam,
426 3967 459 4010 eo
464 3957 588 4023 iubente,
597 3957 740 4011 Cornelius
752 3957 850 4023 suique
859 3971 930 4023 aqua
964 3953 1051 4006 canda
1062 3954 1199 4020 Evangelii
1213 3956 1326 4011 ueritate
1338 3963 1489 4025 praesertim
1502 3966 1552 4029 uti,

344 4041 610 4095 ablutisunt.llecte
626 4047 717 4096 autem
729 4046 824 4096 monet
840 4041 929 4107 ipsum
964 4052 1049 4103 quum
1079 4039 1124 4092 alii
1147 4048 1262 4105 possent
1281 4045 1448 4110 baptismum
1471 4049 1554 4101 mini-

342 4127 465 4192 corporis
486 4126 671 4190 ablutionem,
696 4139 759 4191 quae
783 4127 817 4178 ad
838 4127 929 4181 carnis
963 4129 1059 4174 strare.
1073 4123 1116 4177 Sic
1128 4127 1222 4178 Petrus
1236 4126 1480 4191 aliisdemandavit
1493 4143 1553 4186 mu-

341 4211 438 4265 sordes
451 4211 641 4264 emundandas
651 4216 714 4264 nata
727 4217 784 4275 est,
798 4224 854 4265 non
866 4225 928 4266 esse
963 4220 1015 4260 nus
1031 4208 1187 4274 baptizandi
1211 4211 1367 4265 Cornelium
1384 4227 1446 4269 cum
1464 4217 1522 4272 suis
1542 4235 1550 4272 :

341 4310 398 4350 reru
413 4295 597 4362 praecipuam3
615 4309 679 4348 nam
696 4296 865 4350 conscientia
878 4298 928 4350 bo·
962 4294 1076 4360 «iussit
1097 4306 1145 4346 eos
1167 4285 1345 4359 baptizaris»
1366 4297 1377 4332 ⁸
1397 4302 1496 4356 omnes
1515 4306 1550 4358 ad

342 4396 391 4445 na,
405 4382 459 4435 tide
471 4382 575 4434 scilicet
587 4381 738 4445 illustrata,
753 4387 780 4435 et
790 4382 823 4435 ad
837 4381 927 4434 divina
963 4393 1033 4448 quos
1051 4378 1160 4446 scripsit
1177 4381 1277 4434 Paulus
1294 4381 1447 4450 baptizatos
1466 4388 1549 4442 tuisse

367 4638 394 4689 tl)
402 4638 427 4678 ln
435 4638 497 4677 ioan.
513 4636 528 4674 l.
537 4633 560 4674 ii.
570 4646 581 4674 c
595 4635 640 4675 xiii.
844 4598 846 4603 Ι
986 4635 1014 4688 (a)
1023 4634 1111 4687 Barcini
1120 4645 1183 4687 prop,
1191 4634 1228 4676 nii.
1235 4634 1302 4676 Prooi
1308 4640 1335 4687 i,
1345 4635 1394 4688 §in

365 4708 395 4758 (a)
404 4706 422 4748 1.
430 4705 476 4746 Pet.
486 4703 519 4744 iii.
527 4708 561 4743 tt.
988 4705 1015 4757 (t)
1029 4705 1046 4747 l.
1061 4705 1110 4746 Cor.
1121 4702 1137 4743 i.
1146 4708 1177 4744 lt.
1187 4703 1215 4757 (t)
1224 4705 1270 4745 Act.
1280 4715 1299 4744 x.
1309 4708 1342 4744 ta.
