3792 5550
372 516 407 570 Ν
687 518 803 572 lutus.
822 518 888 571 xul.
907 521 936 571 Ρ.
956 521 976 572 l.
993 520 1037 573 bu
1054 519 1277 573 buculutstlr.

376 634 504 689 turtllter
518 636 559 689 rel
569 634 635 688 sein
645 634 768 697 cuneo,
779 634 822 687 rel
831 634 969 687 Christum
1003 634 1231 701 respondebimus
1247 631 1323 699 quod
1334 633 1433 686 borum
1450 645 1524 685 nuuc
1534 644 1590 685 ms·

380 718 435 773 sibi
455 720 561 781 inesser
579 718 640 784 spiris
652 720 681 770 iu
700 718 808 771 Christo
827 721 920 779 Pater,
940 724 969 772 et
1000 720 1266 785 xlmetempuserat
1285 754 1293 769 .
1312 754 1319 769 .
1341 755 1347 768 .
1365 719 1513 783 Propterea
1521 718 1587 770 illud

381 805 506 857 Christus
528 804 555 855 ln
575 802 670 866 uobis,
695 816 780 856 unum
796 804 824 856 iu
846 804 889 857 his
905 817 968 858 esse
1001 803 1078 869 prius
1087 803 1152 857 iecit
1164 802 1384 864 miraculum,ut
1394 813 1444 867 per
1455 801 1524 853 illud
1534 814 1588 855 nou

379 901 432 943 uos
451 887 560 940 iaciunt.
573 886 600 939 si
612 900 677 940 rere
688 888 772 955 igitur
787 901 895 942 curnem
907 901 968 941 cor·
1001 893 1095 941 esseut
1109 889 1227 955 amplius
1245 886 1380 941 increduli
1392 886 1435 942 his
1445 898 1508 952 quur
1516 892 1589 951 post·

381 972 456 1039 poris
474 971 561 1025 nostri
591 972 714 1026 christus
742 974 910 1039 assumpsit,
939 979 966 1027 el
999 974 1114 1027 modum
1131 974 1245 1027 diceret.
1270 973 1414 1035 ..unare
1430 971 1588 1025 necessario

379 1070 443 1111 rere
466 1057 549 1111 homo
569 1058 634 1124 ille,
661 1060 708 1127 qui
732 1073 765 1113 ex
786 1058 867 1113 lleria
885 1063 967 1112 nutus
1000 1058 1148 1111 dicendum
1162 1071 1246 1124 quam
1262 1056 1424 1111 admiranda
1445 1056 1587 1124 mysteria,

378 1141 442 1205 luit,
469 1143 594 1198 Christus
616 1151 675 1208 est,
702 1158 807 1211 uosque
827 1158 891 1199 vere
913 1145 965 1198 sub
999 1149 1026 1197 ct
1043 1156 1093 1196 cur
1111 1142 1175 1195 dots
1197 1142 1270 1205 sint,
1291 1147 1320 1194 ct
1346 1153 1474 1206 quoeuum
1492 1154 1587 1195 eorum

377 1229 509 1295 mystemo
518 1244 628 1286 curnem
639 1232 761 1299 corporis
769 1231 811 1285 sui
820 1231 965 1296 sumimus,
999 1228 1113 1282 utilitas.
1124 1231 1213 1281 linum
1226 1240 1327 1293 corpus
1342 1240 1457 1292 sumus,
1468 1232 1496 1279 et
1507 1240 1588 1281 mem·

377 1318 407 1367 et
421 1326 471 1380 per
495 1316 549 1369 hoc
566 1330 650 1370 uuum
668 1318 782 1377 crimus,
810 1317 874 1382 quia
888 1320 967 1370 Peter
998 1313 1048 1367 bra
1065 1326 1099 1365 ex
1109 1326 1192 1366 carne
1204 1316 1234 1365 ει
1247 1311 1359 1365 ossibus
1366 1313 1437 1378 eius.
1452 1313 1484 1363 ιιι
1496 1316 1588 1365 sutem

378 1398 407 1451 in
427 1412 462 1453 eo
481 1407 541 1467 est,
557 1408 584 1455 et
603 1404 649 1456 ille
668 1402 696 1456 iu
712 1400 790 1455 nobis
804 1418 810 1453 :
825 1403 966 1469 qrromodo
999 1398 1154 1452 nonsolum
1163 1396 1414 1463 perdilectionem,
1425 1397 1586 1464 scdreipss,

377 1484 527 1539 voluntatis
542 1488 632 1541 unitus
650 1486 872 1549 asseritur,cum
890 1493 967 1540 nulu-
998 1484 1028 1537 lu
1056 1484 1132 1537 illum
1159 1497 1270 1537 curnem
1296 1486 1510 1545 convertamur,
1539 1497 1589 1550 per

378 1570 445 1623 rulis
457 1584 506 1637 per
519 1574 723 1625 Sacramentum
741 1572 893 1638 proprietas
904 1586 967 1638 per·
999 1568 1263 1632 cibumidcllicitur,
1281 1582 1364 1634 quem
1382 1568 1463 1622 nobis
1474 1569 1588 1635 largitus

374 1654 453 1708 lecte
474 1659 675 1710 sacramentum
700 1656 736 1708 sit
754 1656 886 1709 unitatlst
906 1659 966 1710 llon
999 1659 1051 1707 εει.
1065 1649 1134 1707 Gunt'
1148 1653 1222 1707 euim
1242 1667 1323 1707 suum
1346 1653 1375 1705 iu
1394 1666 1449 1707 nos
1467 1668 1590 1709 umorem

377 1744 421 1791 est
440 1741 560 1794 humano
586 1745 633 1794 aut
652 1741 746 1794 saeculi
761 1755 845 1795 seusu
867 1742 896 1795 in
918 1743 966 1795 liei
999 1740 1122 1794 iudicare
1143 1740 1239 1802 vellet,
1255 1753 1312 1805 per
1337 1752 1438 1805 corpus
1459 1752 1490 1793 εε
1507 1741 1590 1795 uobis

376 1824 461 1879 rebus
471 1825 748 1891 loquendumneque
758 1838 808 1891 per
818 1826 967 1880 violentem
1000 1825 1189 1889 commiscuit,
1207 1831 1234 1878 et
1252 1824 1280 1877 lu
1299 1824 1540 1879 unumnobiscum
1552 1838 1593 1879 re·

376 1910 670 1977 utnueimprudoutem
682 1909 904 1975 predicationem
914 1924 968 1965 coe·
1001 1909 1096 1977 degit,
1113 1914 1144 1963 ut
1160 1922 1262 1975 corpus
1272 1923 1335 1963 cum
1348 1908 1438 1976 cupite
1448 1910 1589 1964 uniretur:

376 1996 487 2050 lestium
499 1996 633 2049 dictorum
645 1995 764 2059 sanitati,
775 1996 872 2049 alienae
883 2001 966 2062 utque
1000 1996 1054 2049 lroc
1069 1995 1144 2049 euim
1162 1989 1313 2048 amentium
1329 1995 1447 2048 maxime
1461 2002 1514 2049 εει.
1533 1998 1591 2050 ιιοε

377 2079 669 2147 impiaeiutelligeutiae
693 2080 882 2147 extorquenda
904 2094 966 2146 per·
998 2081 1051 2133 Job
1077 2079 1250 2146 significabat
1270 2080 1307 2133 dc
1329 2080 1417 2134 servis
1444 2094 1461 2133 ε
1489 2081 1590 2146 quibus

376 2167 491 2219 verulus
506 2171 556 2218 εει.
570 2168 634 2229 Quae
644 2166 743 2231 scripta
759 2168 966 2233 suntlegemus,
999 2173 1116 2217 maxime
1132 2165 1283 2229 amabatur,
1296 2165 1344 2230 qui
1361 2178 1443 2219 suum
1467 2178 1590 2219 amorem

376 2255 404 2303 et
419 2263 481 2316 quae
495 2250 642 2317 legerimus
652 2250 852 2316 intelligemus,
863 2255 890 2302 et
900 2256 966 2303 tunc
1000 2249 1232 2315 praeseferentes,
1243 2249 1391 2303 dicebaut:
1406 2250 1495 2314 «Quis
1512 2251 1591 2305 duret

377 2334 504 2401 perlectae
518 2334 579 2387 lldel
592 2334 680 2388 officio
696 2334 850 2401 fungemur.
866 2337 903 2387 lle
915 2348 967 2387 ua·
1001 2334 1116 2397 mobis,
1125 2334 1360 2400 utcp'uscaruibus
1370 2333 1589 2400 impleremurt„

375 2419 457 2472 tunuli
477 2419 550 2472 euim
577 2420 606 2472 iu
633 2420 715 2473 uobis
734 2420 833 2472 Christi
850 2419 966 2474 veritate
999 2418 1338 2483 Quodcurlstuslecltmt
1351 2420 1448 2487 majori
1465 2422 1592 2475 noscitu-

375 2516 439 2570 quae
455 2503 586 2568 dicimus,
614 2505 668 2558 nisi
694 2504 728 2558 ab
746 2517 779 2558 eo
799 2505 965 2569 didicimus,
999 2504 1081 2557 rllute
1101 2503 1301 2570 adstringeret3
1314 2509 1342 2556 ει
1359 2508 1390 2556 ut
1400 2518 1480 2557 suum
1494 2504 1523 2557 iu
1539 2517 1591 2559 uos

378 2589 461 2642 stulte
481 2595 564 2654 atque
584 2589 666 2656 impie
677 2589 804 2642 dicimus.
817 2590 879 2655 lpse
890 2591 966 2643 enirn
1000 2590 1159 2643 ostenderet
1171 2589 1359 2653 desiderium,
1372 2602 1428 2643 uou
1440 2595 1592 2643 setectum

374 2674 430 2727 eit:
441 2692 453 2719 r
464 2675 533 2727 curo
544 2676 967 2742 meurereestesca‚etsauguis
999 2674 1087 2728 videri
1104 2674 1267 2740 permittens
1283 2674 1520 2737 desiderantibus,
1540 2676 1593 2729 sed

377 2779 392 2808 ι»
410 2770 489 2812 meus
502 2772 564 2813 rere
574 2764 615 2813 est
627 2763 718 2825 potus.
730 2759 779 2823 Qui
789 2758 846 2812 edit
856 2770 967 2812 curnem
1000 2764 1029 2815 et
1040 2760 1159 2827 tungiet
1173 2759 1342 2820 manducari,
1360 2764 1389 2812 ει
1404 2759 1503 2814 dentes
1514 2759 1592 2813 curui

377 2863 393 2892 s
412 2856 518 2907 meam,
539 2848 567 2897 ει
586 2844 656 2898 bibli
673 2843 835 2910 sanguinem
858 2855 965 2906 meum,
1001 2859 1058 2898 suae
1075 2845 1170 2911 infigi,
1197 2849 1225 2896 ει
1254 2843 1392 2896 desiderio
1424 2843 1467 2895 sui
1492 2857 1592 2899 omues
1642 2830 1646 2836 ’

376 2947 394 2978 n
411 2929 440 2981 in
463 2942 507 2983 ure
525 2933 639 2988 menet,
664 2933 761 2994 elego
783 2927 811 2979 in
833 2939 875 2980 co.
898 2947 910 2972 »a
929 2930 967 2982 be
1000 2929 1117 2996 impleri.
1129 2929 1165 2976 »¹
1183 2931 1247 2982 llaec
1263 2941 1320 2982 nou
1336 2922 1442 2980 tuntum
1461 2929 1592 2986 exhibent

376 3013 490 3068 veritate
500 3013 624 3066 camiset
636 3011 777 3078 sunguinis
786 3022 843 3063 non
855 3011 967 3065 relictus
1000 3014 1252 3082 interpretationem
1263 3013 1334 3066 sacri
1346 3008 1437 3066 textus'
1444 3014 1480 3066 ει)
1490 3013 1592 3082 insigni

376 3104 420 3153 est
443 3098 601 3165 ambigendi
618 3099 717 3150 locus:
737 3109 812 3150 nunc
840 3097 914 3150 enim
940 3102 968 3150 ει
1000 3103 1132 3164 doctore,
1145 3100 1192 3166 qui
1204 3099 1359 3152 celebratur
1375 3097 1412 3151 ob
1429 3117 1442 3144 α
1455 3098 1593 3152 iubaereu·

377 3183 464 3250 ipsius
478 3183 585 3237 llomini
602 3181 791 3249 professione,
804 3185 831 3234 ει
848 3181 903 3234 lide
921 3193 969 3234 no·
1001 3193 1058 3240 tent
1074 3185 1220 3239 seutentiae
1237 3197 1376 3238 sacrorum
1392 3184 1525 3238 librorum
1546 3197 1594 3238 ex·

376 3275 449 3336 stru,
462 3283 527 3325 vere
547 3282 611 3323 curo
631 3273 692 3332 est,
713 3272 740 3321 ει
762 3280 826 3322 vere
854 3267 969 3334 sanguis
1001 3272 1229 3338 planationem,»›
1241 3269 1292 3323 sed
1303 3270 1405 3322 realem
1417 3268 1516 3322 Christi
1525 3281 1594 3335 pre

378 3360 442 3408 cst:
462 3357 565 3409 etbaec
589 3358 802 3420 receperatque
825 3352 969 3406 haustuid
1003 3357 1122 3411 scutimu
1155 3356 1189 3408 iis
1223 3352 1474 3409 vehementioribus
1501 3353 1593 3408 verbis

378 3439 514 3502 efficiunt,
529 3445 559 3491 ut
570 3445 599 3492 et
610 3451 662 3492 nos
675 3439 704 3490 in
717 3437 840 3501 Christo,
853 3442 881 3489 et
893 3438 971 3490 dirri-
1002 3443 1164 3506 enuntient,
1193 3453 1256 3507 quae
1281 3440 1316 3494 de
1336 3439 1513 3506 perceptione
1537 3437 1593 3492 tide

379 3531 440 3579 stus
456 3525 484 3577 lu
502 3523 637 3577 nobissit.
652 3525 728 3575 lune
741 3521 970 3576 hoererltasnon
1003 3527 1160 3580 nuliatenus
1190 3524 1319 3590 explicari
1349 3528 1476 3590 possunt.
1497 3523 1593 3578 Merito

379 3612 444 3665 esti
465 3609 604 3676 contingit
624 3608 705 3673 plane
733 3606 776 3658 llis
796 3618 891 3659 verum
913 3617 970 3660 nou
1002 3616 1094 3663 eutem
1104 3621 1166 3676 quae
1178 3609 1322 3675 speciebus
1331 3610 1504 3676 contingunt,
1518 3607 1595 3662 cerui

380 3707 457 3757 esse,
469 3693 517 3759 qul
534 3693 672 3744 christum
687 3693 783 3744 lesum
794 3701 890 3743 verum
907 3702 970 3744 esse
1004 3694 1058 3760 ipsi
1068 3706 1132 3760 nure
1140 3694 1174 3746 iis
1185 3696 1291 3749 relatur
1299 3694 1465 3758 tribuuntur,
1476 3693 1512 3747 ad
1522 3693 1596 3748 veri-

380 3781 466 3836 lleum
488 3775 682 3844 conseruent
703 3778 760 3829 Ηοε
778 3779 970 3841 argumentum
1002 3779 1597 3847 tatemsubstantialispresentlaedesignan·

381 3864 449 3918 nibil
472 3862 623 3926 valuisset,
640 3860 664 3913 si
677 3860 731 3914 lide
748 3865 855 3914 tentum
872 3860 971 3915 curisti
1006 3865 1084 3928 dum,
1110 3865 1234 3930 quumvis
1255 3863 1324 3916 nibil
1344 3865 1401 3931 jam
1421 3863 1477 3930 pati
1506 3863 1597 3929 possit

382 3965 484 4020 corpus
506 3960 535 4006 ει
552 3951 664 4019 sanguis
688 3950 717 4005 iu
741 3949 912 4006 eucharistia
924 3965 973 4006 su·
1005 3962 1071 4004 caro
1087 3949 1152 4013 illu,
1169 3949 1282 4017 gloriosi
1302 3949 1427 4015 corporis
1443 3949 1599 4017 proprieta-

381 4043 530 4094 mereulur.
1005 4036 1080 4090 tibus
1097 4035 1220 4102 predita.

414 4127 458 4178 ild.
476 4125 504 4176 s.
523 4125 641 4177 loannes
662 4123 872 4189 cnrysostomus
888 4123 972 4178 ratio-
1039 4124 1082 4174 dl.
1101 4123 1128 4174 s.
1143 4121 1256 4188 cyrillus
1274 4119 1491 4174 Alexandrinus:
1510 4121 1603 4174 «Ser-

382 4222 446 4262 nom
460 4207 551 4262 reddit
576 4219 625 4260 cur
649 4207 773 4260 Christus
799 4213 972 4275 postpones
1005 4211 1086 4262 rator
1101 4206 1176 4272 ipset
1189 4206 1268 4270 «Qui
1278 4207 1426 4260 munducat
1436 4217 1526 4259 meum
1537 4218 1600 4259 cur-

384 4293 580 4360 multiplicatos
598 4292 633 4346 de
652 4293 783 4360 mysterio
797 4294 973 4348 Eucharistiae
1006 4306 1095 4357 ucmp
1111 4292 1217 4358 iuquit,
1232 4311 1244 4340 ι
1258 4297 1286 4345 ει
1296 4291 1365 4346 bibit
1383 4305 1475 4346 meum
1486 4291 1604 4358 mucul-

384 4381 494 4432 loeutus
515 4378 550 4430 sil
564 4391 570 4427 :
585 4394 601 4424 α
618 4376 646 4429 si
661 4377 723 4443 quis
745 4381 972 4443 percontaretur,
1007 4378 1144 4442 »nemin
1157 4381 1410 4444 memauetetepo
1422 4375 1539 4430 inille·
1551 4375 1605 4428 llic

383 4477 435 4518 cur
448 4463 639 4532 mysteriorum
651 4474 808 4518 sermonem
819 4463 972 4529 adduxerit,
1006 4463 1081 4518 enim
1089 4463 1357 4518 animaduertereest
1369 4459 1605 4528 operaepretium,

410 4706 478 4758 llll„
489 4703 722 4750 nitidem-inicum.
1037 4707 1289 4762 (tillomlrdulonu.
