3792 5550
348 614 397 668 las
662 589 777 647 lutet.
795 584 863 638 lllll.
882 586 912 637 P.
931 585 953 638 l.
971 585 1013 635 bi:
1031 583 1254 636 ebculltlsmt.

347 729 446 783 adesse
460 720 514 775 tide
527 722 663 770 tenemus.
677 710 811 761 caeterum
826 716 918 759 ueram
931 738 939 764 ,
973 701 1010 753 do
1023 699 1103 752 luerit
1115 697 1232 752 solemni
1242 695 1434 750 benedictione
1447 701 1574 759 sacrata,

348 814 467 872 realem,
480 796 688 859 substantialem
700 792 874 860 praesentiam
892 792 940 841 Pa·
974 798 1036 839 esse
1045 784 1112 837 dicit
1121 789 1149 836 et
1160 796 1271 836 carnem
1281 790 1308 834 ct
1318 782 1482 847 sanguinem
1492 782 1577 834 cliri-

348 905 405 951 tres
429 902 525 947 omnes
548 884 693 937 nobiscum
716 878 848 937 latentur,
865 872 940 940 quod
974 870 1031 924 sti:
1050 870 1204 922 mirabilem
1228 868 1332 921 scilicet
1351 873 1379 920 et
1396 867 1573 933 singularem

348 978 469 1035 recitatis
490 966 653 1025 testimoniis
679 963 866 1030 probavimus.
891 960 941 1011 Pa·
973 956 1182 1010 conversionem
1194 956 1254 1021 eins
1273 954 1464 1019 praedicat,et
1484 966 1575 1020 agno-

349 1078 413 1120 nem
424 1066 453 1115 'et
464 1060 558 1113 vinum
581 1062 727 1118 superesse
750 1060 806 1100 non
824 1044 941 1098 tradide·
974 1042 1035 1095 scit.
1054 1042 1118 1094 ldeo
1131 1041 1362 1106 diligentercaret
1375 1051 1410 1090 ne
1428 1038 1491 1103 quis
1505 1050 1574 1090 eam

350 1145 493 1211 runt,sed
513 1145 638 1195 econtra
657 1133 809 1200 saepissime
827 1142 941 1182 monue-
975 1139 1038 1179 cum
1054 1124 1178 1192 corporis
1199 1127 1369 1177 nutrimento
1386 1124 1541 1177 confunda,
1560 1139 1571 1173 :

351 1240 422 1289 runt·
442 1246 477 1285 ne
501 1226 628 1282 sensibus
655 1220 750 1274 bacin
769 1230 798 1269 re
816 1216 939 1281 decepti,
974 1231 991 1261 <r
1007 1216 1100 1278 Neque
1112 1214 1186 1265 enim
1204 1217 1235 1264 ut
1247 1224 1422 1265 communem
1446 1223 1549 1275 panem
1560 1246 1573 1271 ,

349 1316 517 1375 sacramenti
557 1309 699 1369 ueritatis,
726 1307 804 1369 juxta
842 1300 940 1353 Christi
975 1312 1065 1364 neque
1081 1303 1111 1350 ut
1128 1309 1302 1350 communem
1323 1300 1419 1360 potum
1442 1295 1496 1346 ista
1520 1308 1575 1347 su-

349 1406 448 1465 verba‚
475 1398 675 1455 obliviscamur.
701 1392 835 1442 caeterum
856 1398 940 1451 quum
975 1383 1091 1444 mimus3
1108 1383 1158 1435 sed
1184 1380 1417 1447 quemadmodum
1435 1393 1486 1445 per
1505 1393 1574 1433 ver-

349 1491 428 1559 panis
443 1494 470 1541 et
490 1486 583 1540 uinum
601 1480 636 1532 ad
655 1478 861 1529 Sacramentum
876 1482 941 1524 con·
975 1468 1040 1521 bum
1066 1468 1113 1521 llei
1133 1479 1198 1521 earo
1225 1467 1312 1519 iactus
1336 1467 1417 1517 lesus
1442 1464 1572 1540 Christus

350 1574 495 1629 ilciendum
519 1566 716 1626 adhibeantur,
730 1563 757 1613 et
781 1570 876 1611 eorum
897 1568 942 1607 cx·
975 1554 1100 1606 Salvator
1120 1558 1215 1605 noster
1233 1556 1261 1604 et
1277 1562 1388 1603 carnem
1409 1555 1438 1602 et
1453 1550 1573 1616 sangui-

350 1668 437 1716 ternae
461 1657 567 1723 species
590 1655 735 1711 maneant,
756 1646 856 1698 mirum
885 1654 941 1695 uon
976 1652 1040 1692 nem
1055 1638 1263 1691 babuitnostrae
1279 1636 1376 1688 salutis
1395 1648 1500 1693 eausa;
1528 1638 1573 1688 sic

350 1752 394 1801 est
414 1746 437 1797 si
463 1746 556 1795 Patres
581 1735 729 1803 aliquando
750 1734 809 1785 haec
831 1728 943 1782 nomina
976 1725 1060 1778 etiam
1073 1724 1162 1786 illam,
1177 1722 1268 1789 inqua
1282 1734 1465 1788 perpraeceps,
1480 1720 1572 1786 ipsius

355 1834 498 1897 usurpent,
511 1823 636 1879 familiari
648 1823 693 1874 illa
709 1819 813 1872 ratione
828 1817 944 1881 loqueu-
976 1810 1060 1863 verba
1078 1809 1279 1869 continentem,
1292 1806 1387 1872 gratias
1405 1811 1476 1859 aotae
1486 1811 1572 1867 sunt,

353 1919 382 1971 di
396 1918 423 1969 in
441 1912 587 1979 scripturis
606 1907 706 1973 saepius
719 1902 858 1962 adbibita,
868 1902 943 1967 juxta
978 1895 1153 1956 alimoniam,
1170 1906 1203 1945 ex
1224 1905 1277 1957 qua
1295 1892 1408 1959 sanguis
1425 1896 1453 1943 et
1471 1904 1573 1944 earnes

353 2016 435 2069 quam
459 2012 512 2066 qua
535 2008 609 2047 exre
626 1991 692 2059 quid
714 1990 812 2041 factum
829 1985 883 2047 sit,
900 1984 944 2036 rel
978 1985 1080 2033 nostrae
1095 1992 1144 2045 per
1156 1978 1336 2031 mutationem
1349 1978 1470 2039 aluntur,
1481 1978 1575 2029 incar·

352 2100 436 2154 quam
457 2082 613 2151 praeseferat
638 2077 753 2129 lormam
781 2068 944 2135 respicitur,
978 2065 1038 2117 noti
1058 2064 1135 2117 iuius
1152 2066 1219 2119 Jcstt
1237 2068 1263 2117 et
1284 2076 1395 2117 comm
1413 2068 1440 2116 et
1457 2064 1575 2130 saepet-

353 2186 408 2239 qua
426 2170 531 2223 ratione
555 2172 582 2217 et
605 2175 657 2214 nos
678 2156 825 2223 loquimur.
845 2151 943 2205 lustini
977 2162 1040 2201 nem
1056 2163 1113 2203 esse
1132 2150 1222 2203 edocti
1244 2160 1350 2202 sumus.
1370 2165 1382 2195 »
1403 2169 1437 2196 m
1457 2152 1482 2196 si
1503 2150 1576 2200 taxe

247 2276 250 2284 ¹
315 2293 320 2303 ·
354 2257 438 2311 verba
457 2251 529 2305 haud
551 2246 667 2300 fideliter
695 2240 787 2293 retulit
808 2238 943 2291 cosmus:
979 2238 1529 2303 amovendamcommemoransque-1,
1548 2234 1576 2299 ἓξ

349 2345 407 2396 ‚nec
420 2340 492 2393 enim
504 2334 658 2403 portionem
675 2328 753 2395 pallis
770 2330 797 2379 θῑ
815 2324 871 2378 vini
887 2321 945 2374 dall
979 2332 1005 2375 tr
1021 2330 1084 2384 αἱμα,
1100 2346 1140 2372 και
1156 2344 1239 2392 upxts·
1255 2346 1315 2372 κατα
1327 2329 1451 2383 perdetur
1462 2338 1577 2391 τριφιποι

357 2423 529 2481 adstantibus
547 2420 629 2481 dicit,
651 2416 700 2469 sed
712 2424 811 2479 panem
829 2413 856 2463 et
865 2420 947 2474 poru-
979 2417 1054 2470 epm,
1078 2411 1146 2458 latin
1171 2430 1197 2458 n
1226 2418 1416 2476 aspamam
1449 2418 1504 2459 ita«
1535 2431 1576 2459 aar

357 2516 415 2567 lum
433 2520 511 2576 ‘1thae
528 2512 556 2560 θῑ
570 2505 635 2568 vinij
647 2500 737 2555 afferri
750 2494 880 2575 Praesuli,
900 2492 947 2559 qui
980 2516 1055 2564 capara
1077 2518 1117 2545 aar
1139 2500 1202 2557 αἱμα
1224 2496 1383 2558 {lembum
1403 2495 1492 2545 luteast
1511 2498 1576 2549 Haec

358 2597 462 2665 prolixe
487 2605 569 2659 super
591 2590 624 2641 iis
647 2597 741 2653 preces
766 2586 793 2635 et
818 2577 948 2634 Euchari-
981 2581 1051 2633 adeo
1080 2587 1145 2633 suut
1165 2581 1328 2647 perspicua,
1363 2587 1394 2634 ut
1421 2581 1517 2633 mirari
1540 2582 1576 2634 sit

344 2683 438 2737 ¹stiam
464 2680 541 2740 lacit,
568 2674 669 2741 quibus
689 2666 839 2727 absolutis,
867 2661 947 2729 panis
981 2666 1117 2718 lustinum
1138 2666 1299 2733 mysterium
1317 2666 1500 2719 christianum
1526 2668 1577 2717 lm-

357 2770 548 2826 eousecrotus,
570 2771 624 2814 uua
649 2768 711 2810 cum
744 2750 856 2804 vincet
878 2751 957 2813 aqua
982 2753 1154 2820 peratoribus
1167 2753 1347 2818 ethnicis,ad
1360 2752 1576 2821 quosvindicias

359 2853 461 2920 pariter
473 2845 640 2902 consecratis
652 2838 853 2894 distribuuntur
864 2845 879 2884 a
891 2831 948 2883 dia·
983 2838 1044 2890 illas
1066 2838 1186 2901 direxit,
1216 2844 1271 2892 tam
1298 2841 1371 2893 clare
1399 2840 1578 2900 enuntiasse,

358 2935 437 2991 conis
453 2949 460 2985 ε
475 2941 570 2982 araxen
583 2936 685 2979 stetero
698 2926 783 2983 iterra
795 2930 832 2969 aar
845 2939 949 2986 rapum
983 2926 1078 2975 contra
1097 2935 1202 2976 morem
1225 2924 1390 2990 scriptorum
1413 2925 1580 2978 christiano·

357 3027 494 3086 „mmm
508 3009 949 3082 ew„tremensemapertarum
983 3018 1061 3070 rum,
1081 3007 1128 3071 qui
1146 3009 1308 3074 plerumque
1321 3010 1356 3063 de
1378 3011 1518 3063 altissimo
1536 3023 1581 3062 ar-

358 3130 399 3158 ser
415 3112 543 3158 steret«
562 3099 673 3154 iliacoui
691 3105 790 3162 panem
811 3096 838 3142 et
855 3089 949 3143 vinum
983 3101 1053 3142 cano
1066 3090 1111 3143 rix
1123 3092 1225 3158 aliquid
1244 3095 1277 3146 ad
1293 3095 1467 3148 ethnicorum
1486 3109 1583 3162 peruc-

360 3201 388 3247 et
404 3204 503 3257 aquam
519 3190 546 3241 in
559 3187 659 3254 quibus
672 3180 765 3250 gratias
783 3181 849 3230 actae
868 3178 950 3237 sunt,
984 3174 1043 3228 nire
1060 3176 1186 3230 notitiam
1204 3179 1279 3245 passi
1292 3186 1366 3233 suut.

359 3272 690 3342 unicuiquepraesentium
701 3260 951 3333 participandadis-
1017 3260 1077 3313 258.
1092 3262 1152 3329 obj.
1169 3266 1194 3316 8.
1210 3266 1274 3327 Quae
1292 3267 1400 3318 latrum
1420 3265 1581 3319 testimonia

359 3364 493 3416 tribuunt,
509 3359 578 3413 »vis
595 3357 671 3413 uocis
688 3354 761 3406 illius
779 3349 952 3416 inaspicuas·
985 3343 1153 3411 afferuntur,
1185 3349 1382 3402 Eucharistiam
1425 3363 1528 3416 corpus
1554 3355 1583 3402 et

359 3471 397 3502 m
410 3475 440 3487 -
460 3452 540 3512 prout
556 3457 589 3498 eo
610 3441 664 3494 loci
683 3437 836 3495 adhibetur,
854 3431 952 3484 eadem
986 3431 1149 3496 sanguinem
1164 3434 1262 3486 Christi
1274 3447 1335 3487 esse
1348 3433 1523 3497 affirmantia,
1535 3448 1582 3487 ex·

359 3531 474 3586 omniuo
486 3536 528 3582 est
545 3542 576 3581 ac
592 3546 602 3574 r
618 3525 815 3579 consecratus,
837 3515 903 3567 suti
919 3527 953 3566 ex
986 3515 1112 3580 plicanda
1134 3524 1198 3570 sunt
1224 3519 1330 3571 ratione
1351 3517 1582 3585 significationis,

363 3616 398 3668 iis
427 3612 545 3676 quaeda
571 3609 697 3676 precibus
727 3609 754 3655 et
783 3598 954 3652 Eucliaristia
986 3611 1069 3663 quam
1089 3601 1191 3655 liabent
1202 3605 1337 3656 elementa
1353 3618 1361 3654 ε
1377 3603 1429 3668 ipsi
1442 3604 1517 3656 enim
1532 3606 1585 3656 l‘a·

361 3699 483 3758 dixerat,
497 3698 604 3763 liquet:
621 3697 765 3760 lotape-stet
777 3693 828 3754 terp
839 3707 866 3734 ru
884 3707 955 3734 κω-
987 3687 1043 3734 tres
1071 3683 1138 3738 alias
1163 3699 1224 3740 eam
1248 3692 1348 3740 vocant
1372 3689 1583 3740 Sacramentum

361 3776 462 3849 graiae·
482 3791 546 3832 rarat
566 3783 610 3848 ηρ
631 3786 684 3829 aare
705 3779 741 3826 tm
761 3787 819 3823 που
839 3775 953 3821 aeutear:
987 3769 1111 3833 corporis
1128 3776 1156 3824 et
1173 3773 1316 3839 sanguinis
1328 3773 1447 3838 christi,
1466 3779 1496 3826 et
1515 3774 1584 3826 satis

361 3886 378 3916 <r
395 3867 591 3920 Eucharistiam
605 3876 656 3930 pro
670 3861 713 3913 bis
731 3858 765 3910 ab
781 3868 813 3908 eo
834 3855 954 3920 acceptis
988 3865 1066 3905 suam
1079 3856 1214 3922 explicant
1226 3864 1356 3912 mentem.
1370 3861 1410 3912 lta
1423 3861 1553 3912 Cosinus.

361 3949 442 4003 donis
459 3951 564 4014 prolixe
583 3946 735 4012 exequitur.
759 3961 771 3987 u
791 3941 849 3992 Non
872 3939 954 4005 igitur
1021 3937 1162 4005 attalicas.
1176 3943 1270 3995 Nullus
1285 3956 1353 3996 usus
1366 3944 1512 4009 loquendi,
1527 3945 1588 3996 nul·

362 4047 461 4100 panem
482 4034 641 4100 simpliciter
666 4033 758 4088 vocat,
782 4025 831 4078 sed
855 4031 955 4088 panem
989 4024 1016 4075 la
1038 4022 1270 4089 interpretationis
1291 4029 1335 4080 lex
1363 4029 1446 4091 sinit,
1475 4034 1506 4081 ut
1523 4040 1587 4094 quae

366 4125 569 4172 consecratum.
601 4117 678 4170 Fallit
708 4113 789 4166 etiam
817 4109 954 4172 Casinus,
988 4105 1080 4161 verbis
1092 4109 1161 4163 adeo
1181 4111 1588 4181 perspicuisaquamplurimis

363 4203 430 4254 dum
449 4215 546 4254 carnes
564 4207 672 4254 nostras
684 4210 755 4264 pane
769 4193 955 4248 Eucharistioo
989 4192 1170 4257 scriptoribus
1186 4196 1277 4248 omnis
1295 4196 1385 4248 aetatis
1403 4195 1589 4259 affirmantur,

366 4285 464 4336 nutriri
476 4323 484 4347 ,
496 4287 580 4338 veluti
593 4285 699 4337 tustino
725 4285 855 4340 auctore,
872 4277 954 4329 dicit:
989 4277 1024 4329 de
1041 4291 1117 4330 mera
1131 4281 1262 4333 relatione
1279 4281 1350 4346 signi
1371 4283 1406 4334 ad
1423 4296 1483 4334 rem
1496 4283 1591 4350 signa-

364 4369 504 4420 nonenim
518 4382 548 4420 oa
568 4369 616 4422 luit
636 4369 699 4421 lruie
712 4377 805 4426 mens,
819 4361 868 4415 sed
882 4361 956 4412 illam
989 4367 1060 4422 tam,
1073 4364 1117 4415 vel
1134 4364 1169 4416 de
1186 4364 1285 4416 virtute
1306 4366 1430 4430 qualibet
1444 4367 1527 4430 siano
1543 4368 1591 4420 ad·

363 4453 586 4516 alimoniam,ex
608 4469 661 4522 qua
680 4451 792 4518 sanguis
811 4454 837 4500 et
858 4457 955 4498 carues
989 4458 1057 4498 nexa
1090 4447 1302 4514 intelligantur:
1333 4451 1488 4514 praesertim
1523 4465 1589 4505 cum

365 4542 467 4588 nostrae
480 4551 528 4602 per
542 4542 720 4594 mutationem
740 4539 859 4593 aluntur,
872 4541 956 4596 quan·
989 4531 1082 4586 Patres
1094 4546 1220 4601 magnam
1234 4536 1262 4585 in
1275 4547 1307 4588 eo
1319 4534 1374 4589 uim
1387 4542 1495 4602 ponant
1511 4537 1591 4604 quod

390 4775 420 4826 (Ι)
434 4777 539 4831 Apologia
546 4781 560 4822 i.
569 4783 623 4827 allas
633 4785 656 4826 ii.
665 4795 685 4826 n.
696 4787 727 4825 ot.
