3792 5550
332 644 336 651 ¹
364 590 411 641 llo
661 584 775 636 lohel.
795 582 860 634 lllll.
874 583 903 633 P.
917 582 936 631 l.
957 580 999 631 oh
1016 577 1244 631 hucuahlshlh.

398 706 446 755 ¹33
468 706 531 755 llaec
561 704 670 754 latrum
697 690 846 768 insignium
878 698 953 753 testi
988 695 1094 749 derivat
1110 694 1175 755 vim.
1196 695 1306 745 Frustra
1322 693 1583 759 conatur,iigurata

363 788 474 850 monia,
494 787 594 853 quibus
612 786 729 852 plurima
757 787 809 837 alia
835 785 954 851 adjicere
988 779 1212 846 interpretatione
1224 777 1401 840 semeldata,
1415 790 1473 831 rem
1492 778 1584 843 ipsam

364 878 478 936 liceret,
509 872 627 939 probant
657 870 801 923 manifesto
832 870 955 935 Apostoli
989 868 1087 919 adesse
1104 865 1313 931 probareznam
1329 864 1403 916 tollit
1424 864 1584 929 praesentiae

363 962 446 1014 verba
468 960 501 1011 ab
525 958 602 1011 initio
626 971 674 1023 per
694 958 793 1009 saecula
813 956 955 1022 inquibus
989 954 1071 1020 hujus
1099 952 1326 1014 tundamentum,
1354 956 1382 1003 ct
1410 951 1583 1017 zuinglianis

364 1047 483 1099 maxime
509 1044 607 1097 enituit
625 1044 688 1095 idei
715 1042 861 1108 splendor,
883 1042 956 1095 hunc
989 1039 1154 1092 assentiatur
1165 1049 1279 1090 necesse
1290 1042 1349 1099 est,
1365 1036 1413 1101 qui
1429 1050 1503 1089 mera
1514 1050 1589 1103 sym·

364 1131 494 1185 omnibus
513 1130 699 1195 praesetulisse
715 1142 845 1189 sensum;
859 1133 886 1180 et
904 1130 957 1179 Eu·
989 1127 1054 1179 bola
1065 1139 1097 1179 ea
1109 1138 1171 1177 esse
1190 1122 1340 1177 clamitant.
1354 1124 1418 1175 llaec
1429 1123 1512 1189 igitur
1522 1136 1589 1189 quse

363 1217 521 1271 charistiam
552 1216 580 1267 in
607 1215 728 1268 Ecclesia
757 1216 956 1280 frequentatam
990 1212 1169 1278 postobjecta
1183 1210 1265 1263 verba
1274 1209 1383 1275 adiicit,
1395 1210 1482 1274 ipsius
1494 1216 1590 1262 aucto-

366 1303 452 1355 fuisse
475 1316 507 1355 ex
528 1303 603 1353 firma
620 1301 702 1353 animi
716 1300 894 1365 persuasione
911 1312 957 1353 ue·
990 1298 1071 1352 ritate
1094 1303 1201 1349 tantum
1230 1296 1373 1359 nituntur,
1402 1295 1476 1347 haud
1506 1294 1589 1348 facile

366 1402 428 1441 rum
442 1400 543 1453 corpus
566 1392 592 1439 et
611 1386 773 1453 sauguinem
792 1384 890 1437 Christi
910 1385 956 1437 ad·
991 1385 1072 1449 plena
1084 1382 1138 1435 tide
1150 1382 1310 1448 excipienda
1326 1388 1390 1447 post
1406 1380 1590 1434 obuiamver-

363 1488 445 1537 esse,
466 1480 493 1527 et
517 1472 619 1538 suscipi
645 1484 693 1525 oro
717 1472 857 1532 fidelium,
875 1470 957 1523 etiam
991 1470 1089 1522 borum
1117 1468 1192 1520 Pauli
1225 1466 1480 1531 interpretationem
1518 1467 1590 1533 reje-

369 1560 404 1613 ab
414 1559 533 1625 indignis
544 1596 552 1621 ,
565 1558 614 1611 scd
627 1558 661 1609 ad
676 1571 752 1609 suam
765 1557 958 1623 perditionem,
992 1561 1064 1608 ctam
1077 1571 1083 1605 :
1100 1576 1112 1600 α
1121 1557 1180 1607 tam
1193 1566 1275 1616 vero,
1288 1573 1301 1598 u
1318 1553 1407 1618 inquit
1425 1554 1470 1605 ille
1488 1555 1590 1605 Sacra-

364 1660 452 1713 puum
471 1645 553 1711 digne
578 1642 791 1708 suscipientibus
808 1642 897 1695 iorem
916 1644 958 1693 in·
992 1639 1188 1692 montariorum
1203 1637 1351 1705 objectioni
1364 1638 1588 1701 uteatobriam,

368 1736 518 1786 strumenta
529 1729 680 1782 sanctitatis
693 1728 957 1795 etsalutispignora.
995 1744 1008 1769 a
1025 1723 1101 1789 quod
1118 1728 1233 1777 vocatur
1263 1722 1333 1775 calix
1357 1724 1589 1786 contractumnc,

365 1818 418 1882 Qui
431 1818 473 1869 his
485 1815 729 1876 contradicunt,et
741 1814 892 1879 Scripturas
902 1826 960 1878 por·
993 1809 1137 1875 figuratam
1166 1808 1356 1874 loquutionem
1386 1822 1449 1861 csse
1477 1810 1589 1869 fateor;

366 1916 461 1970 peram
471 1902 505 1955 ab
519 1900 631 1955 exordio
645 1898 773 1951 Ecclesiae
792 1898 958 1957 intellectas,
994 1896 1077 1948 modo
1094 1908 1150 1948 non
1167 1896 1279 1949 tollatur
1291 1894 1386 1962 tigurae
1403 1895 1521 1958 veritas,
1535 1897 1590 1949 hoc

367 1986 961 2053 etSacramentipraecipuinaturamelusum
994 1987 1051 2043 est,
1066 1982 1149 2034 modo
1169 1993 1214 2033 res
1227 1993 1338 2045 quoque
1359 1980 1417 2047 ipsa
1437 1984 1524 2045 assit,
1538 1995 1590 2035 nec

369 2078 479 2143 penitus
496 2077 690 2141 depravatum,
706 2077 830 2125 asserant
846 2083 961 2123 necesse
994 2068 1086 2120 minus
1113 2067 1255 2132 sanguinis
1279 2068 1505 2121 communionem
1532 2081 1593 2120 am-

366 2171 427 2225 est;
441 2175 495 2227 quo
515 2166 596 2227 pacto
616 2172 646 2210 se
662 2157 827 2209 abonorum
838 2154 962 2207 omnium
996 2166 1042 2205 mo
1063 2152 1214 2218 percipiat,
1239 2166 1322 2218 quam
1343 2153 1494 2205 orevinum
1517 2152 1591 2205 bibi-

365 2246 507 2302 consortio
526 2249 661 2311 separant.
994 2250 1066 2290 mus.
1079 2237 1110 2283 »ί

462 2370 465 2375 ,
495 2330 660 2397 objectiones
678 2329 832 2380 diluuntur.
1030 2326 1088 2375 tao.
1108 2323 1168 2389 obj.
1188 2324 1214 2375 θ.
1239 2325 1358 2378 Calicem
1389 2324 1497 2379 Domini
1524 2339 1591 2379 cum

404 2422 461 2471 tat.
482 2416 542 2481 Odi.
562 2420 585 2467 i.
605 2414 705 2466 Paulus
734 2412 855 2477 loquitur
883 2428 900 2459 u
927 2410 962 2463 de
1000 2410 1085 2463 calice
1104 2411 1305 2465 daemoniorum
1332 2405 1432 2465 Paulus
1455 2414 1591 2467 confert:

368 2504 502 2572 spirituaii
516 2501 614 2555 Christi
627 2506 653 2553 et
667 2498 789 2553 bdelium
800 2498 918 2551 unione:
933 2503 963 2549 ut
998 2516 1011 2542 r
1030 2508 1085 2548 non
1097 2497 1213 2561 potestis
1226 2498 1339 2551 calicem
1356 2499 1465 2552 bomini
1477 2499 1591 2563 bibere,

370 2586 735 2653 indeinieratsacrilegium
758 2595 896 2637 essenon
923 2582 964 2634 fe·
996 2586 1024 2633 et
1052 2582 1164 2634 calicem
1185 2583 1385 2638 daemoniorum
1413 2599 1420 2634 ε
1447 2584 1495 2631 »²
1520 2590 1594 2637 atta-

368 2675 502 2736 rendnm‚
521 2673 597 2739 ipsos
609 2672 747 2725 idolorum
767 2669 964 2723 communione
996 2680 1060 2720 men
1088 2682 1170 2721 nemo
1207 2669 1307 2721 dixerit
1336 2671 1495 2723 daemonum
1525 2683 1592 2722 san-

369 2760 467 2827 pollui.
482 2760 520 2810 lix
541 2756 745 2811 circumstantia
765 2768 835 2821 ergo.
850 2754 902 2808 loci
919 2755 963 2821 ju·
996 2752 1107 2820 guinem
1123 2754 1218 2819 calice,
1231 2754 1383 2821 qnieorum
1395 2754 1509 2820 dicitur,
1525 2767 1593 2809 con-

372 2845 463 2897 dicare
487 2844 568 2906 licet,
597 2845 703 2892 illinitur
729 2841 871 2908 sanguinis
900 2853 963 2892 csse
997 2841 1088 2893 tineri.

372 2929 553 2990 societatem,
591 2941 652 2994 quae
695 2927 775 2980 nobis
821 2931 863 2978 ost
900 2939 962 2978 cum
1031 2929 1089 2978 tal.
1109 2929 1186 2992 Recp,
1207 2927 1328 2992 Explicat
1339 2926 1440 2978 Paulus
1457 2939 1509 2979 cur
1521 2928 1592 2980 calix

372 3013 474 3066 Christi
495 3012 646 3077 sangnine,
667 3012 733 3076 dum
756 3012 837 3064 simul
860 3023 912 3064 nos
933 3011 962 3062 in
1001 3011 1107 3065 bomini
1126 3011 1250 3073 dicatur,
1280 3011 1344 3076 qnia
1368 3011 1474 3064 scilicet
1503 3013 1538 3066 de
1556 3026 1593 3066 eo

369 3111 473 3163 corpus
499 3111 579 3149 suum
598 3098 708 3158 inserit,
729 3097 849 3150 ut'vitat
872 3095 899 3147 in
914 3109 963 3149 no·
997 3098 1064 3151 dixit
1077 3098 1199 3150 Christus
1213 3111 1219 3148 :
1234 3117 1246 3142 α
1259 3098 1307 3148 liic
1325 3097 1395 3149 calix
1418 3100 1523 3152 Novum
1545 3101 1594 3152 Te·

372 3184 416 3236 bis
430 3189 456 3236 et
468 3195 520 3236 nos
533 3183 560 3235 in
573 3185 643 3249 ipso.
658 3203 670 3230 »
685 3184 723 3236 lta
741 3183 867 3236 Calvinus
882 3182 910 3234 in
922 3183 965 3236 lo·
998 3188 1164 3236 stamentum
1186 3187 1229 3235 est
1249 3183 1276 3234 in
1297 3195 1359 3236 meo
1371 3185 1523 3249 sanguine3
1539 3203 1555 3232 »
1566 3192 1593 3238 et

368 3283 446 3324 curn.
998 3269 1060 3335 quia
1077 3283 1172 3322 reuera
1192 3288 1205 3314 α
1218 3267 1429 3322 communicatio
1448 3269 1594 3336 sanguinis

407 3359 464 3408 155.
485 3357 563 3421 desp.
584 3355 645 3422 Agit
667 3353 778 3420 quidem
803 3354 902 3406 Paulus
929 3353 964 3406 de
998 3356 1096 3408 Christi
1111 3361 1160 3408 est.
1175 3375 1188 3401 a
1201 3357 1318 3407 Necesse
1328 3367 1383 3406 non
1398 3359 1440 3406 est
1451 3362 1481 3406 ut
1493 3360 1593 3408 eadem

374 3442 472 3495 Christi
486 3449 513 3494 et
537 3442 655 3495 bdelium
675 3441 794 3501 unione,
811 3440 860 3491 sed
878 3440 913 3491 de
932 3452 964 3491 ea
999 3440 1114 3492 sitratio
1131 3440 1244 3492 calicem
1257 3443 1405 3505 utrumque
1417 3439 1593 3506 designandi,

373 3541 435 3594 uuae
453 3528 485 3578 iit
503 3527 645 3592 sanguinis
659 3527 701 3577 sui
720 3526 748 3576 in
766 3524 903 3589 mysteriis
915 3537 965 3588 po·
999 3525 1048 3576 sed
1078 3538 1164 3589 quum
1191 3525 1261 3576 calix
1280 3526 1349 3577 alter
1368 3526 1410 3577 vel
1428 3515 1593 3592 sanguinem

372 3613 492 3671 tatione;
506 3611 578 3662 unde
591 3610 688 3661 merito
700 3609 781 3660 infert
793 3607 964 3673 sacrilegium
997 3608 1169 3661 victimarum
1187 3608 1333 3662 daemoniis
1342 3609 1506 3663 >oblatarum
1524 3624 1594 3664 con-

374 3709 436 3750 esse
462 3695 582 3746 immane
606 3693 744 3746 idolorum
770 3692 965 3745 communione
997 3693 1112 3756 tineret,
1133 3694 1176 3747 uei
1196 3695 1291 3747 vinum
1309 3695 1343 3746 iis
1357 3695 1517 3759 libandum,
1531 3711 1594 3751 mo

373 3781 470 3848 pollui.
494 3781 603 3831 Frustra
625 3783 739 3830 conatur
759 3777 885 3830 calvinus
906 3778 966 3830 haec
999 3776 1060 3828 nuit
1086 3777 1180 3830 iideles
1202 3781 1351 3844 Apostolus
1373 3780 1407 3832 iis
1428 3793 1482 3834 non
1507 3781 1594 3835 licere

375 3862 964 3928 rtemerasocietatequaincorpuscmistt
998 3863 1033 3914 dc
1060 3863 1144 3916 calice
1169 3864 1310 3919 bominico
1335 3864 1451 3929 bibere,
1481 3867 1505 3919 si
1537 3868 1593 3920 ulla

290 3939 291 3942 '
374 3951 519 4019 mysticum
539 3948 700 4012 inserimur,
719 3949 761 4001 vel
784 3948 821 4001 dc
847 3948 965 4002 efficacia
998 3949 1104 4002 ratione
1134 3963 1197 4002 sese
1223 3950 1385 4003 idololatrici
1403 3952 1593 4017 cuitusparti·

375 4033 755 4099 otvirtutesanguinlsquam
765 4040 966 4087 sacramentum
1000 4035 1076 4101 cipes
1088 4035 1216 4088 iacerent.

376 4123 458 4190 digne
468 4120 650 4189 percipientes
669 4119 861 4184 experiuntur,
875 4120 965 4186 expli·
1032 4124 1090 4174 los.
1110 4122 1169 4188 obj.
1188 4126 1213 4175 5.
1235 4123 1311 4174 lllius
1326 4137 1358 4176 ex
1375 4122 1483 4176 decimo
1500 4125 1594 4189 capite

374 4225 437 4264 care
455 4226 461 4262 :
479 4223 544 4262 nam
571 4208 653 4260 verba
676 4207 801 4260 intimum
824 4208 966 4274 sanguinis
999 4208 1110 4261 adducti
1128 4209 1277 4262 testimonii
1292 4230 1304 4256 c
1317 4223 1415 4262 sensus
1424 4213 1482 4261 est:
1496 4211 1597 4262 Nonne

375 4294 543 4348 consortium
557 4293 703 4356 denotant,
717 4297 744 4345 et
757 4293 889 4359 Apostoli,
903 4306 966 4346 con·
998 4293 1132 4347 bibitione
1161 4295 1220 4360 ejus
1237 4294 1293 4347 vini
1318 4292 1488 4356 consecrati,
1516 4296 1596 4360 quod

375 4385 416 4431 tra
429 4391 478 4432 eos
490 4379 535 4444 qui
545 4378 682 4430 idolorum
694 4378 784 4430 cultus
793 4378 966 4443 aliquatenus
1000 4379 1141 4431 haurimus
1163 4391 1178 4432 e
1191 4379 1311 4444 poculo,
1333 4378 1480 4445 participes
1500 4378 1596 4431 reddi-

377 4465 445 4516 tiunt
462 4463 623 4529 participes,
643 4462 733 4515 oratio
744 4461 808 4515 inde
821 4463 966 4516 maximam
1003 4477 1066 4516 mur
1078 4463 1219 4530 sanguinis
1235 4463 1350 4517 Christi?
1362 4463 1381 4516 i.
1394 4475 1419 4517 e.
1432 4461 1599 4529 profitemur

403 4678 430 4729 (tl
449 4679 533 4720 Gomrn.
551 4679 573 4718 in
582 4679 722 4720 locuunllide
738 4680 803 4722 etiarn
817 4693 873 4733 opus
886 4681 967 4733 saepius
1001 4684 1017 4724 l.
1034 4682 1048 4722 i.
1059 4681 1095 4723 ch.
1104 4681 1148 4723 riii.
1157 4681 1184 4734 (Ξ)
1194 4683 1211 4722 l.
1221 4682 1271 4725 Cor.
1281 4694 1301 4723 ι.
1312 4687 1336 4723 so

377 4747 488 4788 laudatum
500 4760 530 4789 :ic
546 4749 575 4788 La
590 4747 710 4800 perpetuus
724 4749 751 4789 de
771 4750 792 4791 la
810 4751 876 4802 Foi,»
892 4751 938 4792 l'ol.
952 4750 967 4790 i.
