3792 5550
553 505 625 596 'car
651 544 673 594 l.
694 546 736 596 nn
754 546 839 608 noua
855 547 898 597 tn
915 544 1101 597 oanrtsuuu
1118 543 1325 597 nnonssnum.
1531 544 1547 596 e

338 672 411 711 eum.
425 678 437 704 r
450 657 459 693 ¹
470 663 547 724 houa
558 659 640 725 igitur
650 659 806 725 baptizatur
819 666 863 713 est
878 663 928 713 liu·
963 660 1006 713 nis
1016 659 1089 713 misit
1101 700 1107 721 ‚
1121 659 1204 712 refert
1215 672 1268 726 qua
1278 659 1383 713 ratione
1397 658 1491 713 fideles
1504 661 1550 711 lia·

338 745 463 807 anchus,
476 748 540 809 post
553 743 616 796 iidei
633 745 661 795 in
674 744 813 797 Christum
825 744 928 821 proles·
962 750 1063 816 ptisme
1083 748 1224 801 initientur
1242 763 1248 797 ε
1271 765 1287 795 r<
1307 746 1474 812 Quicumque
1491 758 1550 811 per·

338 829 454 883 donem.
466 834 493 881 et
502 834 647 895 postquam
658 828 827 893 baptismum
837 829 928 895 exqoi-
963 848 1077 887 suasum
1095 833 1241 887 habuerint
1261 838 1287 885 et
1303 831 1471 885 crediderint
1486 844 1550 884 vera

338 914 443 977 eierat,
463 915 549 967 veluti
571 913 653 967 ritum
672 926 755 979 quern
772 926 805 967 ex
828 914 928 967 Christi
963 933 1037 980 esse,
1052 932 1142 985 quaea
1160 918 1242 972 nobis
1261 917 1394 969 docentur
1413 922 1440 995 et
1457 915 1550 968 dicub-

338 999 488 1063 mandato‚
505 998 631 1064 Philippo
651 999 783 1063 docente,
802 1012 928 1053 necessa·
963 1010 1023 1069 tur,
1043 1018 1127 1071 seque
1149 1006 1186 1057 ita
1207 1004 1297 1057 vivere
1317 1014 1401 1069 posse
1420 1000 1551 1067 promise·

338 1088 410 1138 rium
424 1098 487 1139 esse
498 1085 677 1140 intellexerat.
963 1090 1033 1153 rint,
1050 1090 1068 1141 ii
1089 1089 1194 1155 precari
1213 1096 1239 1143 ot
1257 1090 1412 1155 ieiunantes
1428 1087 1550 1153 priorum

370 1172 413 1221 27.
427 1170 791 1236 Prodetarl.eecenatenti
801 1171 929 1248 omnium
963 1180 1138 1242 peccatorum
1159 1175 1266 1228 veniam
1286 1188 1300 1227 a
1320 1176 1374 1228 lieo
1394 1178 1486 1239 petere
1506 1172 1553 1224 do·

338 1257 529 1309 soecntcrumo
543 1255 651 1309 Christo
661 1269 725 1308 aad.
737 1256 858 1322 Epistola
867 1269 929 1321 ouae
963 1267 1073 1323 centur,
1091 1261 1171 1315 nobis
1189 1274 1242 1312 una
1258 1258 1435 1326 precantibus
1448 1264 1474 1310 ei
1486 1258 1553 1323 jeju·

340 1340 439 1395 dieitur
452 1340 583 1393 Barnabae
600 1340 702 1408 figuras
720 1341 850 1408 baptismi
869 1356 929 1407 quae
963 1345 1216 1413 nantibuslieinde
1227 1358 1260 1398 eo
1271 1345 1435 1397 ducuntura
1453 1342 1551 1404 nobis,

342 1427 371 1478 in
396 1426 480 1479 reteri
505 1429 678 1480 Testamenta
707 1432 927 1492 praecesserunt,
965 1432 1168 1497 oblaquees,
1183 1430 1319 1483 eteoclem
1337 1427 1552 1495 regenerationis

341 1514 458 1580 explicat
476 1529 482 1565 :
502 1532 519 1562 κ
540 1513 703 1579 lit'quidern
721 1512 756 1565 dc
776 1525 846 1577 aqua
862 1512 930 1566 scri·
963 1516 1047 1572 modo
1061 1522 1276 1583 regenerantur,
1287 1528 1342 1581 quo
1354 1520 1381 1567 et
1393 1514 1444 1579 ipsi
1457 1526 1552 1565 sumus

341 1603 417 1665 ptum
437 1604 481 1652 ⁰⁵1
493 1598 521 1651 in
538 1599 763 1663 lsraelilsssrtillt)
778 1597 861 1651 modi>
880 1600 931 1649 Ba·
965 1602 1127 1669 regenerati.
1149 1604 1215 1653 Nam
1244 1601 1273 1651 in
1298 1600 1409 1653 nomine
1431 1598 1552 1653 Parentis

341 1683 472 1750 ptismum
486 1684 532 1749 qui
548 1682 626 1737 affert
643 1688 819 1748 peccatorum
837 1682 931 1734 remis·
965 1688 1203 1747 universorum‚ac
1215 1684 1378 1738 beminirbei
1392 1696 1424 1736 ac
1436 1685 1554 1737 Salvato-

341 1769 460 1833 sionem‚
473 1782 529 1823 nou
549 1774 613 1821 sunt
624 1769 767 1833 recepturi.
779 1786 796 1815 n
809 1795 840 1807 -
852 1788 864 1813 r
876 1770 932 1821 lloc
966 1774 1003 1825 ris
1015 1774 1103 1825 nostri
1112 1774 1175 1823 lesu
1189 1770 1305 1832 Christi,
1318 1776 1345 1823 et
1356 1770 1473 1835 Spiritus
1485 1782 1554 1821 san·

295 1907 299 1910 ,
341 1854 396 1915 ait3
417 1854 491 1919 quod
507 1866 558 1905 nos
575 1852 769 1918 descendimus
782 1852 892 1917 quidem
904 1852 932 1905 in
966 1858 1021 1920 eti,
1036 1858 1173 1908 lavacrum
1187 1856 1216 1907 in
1229 1868 1299 1920 aqua
1311 1861 1377 1907 tunc
1389 1854 1551 1919 suscipiunt.

342 1952 442 2005 aquarn
459 1938 532 2004 pleni
543 1938 702 2003 peccatisao
712 1936 856 1999 sordibus,
868 1937 937 1993 iude·
967 1942 1036 1994 liixit
1052 1940 1125 1993 enim
1144 1940 1266 1992 Christus
1283 1954 1290 1989 ε
1307 1958 1318 1984 r
1332 1938 1388 1991 Nisi
1402 1938 1553 2005 regenerati

342 2031 434 2088 autem
458 2023 625 2089 emergimus
649 2022 766 2075 leucium
788 2020 932 2077 afferentes
966 2045 982 2075 >r
999 2026 1121 2089 fueritis,
1148 2010 1364 2077 nen'intrabitis
1389 2023 1416 2076 in
1439 2036 1553 2089 regnum

342 2113 371 2164 in
391 2112 492 2169 corde,
513 2110 639 2163 timorem
659 2113 687 2161 ct
706 2121 783 2173 spem
801 2108 932 2161 inlesum
966 2130 977 2161 n
999 2113 1141 2165 coelorum.
1155 2111 1190 2159 n‘

342 2197 476 2250 habentes
488 2209 521 2249 ex
533 2195 630 2261 spiritu
651 2193 690 2241 »²
841 2208 845 2215 ·
999 2200 1041 2251 50.
1055 2197 1236 2250 Tertullianus
1251 2199 1396 2249 tractatum
1414 2194 1448 2247 de
1462 2194 1555 2259 Bapti-

377 2283 418 2333 bit.
427 2284 453 2333 S.
463 2282 583 2333 irenaeus
592 2285 654 2345 post
665 2278 825 2332 mandatum
835 2279 931 2332 Christi
967 2296 1027 2337 sino
1043 2282 1082 2336 sie
1098 2283 1255 2335 exorditur:
1276 2281 1381 2333 «Felix
1396 2282 1554 2333 Sacramen-

344 2367 380 2419 de
395 2366 533 2431 baptismo
550 2366 687 2429 relatum,
710 2364 824 2429 spiritns
846 2365 931 2417 sancti
966 2376 1023 2422 tum
1043 2382 1121 2435 aquae
1136 2373 1238 2421 nostrae
1253 2404 1261 2431 ,
1279 2380 1334 2433 qua
1349 2366 1434 2419 abluti
1447 2366 1554 2419 delictis

345 2466 428 2519 opera
448 2466 575 2508 enarrare
593 2452 701 2519 pergin
716 2452 816 2505 deinde
833 2452 931 2505 addit:
967 2454 1089 2520 pristinae
1110 2452 1258 2516 celeritatis,
1280 2452 1308 2503 in
1324 2452 1407 2505 vitam
1424 2457 1553 2505 aeternam

346 2560 358 2586 e
371 2538 525 2592 sicutenim
539 2539 574 2591 de
586 2538 664 2591 arido
674 2536 763 2590 tritico
775 2550 866 2589 massa
878 2550 933 2589 una
966 2540 1124 2591 liberamur.
1137 2555 1153 2585 n
1163 2539 1277 2603 Gaianas
1291 2537 1448 2601 reiicientes
1465 2536 1555 2600 Bapti-

342 2624 932 2691 fiennonpotestsinenumorenequeunus
967 2636 1057 2676 smum
1075 2622 1159 2677 veluti
1174 2620 1301 2674 haeresim
1322 2621 1469 2673 nefandam
1484 2621 1555 2673 inse·

344 2710 444 2775 panis:
461 2710 498 2761 ita
515 2723 566 2762 nec
578 2722 630 2762 nos
641 2708 720 2761 multi
731 2722 819 2760 unum
834 2707 893 2759 lieri
905 2708 932 2760 in
967 2716 1074 2771 otetur,
1092 2708 1191 2776 quihus
1209 2708 1377 2761 Christianos
1398 2707 1511 2774 opponit
1523 2736 1556 2744 -

344 2797 524 2849 Christolesu
536 2801 705 2861 poteramus,
717 2795 777 2846 sine
788 2807 858 2860 aqua
871 2807 933 2860 quae
969 2817 981 2844 a
999 2795 1146 2863 pisciculos
1166 2813 1182 2843 »
1199 2794 1235 2848 ob
1252 2795 1418 2849 nativitatem
1438 2795 1466 2846 in
1485 2807 1554 2860 aqua

344 2880 456 2934 deooelo
468 2886 518 2933 esi.
529 2883 562 2934 lit
574 2881 645 2934 sicut
656 2880 732 2933 arida
747 2885 828 2942 terra,
841 2880 863 2932 si
877 2893 933 2935 non
967 2883 1125 2950 designatos
1139 2897 1146 2932 ε
1162 2901 1174 2928 r
1191 2882 1238 2934 sed
1252 2893 1304 2934 uos
1321 2880 1444 2947 pisciculi
1458 2893 1555 2934 secun·

343 2965 477 3032 percipiat
500 2967 659 3028 humorem,
680 2978 735 3018 non
758 2964 903 3018 fructificat
925 2979 931 3016 :
967 2969 1033 3021 dum
1045 2975 1114 3019 ixetr
1134 2975 1259 3020 nostrum
1277 2969 1370 3020 lesum
1382 2966 1517 3019 Christum
1527 2965 1555 3016 in

344 3051 385 3105 sic
403 3056 431 3104 et
450 3063 520 3114 uos,
538 3052 643 3118 lignum
660 3051 768 3104 aridum
785 3051 933 3104 existentes
968 3068 1037 3120 aqua
1054 3055 1203 3107 nascimur.
1219 3073 1231 3099 r
1246 3052 1257 3086 ⁸
1275 3055 1350 3106 llanc
1367 3052 1498 3105 nascendi
1516 3064 1557 3104 ra·

344 3137 481 3203 primum,
497 3150 650 3202 numquam
663 3135 934 3190 tructihcaremusad
967 3140 1068 3193 tionem
1085 3139 1119 3191 ad
1134 3138 1234 3190 Christi
1250 3138 1338 3204 legem
1357 3137 1438 3189 refert
1453 3151 1459 3187 :
1476 3155 1488 3182 u
1501 3137 1555 3188 Lex

344 3223 446 3287 vitam,
458 3224 519 3276 sine
532 3235 651 3286 superna
665 3221 819 3276 noluntaria
833 3221 932 3286 pluvia.
968 3225 1041 3276 enini
1057 3224 1199 3290 tinguendi
1215 3223 1342 3288 imposita
1355 3226 1415 3284 est,
1430 3225 1457 3273 et
1470 3221 1555 3272 forma

345 3310 464 3375 Corpora
475 3307 548 3360 enim
557 3309 651 3358 nostra
659 3317 707 3368 per
716 3305 855 3356 lavacrum
868 3304 934 3354 illud
968 3303 1559 3371 praescripta:rlteprinquitrdeoetenatio-

344 3394 477 3460 quodest
494 3392 529 3444 ad
541 3387 934 3453 incorruptionem‚unitatem
970 3409 982 3436 »
1003 3403 1068 3453 nes,
1082 3390 1238 3457 tinguentes
1248 3400 1294 3441 eas
1304 3388 1332 3439 in
1342 3399 1443 3440 nomen
1455 3387 1556 3448 Patris,

345 3481 530 3540 aoeeperunt3
552 3472 650 3527 animae
670 3477 760 3525 antem
782 3486 831 3538 per
850 3472 935 3538 spiri·
969 3497 990 3524 ›r-
1002 3481 1029 3529 et
1041 3475 1109 3540 Filii,
1126 3474 1279 3541 etspiritus
1292 3473 1389 3527 sancti.
1406 3471 1556 3538 rlluiclegi

346 3569 415 3617 tum.
429 3562 506 3615 Unde
517 3565 546 3614 et
557 3566 672 3627 utraque
684 3561 858 3625 necessaria,
871 3573 935 3613 cum
969 3564 1065 3617 collata
1079 3563 1201 3615 definitio
1211 3562 1257 3613 illa
1267 3576 1273 3612 :
1283 3578 1299 3608 ι(
1308 3559 1365 3612 Nisi
1376 3558 1437 3624 quis
1446 3563 1556 3612 renatus

345 3655 463 3717 utraque
478 3649 622 3715 proficiant
639 3649 666 3700 in
678 3649 760 3702 vitam
778 3647 838 3710 liei,
853 3647 935 3700 mise·
969 3670 982 3696 r
1001 3649 1082 3702 luerit
1092 3661 1206 3714 exaqua
1218 3652 1245 3700 et
1257 3646 1368 3712 Spiritu,
1381 3658 1438 3699 non
1447 3643 1559 3698 intrabit

346 3742 424 3790 rante
444 3735 560 3790 bomine
578 3738 749 3790 nostrolesu
765 3734 882 3788 Christo.
896 3733 935 3782 »⁸
969 3758 981 3784 r
1002 3739 1030 3788 in
1055 3749 1170 3803 regnum
1199 3735 1355 3796 coelorum,
1381 3753 1393 3779 r
1413 3731 1558 3786 obstrinxit

345 3821 443 3887 liquet
454 3834 487 3873 ox
501 3821 596 3874 irenaei
606 3821 756 3883 sententia,
768 3825 795 3872 et
807 3819 861 3872 lide
870 3824 935 3872 tuno
969 3822 1053 3876 iidem
1064 3822 1099 3875 ad
1108 3820 1239 3886 baptismi
1249 3817 1451 3874 necessitatem.
1464 3819 1557 3882 ltaque

345 3907 469 3973 vigente,
479 3907 617 3960 lavacrum
627 3917 807 3972 quoeorpora
821 3905 935 3957 abluun·
969 3920 1066 3960 omnes
1079 3905 1177 3958 exinde
1195 3904 1338 3958 eredentes
1354 3900 1555 3968 tinguebantur.

347 3991 585 4046 turnecessarium
597 4005 660 4044 esse
668 3991 704 4044 ad
715 3991 797 4044 vitam
808 3996 835 4043 et
845 3979 934 4042 incer·
969 3994 1044 4044 Tune
1064 3995 1091 4042 et
1113 3989 1211 4048 Paulus
1232 3987 1277 4040 ubi
1297 3983 1434 4046 credidit,
1455 3981 1556 4034 tinctus

347 4077 514 4142 ruptionem.
969 4083 1019 4131 eet.
1035 4076 1070 4123 »θ

379 4163 453 4216 itis
474 4162 600 4216 lustinus
612 4163 647 4213 ll.
665 4159 694 4212 in
706 4160 837 4226 Apologia
851 4171 933 4224 quam
1001 4163 1043 4213 at.
1062 4163 1088 4213 S.
1103 4158 1261 4212 Ambrosius
1281 4155 1378 4208 animae
1394 4150 1557 4204 munditiem

348 4246 382 4299 ad
396 4247 521 4302 ethnicos
537 4248 720 4313 imperatores
740 4257 790 4310 pro
803 4243 934 4298 Christia·
969 4245 1094 4311 aspiritu
1104 4250 1199 4298 saneto
1210 4241 1280 4296 effici
1289 4236 1491 4301 animadvertit,
1505 4251 1556 4294 nec

374 4513 402 4563 (i)
413 4514 459 4553 Aet.
468 4511 514 4553 viii.
524 4515 555 4552 bb.
971 4521 1019 4562 quio
1033 4509 1114 4562 piscem
1128 4507 1234 4561 signifieat
1247 4507 1338 4560 symboli
1351 4512 1372 4546 et
1381 4512 1466 4548 tesserae
1477 4503 1558 4553 instar,

372 4579 400 4633 iil
410 4582 513 4623 Barnabae
520 4593 554 4634 ep.
564 4581 584 4632 5.
593 4580 621 4621 xi.
632 4592 653 4620 n.
663 4586 682 4620 a.
693 4585 724 4621 ta.
972 4581 995 4616 ut
1006 4571 1077 4612 lictor
1092 4571 1183 4630 Xprcrn
1198 4571 1247 4610 hotv
1261 4565 1301 4608 v'trr
1314 4565 1400 4627 Σωτκρα
1411 4593 1418 4619 ,
1436 4572 1555 4613 initialibus

373 4652 400 4703 (ii)
411 4653 435 4692 L.
444 4651 476 4692 iii.
485 4652 533 4693 adv.
541 4652 593 4692 haer.
603 4662 621 4690 c.
629 4651 670 4691 xix.
971 4645 1047 4688 litteris
1056 4646 1200 4698 designarent.

374 4721 403 4772 (l)
413 4720 517 4773 Apologia
526 4721 544 4760 l.
554 4733 575 4761 n.
585 4725 616 4761 dl,
625 4720 678 4761 alias
687 4721 747 4773 ltpol.
757 4718 780 4759 ii.
999 4719 1025 4772 (e)
1034 4717 1158 4758 Tertulliun.
1167 4717 1204 4757 lib.
1211 4716 1237 4757 de
1248 4715 1308 4766 bapt.

373 4789 679 4843 (atbeheptienedhristiani
687 4791 800 4830 utebantur
807 4800 858 4830 voce
866 4776 939 4824 ἶχθῑτ
1232 4815 1234 4818 -
