3792 5550
357 577 410 629 ela
658 578 773 630 vater.
792 578 854 629 xt't.
875 575 916 626 bn
934 569 1088 623 extantia
1109 573 1279 624 uberioris.

392 694 417 742 2.
430 688 577 744 teibriitius
590 705 605 744 a
616 705 728 744 suorum
740 705 835 744 errore
853 691 904 742 bac
921 689 950 740 in
983 685 1034 736 sim
1052 687 1086 738 ad
1107 686 1202 739 fideles
1214 687 1379 753 scribantur,
1392 691 1480 756 liquet
1490 696 1532 759 agi
1542 698 1574 748 de

359 790 404 839 re,
418 778 489 830 sicut
499 778 526 828 in
539 777 599 828 aliis
609 776 664 828 lere
683 777 828 839 omnibns,
839 774 949 827 tandem
982 769 1037 821 ritu
1054 772 1101 836 oui
1119 771 1153 824 ad
1170 784 1268 824 omncs
1281 779 1405 837 spectat,
1419 781 1449 828 et
1460 778 1508 843 qui
1519 793 1575 844 per.

358 863 508 928 aliquando
543 861 674 920 recessit3
705 861 815 926 scripsit
846 859 947 911 enim:
982 859 1065 920 petuo
1084 855 1238 909 servandus
1258 855 1346 918 ioret;
1371 858 1575 916 nitenimdici·

355 967 376 995 «
393 950 430 1000 lte
447 947 575 1000 unctione
587 947 757 998 intirmorum
774 958 831 998 non
845 950 888 997 est
901 957 951 996 cur
982 944 1044 1000 tur,
1065 953 1120 1005 quo
1146 939 1180 992 ad
1204 946 1312 1006 tompus
1341 944 1533 1010 restringatur.
1547 950 1573 998 tn

359 1034 444 1084 multa
471 1032 656 1097 disputemus.
676 1032 763 1083 verba
784 1032 865 1083 babet
879 1030 950 1082 Scri·
983 1025 1101 1090 graviori
1125 1025 1281 1078 infirmitate
1300 1039 1362 1091 quae
1392 1031 1490 1082 mortis
1511 1035 1575 1097 peri·

355 1125 445 1183 pturae
469 1130 571 1178 sacrae,
595 1117 848 1182 interpretationem
862 1116 952 1167 Eccle·
982 1110 1044 1162 culo
1072 1111 1142 1162 haud
1156 1111 1273 1173 v³0³l‚‘
1289 1111 1367 1177 iubet
1387 1117 1492 1166 arcessi
1513 1131 1572 1182 prc-

359 1201 480 1263 siae,cni
494 1202 529 1266 pii
551 1206 578 1254 et
599 1201 727 1253 catholici
746 1201 872 1253 bomines
890 1206 949 1253 tuto
988 1195 1113 1261 sbyteros
1135 1199 1284 1261 Ecclesiae,
1303 1199 1464 1252 sacerdotes
1476 1203 1575 1257 seilicet

353 1286 463 1348 tidnnt,
482 1299 534 1338 nec
561 1287 642 1339 video
661 1286 728 1351 qnid
759 1288 787 1336 in
811 1298 845 1337 eo
872 1298 950 1336 more
983 1281 1029 1347 uui
1049 1282 1102 1335 hoc
1122 1283 1235 1336 nomine
1258 1284 1286 1335 in
1310 1288 1567 1342 novoTestamento

356 1385 440 1436 quem
462 1372 558 1437 recipit
585 1373 727 1433 Ecclesia,
749 1371 912 1436 reprehendi
934 1383 949 1422 a
983 1367 1086 1431 passim
1110 1368 1312 1434 designantur,
1331 1383 1449 1434 quorum
1479 1388 1573 1426 munus

358 1469 501 1522 apudquam
521 1457 617 1521 possit.
640 1476 652 1502 »
672 1456 682 1489 ¹
703 1456 840 1508 Barclaius
857 1461 948 1508 autem
984 1458 1026 1504 cst
1046 1466 1095 1518 pro
1108 1453 1280 1518 periclitante
1294 1468 1390 1518 orare,
1410 1471 1575 1524 euntquesa-

352 1555 464 1593 coenum
494 1543 704 1594 protestantium
738 1541 878 1608 rejiciens,
908 1555 950 1594 ar·
985 1551 1032 1591 cro
1051 1540 1113 1592 oleo
1133 1541 1273 1605 perlioire,
1288 1543 1342 1594 beo
1355 1543 1492 1596 invocato.
1505 1545 1573 1598 Ritus

358 1633 492 1692 gumento
505 1628 579 1691 quod
597 1641 628 1679 ex
645 1627 805 1680 usuvetcris
823 1627 951 1679 Ecclesiae
985 1631 1114 1677 externus
1133 1627 1214 1691 plane
1235 1627 1406 1694 designatur,
1418 1631 1516 1685 unctio
1528 1633 1575 1685 sci-

352 1714 524 1777 desumunt,
549 1715 688 1778 occurrit,
713 1712 870 1779 objiciendo
900 1726 949 1767 eos
984 1711 1049 1762 licet
1061 1711 1219 1777 peragenda
1234 1725 1340 1765 asacro
1355 1713 1500 1780 ministro,
1519 1730 1573 1768 ora-

359 1799 442 1850 ritum
455 1799 671 1864 unctionis,qui
682 1798 793 1864 speciali
819 1799 948 1850 mandato
985 1795 1058 1847 tione
1085 1797 1193 1848 comite.
1230 1796 1348 1850 Effectus
1368 1802 1487 1853 orationi
1518 1802 1572 1854 nuic

356 1885 525 1950 injungitur,
542 1884 689 1951 negligere.
710 1883 721 1918 ⁸
745 1886 890 1951 Neglectus
902 1885 947 1936 bic
983 1880 1106 1932 adnexus
1125 1881 1250 1943 retertur,
1261 1881 1365 1934 scilicct
1382 1885 1460 1936 salus
1473 1887 1573 1950 pericli·

358 1970 490 2021 omnibus
510 1969 593 2021 sectis
613 1969 754 2021 hodiernis
782 1971 853 2022 inter
880 1983 948 2037 quas
982 1964 1075 2026 lavitis,
1097 1965 1181 2017 animi
1193 1968 1325 2031 levamen,
1342 1974 1370 2020 ιι
1385 1978 1571 2034 peccatorum,

360 2067 503 2106 versamur
520 2055 675 2107 eommunis
688 2060 739 2106 pst.
982 2063 1044 2115 quae
1056 2051 1215 2114 admiserit,
1232 2053 1368 2106 remissio.
1380 2057 1428 2107 Est
1447 2056 1528 2122 igitur
1539 2059 1572 2110 si·

571 2139 734 2203 Propositio
982 2148 1067 2200 gnum
1092 2136 1201 2188 visibile
1221 2137 1477 2206 invisibilisgvatiae.
1491 2145 1570 2195 Porro

393 2223 517 2272 Extrema
531 2223 627 2273 tinctio
647 2227 690 2273 est
709 2233 773 2273 vere
790 2228 818 2272 et
840 2222 948 2287 proprie
982 2233 1067 2284 quum
1088 2223 1234 2287 Apostolus
1248 2223 1373 2288 ipsenon
1394 2228 1570 2290 potneritbos

357 2308 563 2356 Sacramentum
583 2306 947 2358 acbristottominonostro
982 2301 1095 2356 enectus
1114 2305 1177 2358 hnic
1204 2307 1350 2360 adnectere
1376 2309 1458 2371 ritui,
1484 2311 1570 2362 mani-

353 2390 527 2452 institntnm,
541 2397 567 2442 et
580 2405 596 2443 a
607 2392 688 2446 beato
701 2392 804 2445 tacobo
818 2392 948 2457 apostolo
986 2388 1085 2442 testum
1104 2397 1146 2443 est
1167 2406 1228 2445 eum
1242 2396 1435 2448 tantummodo
1455 2399 1569 2462 piromul-

358 2476 572 2541 promulgatum.
983 2487 1063 2540 gassc
1078 2478 1159 2528 ritum
1174 2480 1252 2544 cujus
1266 2479 1391 2532 christus
1409 2482 1469 2546 ipse
1480 2489 1567 2535 auctor

382 2563 414 2610 3.
427 2561 566 2614 Probatur
578 2562 667 2626 ipsias
678 2562 772 2615 incolt
778 2563 948 2616 contemno
983 2564 1039 2624 cst,
1064 2564 1142 2626 cujus
1154 2570 1197 2615 est
1210 2563 1262 2614 vim
1274 2565 1389 2627 gratiam
1402 2566 1567 2632 impertiendi

356 2648 516 2700 testimonio.
540 2649 638 2702 Scribit
650 2649 769 2702 lacobus
781 2647 926 2714 Apostolus
940 2666 947 2701 ε
976 2635 1048 2698 ¹ritui
1061 2647 1215 2702 adnectere.
1550 2685 1553 2691 -

681 2738 877 2803 spasmum.
899 2747 949 2789 rior
1015 2734 1040 2783 t.
1052 2732 1221 2789 prolatura.
1233 2735 1398 2788 eePotrmn
1414 2737 1566 2803 tlitcrpreto-

354 2827 508 2888 apiastrum
527 2845 566 2872 m
584 2824 705 2873 tutelas
720 2826 760 2871 ιιι
775 2824 948 2890 spanagium„
983 2818 1065 2870 lione.
1082 2816 1213 2885 Origenes
1232 2820 1423 2874 remissionem
1450 2832 1567 2888 peccato·

355 2926 418 2964 ω,
438 2908 574 2971 alumne
595 2915 657 2956 2am
678 2910 745 2967 trel,
768 2930 786 2955 a
808 2920 837 2970 *p
858 2911 947 2969 tripart
983 2917 1059 2965 rum,
1079 2917 1141 2970 quae
1159 2905 1319 2971 impetratur
1331 2908 1507 2972 poenitentia,
1529 2922 1565 2961 sa-

355 3000 390 3039 τεῧ
409 2994 555 3057 Koplau'Kat
571 3001 581 3040 ι’
599 2996 651 3041 ιῦλῗι
670 3003 709 3049 ris·
721 2996 816 3043 ricem
831 3014 897 3056 (pots
913 3018 946 3043 res
983 2990 1090 3042 CssidOii
1123 2992 1229 3044 DOmini
1257 2992 1406 3047 indicando
1434 3003 1565 3060 peecatum

355 3078 482 3138 alapam,
498 3081 537 3127 sal
549 3081 557 3127 t
561 3086 616 3146 ,epi
629 3079 690 3129 barb
703 3084 712 3127 t
725 3084 805 3147 stipas
817 3086 857 3129 nt·
868 3089 947 3149 ἁμαρ·
982 3089 1077 3140 suum,
1092 3076 1227 3139 reserens,
1242 3078 1279 3129 ait
1300 3093 1306 3128 :
1322 3098 1334 3124 a
1354 3080 1384 3130 ln
1404 3093 1460 3145 quo
1479 3081 1565 3147 imple·

353 3167 408 3217 riu
420 3175 431 3227 s
443 3170 578 3223 zisunas.
593 3170 733 3231 totalem·
744 3174 811 3229 aare.
821 3171 841 3217 A
853 3168 948 3234 vulga·
983 3166 1026 3212 tur
1040 3166 1068 3213 et
1081 3162 1146 3214 illud
1163 3164 1236 3228 qnod
1251 3166 1399 3229 apostotus
1417 3167 1484 3219 dicit
1498 3182 1504 3217 :
1521 3167 1565 3217 uSi

356 3260 385 3304 to
397 3252 545 3318 interprete
557 3254 597 3307 sic
607 3254 749 3306 redditur:
765 3273 777 3298 ι
792 3254 947 3305 infirmatur
981 3264 996 3293 »
1014 3247 1076 3312 ouis
1086 3255 1176 3301 autem
1194 3249 1357 3313 infirmatur,
1376 3258 1457 3304 vocet
1466 3253 1566 3318 presby·

351 3339 418 3403 uuis
429 3340 456 3390 in
472 3339 568 3393 vobis?
582 3340 692 3392 inducat
704 3339 879 3405 presbyteros
898 3341 946 3391 Ec·
983 3353 994 3378 ι
1014 3339 1087 3386 leros
1101 3334 1244 3393 Ecclesiae,
1268 3342 1295 3387 ct
1317 3336 1461 3401 imponant
1482 3338 1505 3389 ei
1519 3350 1567 3387 ma-

355 3424 466 3485 elesiae,
480 3431 508 3476 et
524 3430 697 3489 orentsuper
713 3438 791 3483 eum,
809 3428 945 3487 ungentes
981 3435 996 3465 »
1014 3432 1079 3478 nus,
1103 3425 1237 3485 urgentes
1256 3434 1319 3473 cum
1333 3422 1395 3475 oleo
1415 3423 1564 3476 innomine

357 3522 419 3559 enm
434 3510 532 3561 oleoin
550 3510 662 3561 nomino
675 3502 781 3561 ltomin'i
794 3522 801 3557 :
816 3513 843 3559 et
856 3508 945 3559 oratio
981 3523 993 3547 υ
1013 3504 1133 3567 bomini,
1151 3510 1203 3556 eto.
1218 3504 1252 3550 »⁵
1275 3506 1305 3557 In
1327 3509 1482 3572 exemplum
1503 3509 1564 3559 banc

356 3591 419 3641 tidei
443 3590 559 3641 salvabit
583 3590 735 3650 infirmum,
763 3596 790 3640 et
807 3588 946 3643 alleviabit
979 3589 1192 3653 poenitentiam,
1220 3604 1281 3655 quae
1311 3591 1339 3643 tit
1370 3593 1398 3643 in
1420 3593 1563 3651 extremis,

351 3686 419 3724 eum
443 3674 572 3725 Dominus
597 3688 603 3722 ι
626 3680 654 3724 et
672 3673 696 3724 si
717 3674 744 3725 in
758 3674 877 3737 peccatis
894 3673 945 3735 sit,
980 3672 1105 3735 adducit,
1129 3673 1250 3739 satisque
1267 3674 1370 3729 indicat
1391 3677 1471 3731 ritum
1495 3678 1563 3729 ilium
1705 3736 1706 3745 χ

353 3757 528 3809 remittentur
544 3757 581 3809 ei.
595 3756 630 3804 »ὅ
647 3760 734 3819 Quum
757 3758 816 3809 baec
836 3756 946 3811 univcr-
979 3760 1099 3824 ungendi
1121 3760 1211 3813 adbuc
1230 3773 1281 3813 sno
1304 3768 1429 3828 tempore
1453 3761 1563 3822 servari,

381 4022 408 4071 lt>
419 4022 510 4074 system.
520 4021 593 4063 Theoi.
603 4033 624 4073 p.
634 4025 680 4061 tet.
979 4022 1033 4061 viter
1049 4026 1152 4071 egrotare
1172 4030 1274 4077 nossent,
1291 4024 1418 4063 solabantur
1432 4038 1456 4066 se
1474 4037 1511 4077 sps
1519 4038 1563 4077 pro

381 4093 429 4142 (th
444 4092 496 4133 ilov
505 4104 567 4132 come
579 4093 630 4146 they
643 4098 664 4131 to
676 4102 727 4143 pass
736 4103 786 4132 orer
795 4092 827 4131 ier
838 4103 897 4131 more
907 4103 944 4143 po·
978 4092 1039 4131 nime
1048 4090 1095 4141 ejus
1106 4090 1193 4131 mortis:
1206 4080 1295 4124 Tslvsss
1305 4079 1427 4139 φίλιππος·
1440 4084 1471 4126 Oi
1481 4082 1515 4138 μὶι
1526 4080 1563 4129 Δι’.
1606 4098 1610 4107 ·

352 4160 417 4201 sitive
434 4161 559 4201 commanda
577 4161 601 4201 oi
614 4162 651 4201 tbs
660 4161 772 4213 Apostles,
788 4172 812 4200 as
826 4167 914 4200 matters
923 4160 948 4199 oi
978 4145 1033 4191 αλλ’
1058 4149 1147 4192 mm?
1161 4174 1167 4209 ;
1181 4166 1205 4199 nt
1219 4172 1269 4199 eum
1286 4159 1308 4200 in
1322 4162 1422 4202 extremis
1437 4162 1480 4203 iere
1492 4162 1566 4202 versavi

357 4241 384 4268 no
399 4231 512 4270 momenti
527 4242 551 4270 as
572 4231 643 4271 Jamcs
652 4242 671 4269 v.
683 4234 713 4277 ιι,
729 4230 800 4270 where
809 4229 825 4267 it
834 4228 853 4268 is
862 4240 945 4281 expres·
978 4229 1104 4269 insinuaret.
1115 4230 1150 4270 Sic
1157 4236 1177 4269 et
1187 4230 1244 4283 opud
1255 4230 1417 4282 Xenophontem
1429 4232 1494 4272 inab.
1504 4232 1517 4271 i.
1527 4232 1545 4282 5.
1554 4231 1567 4269 i.

354 4299 390 4350 sip
409 4299 549 4340 commanded
565 4300 615 4339 that
631 4298 755 4339 tlteviclsbe
769 4298 877 4339 ammes
893 4298 945 4339 witti
978 4290 1059 4340 tristi
1070 4290 1154 4339 lecim
1164 4303 1191 4340 Δ.
1202 4293 1354 4340 saltreia-rivi
1365 4297 1460 4341 staturis
1470 4303 1503 4342 ssi
1513 4300 1566 4346 sisi.

354 4368 387 4406 ott
405 4367 427 4407 in
446 4368 482 4408 tte
500 4380 568 4408 name
586 4369 614 4418 os
626 4369 663 4407 tle
677 4367 867 4419 bord.»Apology
881 4368 945 4419 Prop.
980 4364 1105 4405 Bloomiieid
1127 4364 1150 4404 in
1175 4364 1248 4405 lscobi
1276 4366 1347 4405 locum
1372 4366 1449 4407 scribit
1470 4378 1504 4406 :a
1529 4367 1570 4405 'ilie

356 4436 401 4475 xiii.
411 4435 423 4487 5
433 4436 477 4475 viii.
489 4448 510 4487 p.
518 4440 561 4476 trs.
568 4435 619 4475 edit·
630 4434 778 4486 Bismingbsm
789 4440 845 4474 lint.
979 4424 1069 4467 breint
1089 4438 1147 4473 must
1165 4433 1220 4473 from
1240 4434 1276 4475 tbe
1294 4440 1380 4475 context
1399 4436 1425 4475 bc
1444 4434 1569 4475 understood

383 4505 408 4555 (a)
418 4506 492 4546 iacobi
501 4518 522 4545 v.
533 4511 563 4544 tt.
979 4501 1004 4541 ci
1010 4513 1083 4541 serere
1097 4501 1201 4542 sicincss.
1212 4516 1223 4538 n
1233 4505 1263 4543 lte
1273 4502 1352 4543 Lazaro
1367 4504 1497 4544 moribundo
1510 4516 1572 4545 usur·

382 4580 409 4623 tt)
421 4574 444 4612 ln
453 4572 604 4612 Demosthenis
613 4572 683 4624 prima
698 4572 800 4613 Oratione
813 4576 887 4611 eontra
897 4570 946 4611 rsi-
978 4577 1042 4623 patur
1051 4573 1113 4612 loen.
1130 4571 1180 4610 xib
1195 4563 1236 4627 Τι’
1250 4576 1364 4615 taiknim
1376 4574 1398 4613 in
1408 4580 1502 4614 extremo
1516 4573 1571 4612 isbo-

357 4642 455 4693 lippnm,
471 4641 632 4681 Atheniensium
646 4642 672 4681 de
690 4647 758 4682 morte
773 4640 867 4693 Philippi
884 4652 947 4693 erpe-
980 4645 1061 4680 rentem
1069 4639 1191 4690 siguificare
1200 4644 1283 4679 constat
1292 4668 1298 4691 ,
1308 4650 1357 4680 nam
1368 4648 1478 4686 reportas
1490 4642 1570 4693 signiti-

352 4708 422 4748 ctstio
438 4709 541 4755 refertum
556 4710 718 4761 interrogabant
731 4710 813 4750 seilicet
823 4722 829 4748 ι
839 4709 895 4760 Quid
908 4698 946 4749 uo
980 4715 1015 4750 cat
1028 4716 1134 4749 mortuos.

355 4779 376 4819 vi
384 4780 395 4818 ι
404 4784 529 4819 mortuusne
543 4786 576 4830 est
585 4780 698 4832 l‘biiippns
706 4780 748 4820 iEt
760 4790 828 4830 quum
837 4791 887 4820 eum
896 4790 947 4831 gra·
1006 4779 1033 4831 (t)
1046 4780 1107 4818 tiom.
1117 4778 1140 4819 ii.
1150 4778 1171 4817 in
1182 4778 1248 4819 Lavit.
