3792 5550
575 565 644 616 cuo.
666 567 696 616 x.
715 565 849 617 pataron
867 565 1088 618 omumumtm
1106 550 1288 617 sucruums.
1490 569 1537 620 tos

314 668 914 746 :azymoconficitRo¹maua'Ecclesia,tenens
949 681 1070 732 Romana
1089 678 1234 744 praedicta,
1257 685 1356 730 tenens
1377 684 1406 732 et
1431 681 1536 734 ducens

227 793 230 800 ·
328 769 359 817 et
384 765 485 818 docens
509 764 584 830 quod
606 765 715 831 inipso
741 769 915 820 sacramento
949 764 1025 830 quod
1047 764 1076 815 in
1099 764 1158 830 ipso
1180 767 1355 817 sacmmento
1375 767 1456 830 parts
1475 781 1535 820 vere

324 849 404 914 ‚panis
416 862 478 903 rere
489 849 748 902 transubstantiatur
761 850 789 903 iu
801 864 914 916 corpus,
949 852 1153 902 transmutatur
1166 849 1196 901 iu
1216 861 1333 913 corpus,
1352 854 1378 901 et
1388 850 1486 903 mnam
1506 853 1537 904 iu

328 939 357 986 et
374 935 467 987 vinnm
487 934 514 986 iu
527 934 688 1001 sauguinem
701 935 807 989 Domini
831 935 916 988 nostri
949 934 1113 1002 sumpturum
1136 934 1249 986 Domini
1266 934 1354 1006 nostrl
1374 936 1441 988 lesu
1458 935 1538 989 Gort-

312 1019 509 1072 ,Jesu'ssltristi
520 1040 532 1065 υ
542 1018 551 1053 ¹
563 1023 635 1072 llanc
645 1019 915 1074 fideicontesstonem
948 1020 1021 1073 sti.»
1036 1048 1070 1056 -
1081 1021 1101 1069 ir
1111 1027 1169 1082 alep
1182 1044 1211 1083 ιφ
1224 1023 1331 1088 pun-pir·
1345 1025 1354 1069 t
1369 1027 1538 1089 &prostestata

331 1105 438 1158 immine
457 1105 633 1170 imperatoris
651 1107 758 1171 juratus
775 1105 915 1170 protessus
949 1108 1122 1169 pomatium·
1139 1110 1172 1160 tu
1188 1119 1271 1170 cepa,
1289 1109 1328 1158 nal
1342 1113 1418 1161 tum
1432 1130 1462 1162 ue
1478 1119 1540 1172 erpa

314 1219 318 1230 ν
331 1196 371 1243 ast
383 1191 527 1257 Gregorius
540 1192 765 1257 acropolitanus,
775 1193 834 1258 eJ'us
844 1195 916 1244 Natu·
935 1216 974 1243 ,η
987 1203 1182 1262 »spesspes-12⁶³
1193 1196 1287 1263 xpers,
1300 1193 1311 1227 ⁴

315 1274 395 1338 -tius,
411 1275 438 1327 iu
455 1277 576 1330 Concilio
597 1277 716 1343 generali
738 1277 913 1344 Lugdunensi
981 1281 1040 1332 548.
1060 1281 1187 1333 Clemens
1200 1280 1241 1330 vl.
1256 1279 1291 1332 de
1308 1279 1540 1341 Graecisseruiae,

316 1373 398 1414 *tenuo
415 1363 498 1424 tull,
517 1369 543 1414 ct
569 1365 685 1429 legatus
709 1363 822 1416 concilii
842 1366 915 1416 Grae·
948 1364 1104 1426 Dalmatiae,
1128 1369 1156 1417 et
1183 1364 1350 1416 Macedoniae
1379 1376 1452 1416 anno
1476 1367 1537 1416 last

309 1457 417 1498 -cornm
429 1447 541 1500 nomine
556 1448 753 1513 metropolitani
768 1449 913 1514 llpltesini,
949 1456 1064 1515 questus
1089 1454 1155 1501 est:
1178 1469 1190 1494 ιι
1212 1449 1379 1501 llendaciter
1396 1453 1540 1511 asserunt,

327 1535 354 1582 et
371 1532 481 1597 triginta
499 1533 706 1599 llpiscoporum.
733 1537 796 1588 l>ost
818 1535 916 1588 conci·
950 1541 1045 1589 contra
1064 1547 1104 1588 ea·
1118 1549 1180 1602 qnae
1199 1535 1312 1601 praelata
1332 1536 1452 1587 Romana
1468 1541 1542 1586 tenet

310 1655 313 1660 .
327 1615 392 1668 liunt
402 1619 583 1685 Lugduneuse
595 1619 718 1672 habitum
727 1620 802 1672 estin
814 1621 916 1673 Graecia
950 1627 977 1672 ct
986 1621 1068 1673 docet
1076 1621 1208 1682 Ecclesia,
1222 1632 1322 1686 corpus
1336 1619 1502 1672 christinou
1514 1619 1541 1669 in

327 1703 491 1764 Concilium,
510 1704 628 1769 praeside
645 1705 797 1769 patriarcha
807 1707 917 1759 Joanne
951 1719 1061 1772 azymo,
1075 1707 1125 1758 sed
1136 1707 1163 1757 iu
1175 1706 1338 1758 fermentato
1359 1719 1429 1772 panc
1442 1704 1551 1773 confici

326 1789 423 1851 vecco,
438 1788 569 1842 inlocum
585 1791 707 1856 losephi,
728 1791 775 1857 qui
793 1795 917 1857 pertinax
940 1791 1072 1853 dehere,
1086 1797 1114 1843 et
1134 1791 1209 1856 quod
1230 1792 1259 1842 in
1281 1804 1375 1856 azymo
1388 1791 1542 1844 contectum

314 1871 355 1922 ln
378 1873 527 1926 schismate
555 1881 704 1928 recesserat
731 1876 758 1927 iu
780 1884 917 1930 monaste·
951 1881 1008 1937 est,
1030 1888 1095 1927 esse
1118 1875 1256 1939 denegant
1268 1887 1368 1940 corpus
1387 1874 1542 1927 Christi.»l

327 1959 417 2022 rium,
439 1966 466 2011 et
478 1973 539 2025 quaa
558 1967 618 2014 acta
637 1968 701 2015 suut
715 1963 839 2029 Lugduni
853 1977 918 2029 pro·
982 1962 1043 2012 549.
1057 1961 1087 2011 ln
1100 1958 1222 2012 Concilio
1236 1959 1394 2012 Florentino
1410 1959 1496 2010 Graeoi
1508 1959 1542 2011 ad

326 2041 391 2094 bata
410 2049 484 2097 suut.
508 2047 537 2097 lu
560 2047 657 2099 litteris
675 2047 785 2100 concilii
803 2050 916 2102 uomiue
951 2046 1088 2100 unitatem
1108 2045 1248 2098 redieruut
1272 2050 1335 2111 post
1353 2048 1490 2096 maturum
1503 2056 1545 2096 re·

327 2139 341 2178 o
356 2130 442 2182 Vetto
454 2131 562 2196 scriptis
582 2133 640 2204 irasc
652 2133 788 2186 habentur
802 2150 808 2186 :
826 2139 915 2190 acre·
950 2145 1010 2183 rum
1024 2129 1146 2185 omnium
1168 2142 1298 2191 examen3
1312 2130 1346 2184 de
1358 2129 1544 2182 transubstan-

309 2212 424 2266 -deutes
437 2221 464 2268 et
477 2228 543 2281 uos,
563 2217 653 2284 ipsum
674 2232 797 2286 azymum
816 2235 914 2287 panem
950 2215 1543 2278 tiationeantemnullaoocurritdifficultas,

326 2295 354 2348 iu
377 2297 438 2363 ipso
460 2313 538 2354 sacro
556 2302 645 2356 offitio
661 2305 838 2360 Eucharistiae
850 2322 914 2362 vere
949 2303 998 2356 ted
1011 2307 1118 2355 tantum
1129 2302 1165 2354 de
1179 2313 1334 2368 azymorum
1347 2315 1409 2353 usn.
1434 2305 1437 2310 '

323 2384 568 2440 transubstantiari
587 2389 614 2440 iu
627 2402 727 2456 corpus
750 2393 856 2446 oomiui
869 2407 916 2448 uo-
980 2389 1040 2442 olio.
1060 2386 1211 2448 ieremias,
1234 2387 1388 2452 patriarcha
1407 2387 1544 2438 'Constan-

322 2469 375 2519 stri
388 2472 452 2522 lesu
472 2473 568 2526 Christi
580 2511 587 2538 ,
601 2480 628 2528 et
640 2475 734 2530 vinnm
756 2478 783 2529 in
806 2481 916 2546 sangui·
940 2472 1169 2538 titiopolitanus,
1186 2484 1201 2522 ³
1216 2472 1379 2524 humerulis
1394 2471 1544 2537 interroga-

324 2558 463 2622 uemcjus
482 2573 530 2623 per
551 2561 718 2614 sanctissimi
732 2564 849 2628 Spiritus
864 2565 916 2618 vir.
951 2564 996 2611 tns
1024 2557 1060 2608 de
1082 2557 1239 2608 Graecorum
1256 2555 1329 2618 fide,
1352 2554 1543 2608 anuocireiter

307 2679 310 2685 t
324 2645 413 2691 tutem
426 2645 452 2692 et
463 2643 659 2706 operationem.
672 2645 708 2692 »¹
951 2642 1016 2694 toll
1039 2639 1183 2706 respondit
1192 2651 1292 2704 panem
1302 2638 1401 2690 mutari
1413 2638 1441 2690 in
1453 2639 1542 2704 ipsum

360 2725 511 2791 Renovato,
530 2729 581 2781 sul)
593 2730 765 2795 unumuteo,
779 2732 917 2787 Michaelis
950 2739 1051 2792 eorpus
1070 2724 1259 2778 Domini-ute
1271 2723 1323 2775 atri
1335 2723 1472 2787 desuem
1485 2725 1543 2794 supt-

307 2830 309 2837 2
325 2810 564 2874 tilio,sclrismate,
575 2814 611 2867 de
621 2817 915 2873 transubstantiatiouis
951 2840 983 2850 -
993 2810 1088 2865 tinum
1101 2811 1131 2862 1¹1
1144 2809 1235 2876 ipsum
1246 2811 1409 2878 sanguinem
1424 2811 1540 2865 Domini·

304 2928 308 2933 -
324 2895 456 2963 dogmate
468 2911 549 2952 nemo
562 2906 677 2965 questus
698 2907 749 2954 est.
949 2928 982 2937 -
993 2904 1025 2951 ro
1037 2896 1089 2949 tert
1100 2896 1159 2948 stru
1172 2900 1230 2966 »opt
1241 2908 1314 2960 erpa.
1327 2898 1338 2931 ⁸

358 2983 418 3034 546.
436 2985 466 3037 S.
483 2986 605 3062 Thomas¹
615 2987 733 3053 Aquinas
742 2994 838 3042 eontra
847 2992 917 3043 Gpae·
972 2987 1042 3037 aot.
1054 2986 1091 3036 -in
1103 2984 1226 3038 Concilio
1239 2983 1541 3049 Constantinopolitano

325 3078 374 3120 nos
384 3068 517 3132 scribens,
529 3072 564 3123 de
577 3086 671 3125 errore
682 3080 777 3127 eontra
791 3076 914 3129 trausnb·
948 3083 1023 3123 anno
1044 3069 1123 3132 tout,
1138 3070 1255 3135 olaesidss
1278 3069 1440 3131 Pilihessiot
1453 3068 1542 3120 tutus

325 3154 531 3207 stantiatiouem
546 3156 612 3211 nihil
637 3158 720 3221 dicit,
743 3162 868 3225 quamvis
881 3161 916 3213 de
951 3156 1013 3208 aliis
1028 3156 1205 3218 Potriarohis,
1215 3154 1341 3219 pluribus
1353 3152 1541 3219 metropolitis,

324 3238 428 3303 azymis
440 3245 511 3305 agat.
527 3242 563 3290 Fu
575 3241 630 3293 ¹alio
641 3242 702 3306 eius
712 3254 796 3307 opere
808 3250 917 3296 constat
952 3245 980 3290 et
999 3238 1143 3302 Episcopis
1160 3238 1383 3297 considentibus,
1405 3237 1543 3289 eoulesslo

318 3322 478 3377 ,Saracenos
495 3322 655 3377 Christianis
667 3324 839 3377 universisid
855 3327 919 3393 dog·
944 3321 1017 3373 rtidei
1034 3334 1049 3371 a
1067 3320 1272 3385 Petro'llopila,
1286 3320 1392 3371 llussiae
1406 3322 1543 3384 metropo-

318 3420 371 3459 ma
395 3408 547 3471 objicere:
576 3428 588 3452 a
617 3410 806 3474 improperant
836 3410 917 3463 ettam
953 3407 1016 3467 lita,
1040 3403 1213 3469 conscripta,
1232 3404 1421 3469 probataest:
1440 3402 1469 3453 in
1489 3416 1544 3468 qna

305 3491 506 3552 -ohristianis,
526 3494 599 3557 qnod
620 3494 647 3546 lu
665 3494 743 3547 altari
762 3496 918 3548 comeduut
951 3491 1073 3545 dicitur:
1091 3490 1186 3556 «qnod
1202 3496 1392 3556 temporeque
1403 3490 1544 3557 (admoto)

325 3578 414 3627 Deum
425 3588 528 3638 strum,
546 3580 572 3629 et
590 3579 663 3644 quod
677 3591 778 3645 corpus
789 3580 916 3645 ‘Christi,
951 3580 1095 3632 consecrat
1104 3581 1198 3629 saneta
1212 3576 1294 3636 doira,
1305 3574 1544 3641 snbstantiapauis

325 3662 350 3714 si
363 3666 440 3714 esset
461 3662 496 3713 ita
518 3675 646 3729 maguum
660 3668 731 3717 sicot
755 3678 849 3729 mons,
861 3668 916 3729 jam
948 3670 979 3717 et
993 3662 1147 3716 substantia
1162 3662 1217 3716 vini
1236 3667 1358 3715 mutetur
1375 3662 1403 3713 in
1417 3662 1544 3714 substau-

326 3748 515 3801 deheretcsse
532 3755 735 3816 consumptum.
749 3750 785 3797 »ὅ
943 3748 1016 3801 ‘tiam
1041 3747 1097 3802 neri
1124 3747 1247 3814 corporis
1267 3751 1296 3800 et
1315 3746 1373 3799 veri
1399 3746 1543 3813 sangttiuis

361 3836 422 3887 ott.
435 3836 555 3887 loannes
568 3837 917 3903 raleotogus,lmperator,
950 3838 1016 3887 lesu
1031 3834 1141 3896 doristi,
1154 3832 1315 3898 operatione
1323 3831 1414 3883 ‘saneti
1426 3830 1543 3895 spiritus

328 3931 403 3973 auno
426 3916 507 3982 tana,
532 3920 583 3972 iter
604 3922 717 3973 Rom-aru
740 3922 874 3987 suscepit,
889 3930 917 3974 et
947 3918 1153 3985 quem-invocat
1175 3955 1181 3967 .
1202 3954 1209 3968 .
1229 3918 1292 3968 Post
1303 3914 1458 3968 uaeooema
1469 3918 1542 3966 tran-

329 4004 393 4056 tidei
417 4004 617 4068 professionem
640 4006 748 4070 iuratus
770 4006 879 4068 emisit,
891 4005 919 4057 iu
952 4002 1145 4055 substantiatio
1164 4001 1194 4053 ilt
1206 3999 1485 4062 eodem=instuuti,et
1498 4010 1544 4064 pa·

326 4088 427 4154 quade
440 4090 540 4156 azymis
550 4090 700 4141 dicitnr:·«
711 4092 919 4141 sacramentum
955 4088 998 4141 nis
1028 4091 1148 4139 mutatur
1178 4077 1206 4137 iri
1233 4098 1329 4137 rernm
1356 4096 1457 4149 corpus
1472 4084 1542 4136 -leou

328 4174 551 4227 Eucharistiaeex
558 4186 651 4241 azymo
659 4174 918 4227 sacriticatllcclesia
953 4172 1074 4235 curisti,
1091 4176 1118 4223 et
1134 4170 1228 4224 uinum
1244 4169 1272 4220 in
1283 4170 1344 4234 ejns
1362 4168 1549 4235 sangninem,

354 4458 381 4509 (t)
391 4456 507 4497 Rniualdns
517 4468 552 4497 au.
563 4460 619 4498 tuot.
629 4468 651 4496 u.
660 4462 693 4496 tt.
978 4454 1006 4507 (t)
1018 4452 1145 4495 stlattnsde
1152 4456 1235 4504 perpet
1248 4462 1311 4492 eoas.
1321 4456 1401 4503 poto.

352 4526 471 4576 totillridem
480 4538 516 4567 nn.
524 4530 580 4566 titt.
588 4536 609 4565 n.
617 4531 649 4566 to.
825 4552 827 4559 ,
977 4524 1006 4574 (5)
1015 4524 1053 4574 llp.
1064 4521 1091 4561 ad
1106 4520 1223 4571 Epieeopos
1239 4519 1327 4560 Latium
1341 4519 1364 4560 iu
1380 4518 1462 4560 omi·
1474 4520 1543 4560 dimo-

355 4595 384 4647 (a)
393 4595 524 4637 Declarntio
537 4595 687 4647 quorumdum
706 4594 823 4634 dubiorum
838 4598 917 4635 centra
944 4597 1023 4633 :rantes
1035 4582 1232 4642 npudlininnldnnt
1245 4592 1353 4628 enaim.
1362 4592 1427 4628 mo.

321 4662 420 4713 romeos
425 4692 433 4714 ‚
443 4664 550 4703 Armenes
555 4668 593 4711 ,tet
600 4662 739 4704 ‘Saracenos
747 4662 844 4715 obiectio
850 4672 917 4714 stupra
977 4662 1003 4712 to)
1018 4661 1041 4702 ln
1052 4670 1109 4711 resp.
1118 4657 1215 4700 leremin
1227 4656 1319 4711 passim.

327 4732 418 4773 incluta
432 4732 687 4775 Saracenorumnemine
701 4732 835 4786 proponitur.
1174 4748 1182 4771 τ
1209 4782 1215 4818 l
