3792 5550
467 563 535 614 cte.
556 565 616 616 xlv.
637 565 679 618 bo
698 564 909 630 coutlbotoolt
927 566 987 617 SUB
1005 566 1157 629 bronoilo
1174 565 1298 618 soliciti.
1449 565 1498 616 tto

292 687 344 730 non
373 676 580 740 demonstrant,
608 678 761 744 praesertim
787 681 876 732 llareo
903 679 953 732 riis
970 679 1152 733 exhiberetur.
1173 680 1238 734 ldeo
1261 679 1369 745 quoties
1389 678 1495 732 sacriti-

291 767 405 816 testante
428 769 595 830 praeceptum
615 764 707 818 statim
725 764 875 831 impletum.
903 764 976 817 cium
1001 762 1125 828 offertur,
1145 770 1172 818 ot
1189 766 1395 818 sacramentum
1414 764 1496 818 conti·

290 848 412 916 syriaca,
432 849 561 913 arabica,
590 854 617 902 et
642 850 795 916 AEtbiopica
818 862 878 903 ver·
904 849 984 914 citur,
997 849 1043 902 illa
1058 850 1181 915 corporis
1194 849 1351 913 asanunine
1359 849 1497 916 separatio

290 935 392 997 siones,
411 942 492 1001 prout
510 935 673 989 exhibentur
690 947 706 988 a
725 935 876 996 Waltono,
904 936 1004 1002 quaein
1020 949 1101 990 cruce
1114 936 1182 991 lacta
1194 942 1254 1000 est,
1270 941 1494 1002 representatur,

289 1020 405 1073 babent:
422 1040 434 1067 α
454 1021 541 1074 bibite
561 1033 593 1073 ex
607 1022 660 1074 boc
671 1032 768 1074 omnes
783 1033 831 1074 uos
841 1033 875 1082 3»
904 1021 1029 1088 quamvis
1046 1035 1096 1088 pro
1111 1022 1269 1076 conditione
1282 1021 1382 1074 curisti
1403 1034 1498 1090 corpo

289 1107 359 1172 quod
377 1107 497 1161 ostendit
520 1107 556 1160 ita
577 1107 675 1160 christi
695 1107 776 1160 verba
799 1106 877 1160 intel·
904 1107 941 1160 ris
956 1109 1101 1174 praesenti,
1121 1109 1236 1176 sangnis
1250 1121 1313 1162 cum
1332 1119 1367 1162 eo
1385 1109 1498 1174 conjun-

288 1195 364 1248 lecta.
377 1196 452 1248 onus
483 1194 618 1261 probandi
642 1194 676 1248 iis
692 1199 735 1248 est
755 1194 802 1260 qni
820 1193 876 1248 edi·
907 1197 996 1260 gatur.

289 1286 362 1334 otum
378 1279 524 1334 affirmant.
934 1281 993 1334 119.
1016 1279 1075 1348 obj.
1089 1281 1114 1332 1.
1125 1298 1142 1328 u
1158 1279 1187 1332 Si
1205 1279 1351 1346 designare
1368 1292 1398 1332 se
1410 1283 1498 1333 totum

318 1366 375 1420 115.
388 1365 449 1434 obj.
461 1367 487 1418 2.
501 1387 513 1412 a
527 1367 580 1419 Gur
591 1367 626 1420 de
636 1379 706 1433 pane
718 1366 877 1433 simpliciter
901 1365 1055 1431 uoluisset,
1080 1365 1172 1420 dicere
1198 1369 1322 1432 poterat,
1345 1378 1391 1433 eoo
1414 1378 1497 1426 scurra,

290 1451 370 1517 diiii,
383 1457 415 1506 nt
428 1453 560 1518 ederent,
574 1454 608 1507 de
622 1454 706 1508 calice
719 1493 725 1516 ,
736 1459 766 1506 ut
780 1466 876 1507 omnes
902 1452 1020 1519 qualiter
1035 1453 1111 1521 loqui
1131 1452 1161 1505 in
1173 1452 1321 1519 scripturis
1337 1451 1496 1514 consuevit,

287 1537 432 1592 biberent?
446 1541 483 1592 tc
505 1540 528 1592 si
553 1545 655 1593 satanae
680 1539 820 1594 calliditati
844 1551 877 1591 ox
902 1551 959 1592 non
977 1543 1084 1603 autem,
1096 1541 1153 1594 iloc
1164 1544 1206 1593 est
1221 1551 1322 1608 corpus
1334 1551 1438 1602 meum,
1451 1537 1495 1592 bic

288 1623 424 1679 destinato
452 1637 596 1678 occurrere
625 1625 767 1681 voluisset.
799 1643 811 1670 »ι
837 1624 876 1676 lta
904 1629 946 1678 est
965 1625 1224 1692 sangnismeus.»⁴

288 1710 430 1763 Calvinus·
446 1709 456 1744 ¹
920 1712 995 1763 litt.
1014 1712 1093 1777 Rern.
1108 1711 1331 1782 manubriatos,
1350 1711 1385 1765 de
1404 1714 1496 1765 sacra·

319 1799 379 1849 116.
397 1797 477 1861 desp.
503 1795 567 1848 ldeo
596 1795 648 1848 boc
671 1798 808 1848 seruatum
837 1800 879 1848 est
905 1803 998 1850 mento
1010 1799 1103 1862 noque
1112 1798 1244 1862 loquens:
1261 1817 1274 1843 a
1288 1797 1338 1863 Qui
1349 1797 1496 1850 manducat

287 1881 449 1942 discrimen,
460 1879 524 1948 qnia
534 1878 612 1945 panis
625 1879 652 1932 in
672 1880 765 1944 plures
778 1880 879 1934 tractus
904 1895 957 1939 me.
972 1887 1001 1937 et
1018 1882 1079 1948 ipse
1091 1881 1163 1936 viret
1175 1886 1287 1948 propter
1298 1894 1353 1934 me.
1366 1901 1378 1928 ι
1398 1880 1496 1934 credat

286 1971 378 2031 partes
393 1971 569 2018 consecratus
584 1970 642 2029 est,
662 1964 780 2030 ideoque
797 1979 879 2019 unus·
905 1968 987 2035 igitur
1000 1967 1102 2020 calvim
1126 1967 1230 2022 assecla
1250 1966 1387 2022 Christum
1408 1970 1495 2018 toturn

287 2050 405 2118 quisque
429 2062 529 2116 corpus
551 2049 650 2103 christi
667 2050 784 2104 seorsim
803 2063 879 2104 acce·
904 2053 986 2107 nobis
1006 2053 1073 2108 dari.
1088 2051 1157 2106 uixit
1173 2056 1267 2105 antem
1288 2053 1493 2104 Sacramentum

288 2135 342 2202 pin
364 2135 497 2202 poculum
516 2148 601 2188 unum
622 2134 752 2189 omnibus
772 2139 814 2189 est
831 2136 879 2188 da·
905 2139 1050 2192 instituens
1079 2138 1161 2192 verba
1183 2137 1247 2203 illa,
1270 2141 1299 2189 ut
1325 2141 1416 2189 certos
1442 2147 1494 2188 nos

289 2228 354 2274 tum.
370 2224 417 2276 Eae
435 2221 518 2288 igitur
530 2233 612 2276 uoces
628 2236 635 2272 :
650 2241 662 2268 ι
676 2221 761 2274 bibito
781 2235 813 2275 ex
827 2223 879 2276 boo
905 2223 1006 2279 iaceret
1026 2237 1121 2277 verum
1141 2223 1201 2289 ejus
1218 2234 1318 2288 corpus
1336 2227 1363 2275 et
1381 2221 1494 2289 sangui-

288 2320 401 2362 omnes:
415 2327 428 2354 a
445 2307 519 2363 idem
541 2312 622 2361 sonat
632 2320 679 2371 ac,
698 2325 710 2358 ι
727 2308 841 2374 accipite
853 2314 878 2362 et
904 2324 969 2364 nem
991 2323 1053 2364 esse
1082 2322 1145 2375 que
1171 2309 1219 2362 dat
1243 2321 1357 2362 munera
1381 2307 1409 2360 in
1433 2321 1493 2374 my-

287 2393 399 2447 dividito
411 2393 551 2447 intervos.
571 2413 583 2440 a
603 2391 615 2426 ⁸
904 2396 1004 2450 storiis.

318 2482 377 2531 117.
398 2477 457 2546 cij.
470 2482 496 2532 5.
516 2499 529 2526 α
550 2480 695 2544 Dominus,
719 2492 818 2545 panem
831 2492 878 2532 os·
935 2481 996 2534 111.
1020 2479 1078 2546 obj,
1095 2483 1121 2532 5.
1147 2499 1160 2526 ι
1184 2480 1301 2532 calicem
1323 2478 1492 2533 seorsum'a

286 2565 421 2627 tendens,
435 2577 535 2630 corpus
553 2577 633 2617 snum
645 2576 707 2617 osso
721 2563 788 2617 dicit
806 2579 812 2613 :
831 2577 876 2616 ca·
902 2576 974 2629 pane
992 2563 1103 2624 statuit,
1117 2568 1145 2615 ut
1166 2563 1281 2626 doceat,
1295 2576 1325 2615 se
1344 2564 1378 2615 ad
1396 2569 1491 2628 potunt

287 2649 367 2704 licem
389 2649 456 2702 dum
484 2647 624 2710 ostendit,
647 2647 759 2702 calicem
786 2653 877 2700 vocat.
902 2647 1060 2701 nonminus
1072 2661 1154 2713 qnam
1167 2646 1258 2700 cibum
1272 2646 1406 2702 sufficere.
1417 2649 1494 2700 llunc

286 2737 412 2789 llumana
426 2733 541 2789 rationis
558 2733 671 2787 audacia
683 2739 778 2788 contra
793 2734 879 2787 recla-
903 2732 1014 2787 tollatur
1040 2744 1103 2799 pars
1120 2745 1192 2796 nna,
1216 2731 1326 2785 nonnisi
1349 2729 1493 2788 dimidium

286 2826 358 2886 met,
382 2833 481 2887 panem
502 2833 564 2875 esse
587 2820 748 2887 sanguinem
762 2858 768 2883 ,
782 2820 875 2874 vinum
902 2819 1094 2873 alimentorum
1112 2819 1141 2872 in
1154 2832 1187 2873 eo
1200 2820 1380 2886 reperiemus.
1401 2839 1412 2865 υ
1431 2818 1444 2853 l

286 2920 347 2961 csse
359 2918 460 2973 corpus
473 2921 479 2957 :
494 2906 561 2959 acsi
575 2905 705 2959 Dominus
724 2906 798 2958 nulla
816 2917 877 2958 cau·
933 2907 993 2959 111.
1006 2907 1086 2973 Reor.
1098 2906 1203 2961 Frivola
1216 2911 1259 2959 est
1270 2911 1297 2958 et
1306 2905 1398 2971 inepta
1406 2905 1485 2959 ratio:

287 3005 315 3045 sa
330 3005 431 3059 corpus
448 3004 563 3045 souma
589 2991 721 3057 sanguine
741 2998 767 3045 et
784 2991 876 3047 verbis
901 3005 956 3047 non
981 2994 1054 3046 enim
1079 2993 1272 3047 alimentorum
1294 2991 1427 3061 symbolis
1448 3004 1493 3045 va·

287 3084 313 3131 et
324 3076 410 3145 signis
422 3077 602 3133 distinxisset.
622 3096 633 3125 b
655 3076 666 3111 ⁸
901 3079 948 3131 riis
961 3078 1093 3146 indiguit,
1111 3084 1141 3133 ut
1159 3079 1261 3145 quibus
1278 3091 1332 3132 nos
1350 3078 1453 3132 reficiat
1465 3084 1493 3131 ct

317 3163 377 3214 118.
389 3163 468 3227 lleap.
481 3164 611 3215 llumanae
631 3161 744 3214 rationis
762 3162 875 3215 audacia
900 3162 1037 3218 refocillet
1046 3165 1199 3220 rationibus
1211 3164 1360 3222 exbibereta
1375 3165 1424 3217 sed
1435 3176 1493 3216 suae

287 3246 312 3299 in
335 3259 368 3301 eo
391 3251 523 3313 apparet,
544 3246 619 3310 quod
639 3246 746 3299 Gbristo
773 3245 875 3299 dicenti
900 3248 998 3301 mortis
1020 3261 1070 3312 pro
1095 3249 1191 3301 mnndi
1216 3249 1304 3300 salute
1332 3248 1492 3301 memoriam

286 3344 385 3399 corpus
405 3343 467 3385 csse
489 3335 516 3383 et
537 3328 699 3395 sanguinem
719 3342 799 3381 suum
814 3341 876 3393 quae
901 3336 1034 3395 perpetuo
1068 3330 1284 3393 celebrandam,
1314 3343 1430 3396 corpore
1465 3337 1493 3382 et

286 3418 385 3483 tradit,
408 3417 482 3470 baud
503 3415 640 3478 credatur,
658 3419 686 3467 et
709 3413 833 3481 symbola
849 3418 877 3467 et
902 3416 1036 3483 sanguine
1054 3429 1105 3470 sno
1119 3415 1425 3483 praesentibus,jussit.

286 3505 364 3571 signa
377 3500 555 3568 pro-ueritate
567 3500 704 3553 donorum
722 3498 875 3553 coetestium
933 3502 992 3555 115.
1007 3500 1067 3567 oti.
1085 3504 1110 3554 6.
1133 3520 1145 3551 a
1164 3504 1210 3554 tn
1221 3501 1404 3555 mentiebatur
1426 3505 1492 3555 Pau-

285 3588 478 3655 praedicentur.
500 3585 679 3653 agnoscimus
701 3586 753 3640 sub
783 3586 874 3653 specie
900 3588 962 3652 lus,
987 3600 1072 3654 quum
1089 3586 1198 3641 dicebat
1217 3586 1364 3641 corinthiis
1390 3589 1413 3652 (1
1430 3590 1490 3642 Cor.

284 3673 417 3741 perimi
432 3673 578 3728 uerborum
589 3711 596 3738 ‚
609 3686 669 3728 esse
686 3687 787 3740 corpus
799 3674 874 3727 cori·
899 3675 934 3727 xi.
957 3674 1011 3739 td),
1031 3687 1061 3727 se
1078 3672 1219 3739 accepisse
1239 3685 1254 3726 a
1272 3673 1404 3738 murino,
1417 3674 1492 3740 quod

285 3760 402 3826 sti,sub
414 3760 619 3827 spectamini
632 3761 798 3826 verborum,
812 3774 874 3814 esse
899 3760 955 3813 illis
989 3759 1162 3813 tradiderat?
1185 3760 1252 3811 Nam
1275 3765 1372 3825 postea
1409 3758 1491 3811 tradi-

286 3848 446 3915 sangninem
464 3849 539 3912 eius,
558 3860 609 3902 nec
628 3854 720 3901 nmen
741 3848 874 3901 audemus
900 3845 1002 3899 tionem
1021 3845 1202 3907 declarat,ut
1218 3855 1314 3896 omnes
1334 3844 1491 3909 promiscue

286 3946 383 4000 corpus
420 3946 436 3986 a
474 3933 607 3999 sanguine
642 3946 789 3999 separare,
825 3932 875 3985 sed
901 3936 1017 3997 utroque
1031 3929 1156 3996 symbolo
1169 3927 1411 3981 communicarent.
1426 3928 1465 3974 »⁸

286 4023 429 4083 utrumqne
458 4030 530 4071 nexu
553 4016 737 4071 indissolubili
760 4017 875 4079 conjun·
933 4016 992 4067 tat.
1006 4015 1083 4078 licen
1096 4016 1156 4066 Non
1171 4010 1301 4065 mentitus
1312 4018 1355 4065 est
1371 4012 1489 4073 Paulus,

285 4107 373 4167 ctum,
395 4116 428 4157 er
450 4114 506 4169 quo
538 4102 685 4155 resurrexit
703 4114 718 4155 a
735 4102 868 4165 mortuis,
903 4100 949 4167 qui
963 4112 993 4154 se
1004 4098 1143 4165 accepisse
1160 4110 1176 4150 a
1194 4096 1308 4150 bomino
1325 4096 1408 4161 dicit,
1426 4109 1489 4150 eurn

285 4189 428 4243 credimus.
444 4186 869 4255 floronsasangnine-distingui
904 4198 1004 4252 corpus
1033 4196 1114 4237 snum
1144 4186 1172 4235 et
1191 4180 1355 4247 sangninem
1379 4180 1408 4233 in
1436 4193 1490 4246 qua

283 4275 372 4328 verbis
385 4274 490 4329 bomini
506 4273 632 4329 nouimus
646 4272 870 4345 ,etquidemsa-
903 4278 984 4325 nocte
1011 4267 1168 4323 tradebatur
1195 4264 1331 4342 Apostolis
1361 4264 1488 4328 dedisse;

283 4360 451 4424 pientissimo
470 4360 606 4425 consilio,
632 4364 661 4413 nt
688 4372 762 4414 mors
790 4360 868 4425 ejus,
903 4357 951 4411 sed
965 4354 1096 4410 mentitur
1106 4352 1243 4416 calvinus,
1262 4351 1364 4418 (rocem
1376 4351 1411 4405 ab
1429 4352 1489 4419 ipso

283 4446 421 4515 sanguinis
438 4447 545 4503 lusione
565 4446 593 4501 in
608 4458 707 4511 cruce,
722 4446 749 4499 in
770 4450 869 4511 mysia·
901 4445 985 4499 liceat
1001 4439 1129 4506 mutuari)
1152 4439 1248 4495 dicens
1275 4438 1387 4492 Paulum
1406 4438 1489 4491 tradi·

307 4706 333 4758 (t)
343 4706 365 4748 l..
377 4707 405 4749 ir.
414 4708 467 4749 inst.
475 4719 495 4749 c.
504 4708 553 4751 urii.
563 4719 585 4750 n.
594 4714 625 4750 tto.
926 4704 952 4757 (1)
960 4703 1020 4744 'tort
1033 4701 1048 4743 l.
1058 4702 1086 4743 ir.
1095 4700 1203 4744 c.1rii.n.
1213 4707 1246 4743 tr.

308 4776 334 4827 lt)
348 4777 399 4819 Luc.
414 4777 462 4819 xxii.
475 4782 504 4818 tr.
926 4776 953 4827 (t)
963 4772 1053 4814 Ibidem.
1061 4774 1087 4825 (tt)
1102 4772 1190 4814 lbidon.
1200 4773 1228 4826 (ti)
1237 4772 1291 4815 ibid.
1301 4784 1323 4814 n.
1333 4777 1365 4814 so.
