3792 5550
365 589 417 641 292
439 581 445 592 ⁴
716 587 830 638 tutet.
849 586 901 636 XV.
920 585 963 636 DE
981 581 1215 634 luoutdbuulis.

365 703 477 769 quidem
489 715 553 754 vera
573 703 662 752 ssmae
674 699 791 766 Virginis
807 700 882 752 omni
895 701 957 754 labe
991 706 1131 765 tamquam
1151 695 1273 749 thesauri
1287 693 1329 746 sui
1343 693 1517 746 adminiculis
1534 695 1581 746 ad-

365 789 495 841 immuuis
506 788 654 847 eruciatus,
665 785 755 837 anima
767 785 858 852 gladio
871 791 958 838 traus-
991 784 1085 838 bibitis
1101 799 1106 833 :
1124 802 1135 828 ι
1149 781 1195 848 qui
1209 781 1282 832 enim
1296 785 1401 845 poterat
1411 778 1511 830 foedius
1521 791 1581 845 pro-

366 874 417 926 tixa
429 889 435 934 ;
449 875 474 922 S.
488 871 600 925 loannis
619 871 745 935 Baptista
763 875 872 923 austera
884 871 958 934 vita,
990 869 1077 923 fanari
1098 867 1198 920 christi
1218 865 1347 932 sanguis,
1360 876 1442 928 quam
1459 863 1526 914 dum
1538 876 1581 915 ue·

366 955 961 1022 etsanctorumplurimorumpropterchri·
991 961 1072 1024 gatur
1089 953 1213 1007 sufficere
1234 950 1268 1002 ad
1287 953 1466 1016 peccatorum
1492 947 1581 998 remis·

366 1050 440 1096 stum
457 1040 566 1093 iabores
586 1040 641 1093 vim
665 1041 815 1105 quamdam
832 1040 958 1106 expiandi
992 1041 1098 1093 sionem
1109 1079 1117 1102 ,
1130 1037 1164 1090 ad
1177 1033 1446 1096 reconciliationem,
1460 1033 1494 1084 ad
1508 1033 1582 1085 satis·

365 1125 600 1188 elsatisiac'rendi,
616 1124 958 1191 illisproculdubiohaud
992 1126 1156 1187 factionem,
1192 1120 1245 1173 nisi
1275 1119 1349 1173 velut
1377 1118 1530 1170 arescentis
1558 1125 1582 1170 et

300 1253 309 1264 ,
366 1211 569 1273 necessariam,
594 1211 718 1263 habeut:
739 1224 821 1276 utram
848 1224 958 1277 aequum
992 1211 1117 1264 exhausti
1131 1208 1255 1261 deiectus
1264 1204 1374 1258 aliunde
1387 1205 1581 1270 suppleaturet

366 1303 426 1360 est,
436 1301 463 1349 et
474 1296 574 1349 divinae
587 1295 782 1349 misericordiae
794 1309 958 1361 consonum,
994 1297 1161 1350 subiciatur?
1176 1294 1210 1341 »ὅ
1224 1295 1261 1346 lta
1279 1291 1416 1346 Calvinus.

366 1383 394 1434 iu
412 1388 534 1435 nostram
550 1381 650 1434 cedere
663 1381 817 1433 utilitatem.
829 1381 958 1434 Ecclesiae
1025 1387 1058 1437 59
1086 1385 1166 1448 lietu.
1193 1380 1397 1434 satisfactiones
1422 1380 1581 1430 Sanctorum

368 1474 459 1520 autem
471 1472 514 1519 est
523 1466 652 1518 omnibus
662 1464 792 1516 suisfiliis
804 1467 958 1528 consulere,
993 1482 1048 1523 non
1071 1468 1253 1535 adjiciuntur,
1278 1465 1362 1518 veluti
1386 1464 1420 1515 ad
1449 1463 1580 1515 deiectum

365 1553 482 1606 clavium
492 1554 638 1616 potestate,
646 1553 757 1614 etaequa
768 1550 958 1604 thesaurorum
994 1553 1193 1620 supplendum3
1206 1551 1255 1604 sed
1273 1551 1347 1613 juxta
1365 1549 1489 1602 divinam
1513 1559 1581 1600 oeco-

367 1637 467 1704 quibus
484 1637 587 1688 ditatur
599 1634 816 1701 dispensatione.
994 1639 1114 1692 uomiam
1131 1652 1184 1703 qua
1202 1637 1273 1688 inter
1284 1634 1383 1688 Christi
1393 1635 1512 1686 famulos
1525 1645 1584 1686 eon·

400 1726 442 1775 ot.
462 1725 491 1774 lu
511 1723 642 1788 operibus
666 1735 728 1788 quae
747 1722 812 1788 iusti
830 1734 880 1788 pro
899 1721 959 1774 aliis
994 1723 1108 1777 sortium
1125 1726 1308 1785 sanctum,et
1320 1717 1534 1772 communicatio
1546 1729 1584 1769 sa·

367 1810 533 1875 suscipiunt,
545 1815 573 1863 et
586 1808 787 1874 beootierunt,
800 1811 842 1863 vel
856 1815 885 1860 ut
895 1821 960 1861 con·
993 1808 1176 1862 tisiaetiouum
1196 1807 1338 1870 statuitur,
1359 1818 1476 1871 quarum
1495 1809 1579 1856 tamen

366 1900 509 1972 vertentur
525 1895 753 1961 peccatores,uel
766 1900 796 1947 ut
805 1900 962 1947 avertantur
993 1895 1033 1949 vis
1055 1894 1146 1948 omnis
1169 1907 1183 1946 a
1203 1893 1302 1946 Christi
1329 1889 1415 1958 gratia
1434 1895 1462 1942 et
1480 1888 1578 1941 meritis

367 1994 482 2048 poenaea
495 1982 590 2047 iustis,
601 1980 857 2034 communicationis
869 1981 962 2046 hujus·
993 1980 1139 2034 derivatur.
1158 1979 1291 2044 Equidem
1315 1977 1463 2042 apostolus
1480 1975 1579 2040 absque

284 2131 288 2135 ¹
367 2067 444 2120 modi
457 2067 610 2132 exemplum
622 2066 776 2119 uidereest.
791 2065 962 2118 Sicambro-
994 2066 1094 2120 Christi
1112 2065 1210 2132 injuria
1230 2064 1297 2116 dixit
1319 2078 1326 2113 ι
1349 2081 1365 2110 ιι
1389 2061 1531 2126 adimpleo
1551 2072 1580 2111 ea

368 2153 427 2205 sius
437 2152 472 2204 de
482 2152 622 2204 Corinthio
636 2165 720 2217 agens
737 2152 791 2203 ait:
808 2153 961 2203 «lamtuuc
994 2165 1056 2219 quae
1066 2153 1166 2204 desunt
1175 2149 1335 2216 passionum
1346 2146 1456 2210 Christi,
1467 2145 1493 2197 in
1503 2157 1580 2197 carue

367 2237 450 2303 igitur
460 2237 605 2301 Apostolus
617 2235 788 2288 reddendum
803 2248 962 2288 sacramen·
995 2252 1054 2291 mea
1064 2276 1071 2302 ,
1083 2251 1133 2305 pro
1146 2249 1258 2303 corpore
1270 2237 1339 2302 ejus,
1352 2233 1427 2300 quod
1441 2238 1483 2284 est
1495 2231 1578 2283 Eccle-

369 2322 404 2373 tis
422 2319 554 2386 iudicavit
575 2320 751 2384 coelestibus,
767 2321 790 2371 si
802 2321 911 2386 purgari
929 2335 961 2373 se
996 2323 1046 2375 sia.
1068 2323 1106 2368 ιι
1130 2324 1194 2384 Quae
1215 2321 1297 2387 igitur
1317 2318 1445 2372 calvinus
1467 2317 1581 2383 congerit

370 2407 430 2472 ipse
454 2406 544 2458 vellet.
566 2409 599 2458 Et
620 2406 691 2458 beue
713 2405 769 2466 ait,
793 2413 962 2474 expurgate,-
995 2409 1030 2461 de
1053 2408 1216 2460 remissione
1239 2409 1415 2472 peccatorum
1439 2409 1578 2468 martyrum

367 2493 443 2547 velut
457 2491 531 2544 euim
551 2490 681 2557 operibus
699 2492 863 2557 quibusdam
877 2492 961 2546 totius
996 2495 1122 2562 sanguini
1134 2494 1248 2555 tributa,
1262 2497 1289 2544 ct
1301 2491 1336 2543 dc
1347 2487 1577 2542 sanctificationes

370 2577 464 2647 populi
493 2582 643 2645 purgatur,
661 2584 689 2630 et
716 2578 805 2643 plebis
833 2578 962 2646 lacrymis
995 2581 1160 2648 martyribus
1189 2579 1335 2645 perlecta,
1366 2581 1463 2628 carent
1490 2572 1577 2625 funda-

368 2668 503 2734 abluitur,
532 2670 580 2736 qui
607 2669 778 2723 orationibus
803 2677 830 2723 et
851 2669 961 2722 tletibus
994 2672 1104 2728 mento,
1117 2671 1172 2718 eta
1189 2663 1303 2716 libidine
1316 2659 1502 2714 calumniandi
1520 2669 1576 2724 pro·

368 2755 458 2825 plebis
469 2755 763 2823 redimiturapeccato‚
774 2763 801 2809 et
810 2756 838 2807 iu
849 2756 961 2809 homine
995 2753 1161 2807 ficiscuntur.

370 2841 519 2893 mundatur
531 2842 661 2895 interiore
679 2844 793 2896 hortavit
805 2842 878 2893 enim
889 2842 962 2894 Chri·
1028 2841 1070 2891 60.
1092 2838 1150 2903 otj.
1167 2838 1192 2889 E.
1209 2856 1220 2882 α
1239 2837 1371 2888 Praeclare
1382 2835 1515 2889 adversus
1527 2832 1577 2883 haec

369 2931 430 2978 stus
440 2926 568 2977 Ecclesiae
579 2940 651 2990 suae,
666 2931 696 2977 ut
712 2940 796 2978 uuum
806 2940 855 2992 per
863 2939 961 2979 omnes
996 2925 1137 2993 sacrilegia
1161 2926 1215 2977 Leo
1234 2924 1373 2977 Romanus
1388 2922 1536 2988 Episcopus
1548 2915 1575 2969 ad

370 3010 533 3071 redimeret,
559 3025 621 3077 quae
641 3012 748 3063 bomini
772 3012 839 3063 Jesu
861 3012 962 3065 meruit
994 3010 1262 3075 Palaestinos,epist.
1274 3010 1303 3061 8¹
1317 3022 1323 3058 :
1335 3006 1474 3071 Quamvis,
1487 3002 1574 3070 inquit,

369 3094 533 3160 adveutum,
557 3101 588 3147 ut
607 3110 655 3161 per
673 3110 758 3148 uuum
776 3109 872 3149 omnes
888 3097 962 3149 redi·
994 3096 1145 3148 multorum
1159 3097 1323 3148 Sanctorum
1337 3092 1365 3144 in
1376 3090 1576 3157 conspectubo·

371 3186 544 3234 merentur.»
557 3181 565 3215 ⁴
586 3184 618 3235 Et
633 3182 750 3235 iterum:
770 3202 781 3231 ι
800 3183 962 3237 cousidere-
995 3181 1061 3233 mini
1073 3181 1192 3247 pretiosa
1204 3194 1277 3233 mors
1290 3179 1370 3232 fuerit
1384 3180 1435 3245 (Ps.
1453 3180 1507 3230 liii.
1522 3174 1575 3239 liti,

374 3282 437 3320 mus
450 3269 539 3335 ipsum
559 3268 681 3346 apostoli
699 3282 855 3323 sermonem
867 3284 873 3320 :
885 3271 963 3321 «Ex-
996 3268 1099 3320 nullius
1119 3274 1211 3319 tamen
1233 3266 1350 3318 insontis
1371 3264 1474 3317 occisio
1498 3259 1576 3328 propi·

374 3375 387 3401 a
408 3363 532 3422 purgate,
546 3355 962 3420 »iuquit,=vetusiermentum,
997 3352 1073 3405 tlatio
1087 3352 1138 3404 luit
1157 3350 1264 3402 mundi.
1281 3355 1416 3415 Accepere
1426 3349 1511 3415 justi,
1529 3356 1578 3397 uou

374 3462 387 3488 s
408 3446 437 3493 ut
459 3440 519 3493 sitis
535 3453 606 3493 nova
618 3438 795 3505 conspersio,
814 3439 884 3492 sicut
896 3440 963 3492 estis
997 3438 1132 3491 dederunt
1144 3450 1262 3490 coronas
1275 3474 1283 3499 ,
1297 3441 1323 3487 et
1340 3436 1374 3488 de
1387 3434 1542 3487 tortitudine
1554 3430 1580 3481 ii·

374 3547 388 3574 »
408 3524 669 3596 azymi.»Sivequcd
681 3524 964 3576 totaEeelesiasusei·
997 3524 1099 3577 delium
1115 3528 1177 3574 nata
1201 3527 1265 3573 sunt
1285 3522 1409 3585 exempla
1429 3518 1577 3585 patientie,

371 3612 509 3677 piatunus
520 3608 732 3673 peccatoris,eui
743 3608 964 3672 compatiendum
997 3622 1053 3661 non
1074 3608 1145 3661 dona
1170 3606 1300 3673 iustitiae:
1315 3605 1468 3672 singulares
1488 3604 1578 3670 quippe

373 3700 401 3748 et
419 3694 500 3755 fletu,
514 3700 542 3744 ct
553 3692 693 3754 oratione,
706 3698 733 3743 et
750 3692 847 3744 dolore
859 3698 901 3743 est
915 3706 921 3742 :
936 3698 965 3745 et
998 3708 1093 3747 eorum
1104 3700 1208 3745 mortes
1224 3692 1300 3744 tuere
1311 3730 1318 3753 ,
1329 3706 1380 3743 nec
1393 3691 1505 3743 alterius
1516 3689 1579 3756 quis-

374 3779 453 3847 quasi
465 3779 598 3831 termento
611 3778 670 3842 ejus
683 3790 713 3828 se
727 3781 810 3829 totam
833 3790 964 3842 consper-
997 3780 1070 3845 piam
1081 3779 1203 3832 debitum
1213 3791 1263 3832 suo
1274 3779 1328 3829 tine
1342 3777 1490 3842 persolvit:
1505 3786 1578 3842 quum

375 3871 435 3934 gat;
448 3870 477 3917 ut
489 3878 537 3931 per
549 3863 692 3917 universos
708 3877 813 3929 eaquae
826 3864 963 3929 superflua
997 3879 1069 3919 unus
1081 3864 1198 3919 extiterit
1207 3863 1337 3918 hominus
1346 3864 1481 3927 Christus,
1494 3863 1520 3913 iu
1532 3872 1579 3926 quo

373 3950 477 4005 suntin
497 3949 589 4015 aliquo
602 3949 790 4015 poenitentiam
807 3954 904 4016 agente
921 3950 963 4002 ui·
998 3964 1094 4005 omnes
1116 3949 1254 4011 crucihxi,
1279 3962 1374 4001 omnes
1402 3948 1521 4011 mortui,
1545 3957 1580 3997 se-

373 4038 431 4091 rilis
454 4034 666 4097 misericordiae,
679 4040 726 4087 aut
742 4034 962 4101 compassionis,
997 4037 1080 4103 pulti,
1093 4036 1227 4089 suscitati.
1241 4056 1252 4081 r
1266 4038 1303 4088 lta
1318 4035 1455 4088 Calvinus.
1470 4034 1480 4067 ⁸

373 4125 448 4177 velut
459 4120 585 4177 collativa
596 4119 715 4186 quadam
727 4120 893 4172 admixtione
903 4132 965 4185 pur·
1031 4124 1072 4174 iil.
1080 4123 1156 4187 llesp.
1165 4121 1234 4172 Nihil
1243 4120 1268 4171 in
1279 4119 1322 4171 his
1332 4114 1580 4172 adversaturiudul-

374 4217 482 4277 geutur.
496 4208 529 4255 ι’
999 4207 1107 4275 gentiis;
1120 4220 1170 4259 nec
1180 4206 1253 4258 enim
1266 4205 1349 4257 ulium
1360 4218 1441 4269 quam
1453 4202 1583 4255 Christum

510 4294 674 4361 Objeetioces
685 4294 839 4345 solvuntur.
1000 4292 1175 4359 agnoscimus
1188 4290 1408 4356 propitiationem
1423 4286 1530 4351 muudi,
1540 4296 1586 4336 uec

409 4387 451 4436 58.
472 4382 532 4450 obl.
552 4384 576 4433 i.
597 4380 698 4443 injuria
718 4378 749 4429 fit
762 4378 885 4439 Christo,
898 4378 967 4428 San·
1000 4360 1033 4429 a'd
1054 4377 1135 4429 alium
1161 4383 1272 4441 accepta
1293 4376 1364 4428 dona
1380 4374 1496 4441 justitiae
1521 4369 1562 4423 rei
1575 4394 1588 4404 ·

374 4475 482 4523 ctorum
507 4466 629 4529 meritis,
642 4477 691 4517 seu
714 4452 964 4526 satisfactionibus,
1001 4462 1100 4523 rimus,
1112 4474 1162 4513 nec
1171 4460 1327 4526 quempiam
1343 4458 1468 4511 debitum
1480 4455 1590 4509 alterius

405 4728 433 4780 (l)
444 4729 473 4767 lle
481 4725 609 4769 Paenitentia
622 4727 637 4769 l.
644 4731 665 4770 i.
673 4738 693 4769 e.
706 4738 740 4769 xv.
749 4738 771 4767 ιι.
785 4731 817 4768 tt.
1025 4725 1052 4779 (t)
1063 4727 1115 4767 inst.
1125 4725 1139 4766 l.
1149 4723 1181 4766 iii.
1190 4734 1212 4764 c.
1219 4734 1240 4765 v·
1249 4726 1269 4763 2.
1279 4722 1307 4777 (t)
1322 4722 1406 4765 Coloss.
1416 4721 1431 4763 i.
1439 4726 1472 4762 tt.

402 4797 432 4849 (t)
442 4795 524 4837 lbidcm
532 4807 554 4836 n.
562 4800 595 4837 tlt.
1027 4796 1055 4849 (5)
1065 4796 1118 4837 lust.
1126 4794 1143 4835 l.
1150 4793 1182 4835 iii.
1191 4805 1210 4835 c.
1219 4806 1239 4835 r.
1249 4800 1268 4835 ll.

1687 504 1705 779 l
