3792 5550
358 566 409 620 588
706 568 820 620 tutet.
839 568 927 620 lll'llt.
947 568 990 620 llll
1007 566 1219 619 ustnlltouto.

358 682 434 734 modi
464 681 586 735 rationes
617 683 754 735 vinculum
782 682 950 736 matrimonii
984 677 1582 749 conjugesperiectionisstudio,ntpraemia

356 768 458 834 posset
470 768 519 832 Qui
535 769 617 837 igitur
634 768 772 821 infidelem
790 774 949 821 consortem
984 782 1001 823 a
1017 769 1124 822 christo
1136 768 1271 834 promissa
1280 765 1448 831 relinquenti
1462 777 1581 817 uxorem

356 858 453 904 nactus
482 857 540 915 est,
564 852 646 904 debet
668 858 715 904 aut
742 852 767 905 ei
804 854 949 918 poenitenti
985 854 1027 907 sai
1049 867 1133 907 causa
1151 858 1353 919 comparentur.
1379 851 1408 903 si
1433 852 1525 913 alter,
1547 862 1582 902 eo

359 938 511 1003 ignoscere,
520 943 567 990 aut
576 939 603 989 in
613 938 714 991 delicto
728 945 949 1004 perseverantem
983 952 1066 1003 casu,
1078 939 1184 1006 ingredi
1194 938 1259 991 velit
1270 937 1455 1003 Religionem,
1468 936 1582 1000 utrique

357 1021 441 1075 domo
454 1022 568 1088 ejicere,
585 1035 670 1088 seque
683 1023 821 1086 oratione,
833 1024 951 1090 aliisque
984 1026 1012 1078 id
1035 1025 1202 1091 iniungitur:
1217 1043 1230 1068 ι
1243 1035 1308 1075 nam
1319 1022 1386 1073 dum
1400 1035 1489 1073 unum
1504 1029 1583 1073 utro·

356 1108 465 1174 pietatis
483 1108 619 1160 exercitiis
635 1114 730 1161 eontra
748 1109 883 1163 daemonis
893 1123 952 1165 ear·
983 1123 1100 1177 rumque
1123 1122 1224 1175 eorpus
1250 1108 1372 1174 coniugii
1399 1107 1583 1172 copulatione

356 1194 455 1259 nisque
465 1193 596 1259 impetum
608 1194 866 1247 munirezellidelis
878 1197 949 1247 licus
983 1197 1020 1249 sit
1043 1196 1159 1257 laetum,
1186 1196 1371 1259 incongruum
1402 1198 1447 1244 est
1472 1197 1582 1257 partem

357 1278 479 1343 est‚qui
499 1291 555 1331 non
568 1278 688 1345 patietur
697 1292 746 1333 vos
755 1279 853 1332 tentari
866 1292 948 1345 supra
983 1283 1123 1345 converti,
1137 1286 1164 1334 et
1183 1286 1289 1347 partem
1310 1278 1339 1329 in
1362 1276 1467 1330 saeculo
1490 1289 1582 1329 rema·

356 1362 383 1415 id
395 1364 469 1429 quod
483 1364 615 1429 potestis,
626 1364 673 1417 sed
694 1364 773 1417 saciet
790 1364 872 1417 etiem
884 1377 948 1417 oum
983 1381 1059 1421 nere.
1074 1367 1109 1413 ι·
1128 1370 1262 1420 ceterum
1275 1362 1402 1429 exceptio
1423 1361 1581 1415 admittitur

355 1448 507 1502 tentatione
522 1455 698 1515 proventum,
716 1455 745 1503 ut
762 1449 873 1515 possitis
891 1464 951 1503 sus·
982 1452 1094 1519 quando
1110 1465 1179 1505 uxor
1199 1457 1242 1503 est
1256 1450 1403 1516 grandaeva
1415 1486 1423 1512 ,
1437 1453 1466 1500 et
1483 1453 1579 1500 votum

355 1533 453 1587 tinere.
469 1533 500 1581 »¹
982 1537 1118 1590 castitatis
1137 1537 1166 1588 iu
1195 1536 1298 1588 saeculo
1326 1533 1443 1594 emittit,
1467 1533 1580 1598 publice

390 1620 432 1672 ll.
452 1620 511 1687 Oby'.
531 1624 556 1673 5.
576 1624 613 1674 Ex
630 1621 741 1675 vinculo
757 1621 804 1674 illo
815 1627 947 1687 perpetuo
983 1629 1076 1675 tamen
1095 1622 1123 1673 in
1141 1625 1293 1686 conspeetu
1310 1617 1580 1673 Ecclesiae.‘UtOr-

354 1705 430 1757 nulla
447 1708 608 1757 auctoritate
631 1706 764 1760 solvendo
781 1707 898 1772 plurima
920 1708 948 1759 iu
981 1708 1060 1761 dines
1079 1720 1174 1760 sacros
1185 1706 1318 1771 suscipiat
1332 1705 1389 1769 vir,
1405 1716 1477 1757 uxor
1492 1703 1580 1755 debet

354 1791 516 1844 societatem
530 1791 688 1845 derivantur
702 1794 869 1845 malaznam
882 1793 947 1845 rire
981 1794 1063 1847 etiam
1085 1795 1238 1847 solemnem
1268 1792 1396 1845 emittere
1426 1789 1578 1857 professio·

350 1875 495 1943 jurgiaque
510 1881 641 1943 perpetua
662 1876 756 1944 rigent
771 1878 947 1942 intereonju·
981 1891 1094 1931 neme«
1116 1879 1212 1930 Nullus
1234 1880 1446 1944 coniugatorum
1474 1881 1517 1928 est
1542 1874 1579 1926 ad

353 1972 418 2027 ges,
442 1960 489 2026 qui
513 1966 540 2013 et
562 1961 639 2013 caede
663 1973 693 2013 se
714 1974 729 2014 e
751 1960 883 2015 servitute
901 1961 946 2014 illa
980 1975 1075 2016 saeros
1101 1963 1216 2017 Ordines
1240 1962 1443 2025 assumendus,
1469 1960 1524 2012 nisi
1543 1960 1578 2012 ab

353 2045 500 2099 durissima
514 2045 661 2110 aliquando
676 2044 802 2099 liberant.
980 2059 1068 2100 uxore
1095 2047 1294 2101 continentiam
1326 2048 1475 2112 prolitente
1495 2045 1578 2098 fuerit

387 2132 429 2182 lt.
448 2132 525 2195 lleep.
545 2132 611 2195 Quae
638 2131 764 2184 oriuntur
788 2134 860 2185 mala
879 2132 946 2187 vitio
980 2134 1134 2187 absolutus.
1149 2133 1181 2180 »⁸
1198 2134 1227 2185 si
1248 2133 1422 2200 dispensatio
1439 2145 1578 2186 concessa

353 2217 501 2282 conjugum
519 2217 664 2269 tribuenda
678 2224 755 2280 sunt,
769 2229 823 2270 non
835 2218 946 2271 vinculo
980 2218 1059 2272 luerit
1077 2224 1108 2271 ut
1124 2224 1234 2271 maneat
1245 2218 1273 2269 iu
1286 2219 1389 2271 saeeulo
1399 2258 1407 2283 ‚
1417 2218 1538 2284 erigitur
1548 2221 1578 2268 ut

353 2312 432 2353 Sittio
443 2338 450 2362 2
462 2302 535 2367 (ῐῦοΰ
547 2302 637 2365 lacis,
649 2303 803 2355 ⁰0ss0⁰rdiae
821 2308 849 2355 θῑ
858 2302 945 2368 Ptolis
979 2313 1120 2373 nuncupet
1142 2306 1278 2359 castitatis
1293 2310 1437 2371 perpetues
1459 2308 1575 2361 votnm;

353 2385 503 2439 educandae
524 2385 658 2451 optimum
677 2391 719 2439 est
741 2386 944 2453 praesidium.l2
978 2406 1030 2446 nee
1054 2397 1145 2459 potest
1162 2391 1240 2444 alteri
1265 2391 1387 2453 nubere,
1411 2388 1496 2442 etiam
1512 2393 1577 2452 post

353 2477 447 2524 eontra
455 2470 565 2524 divortii
577 2470 645 2524 iacta
660 2470 944 2534 iacultate,lelieitatis
977 2477 1028 2531 viri
1038 2482 1156 2530 mortem
1168 2491 1175 2525 ε
1188 2476 1281 2528 ⁸sacri
1291 2486 1415 2528 canones
1427 2473 1504 2525 enim
1513 2484 1578 2524 eon·

353 2556 514 2610 domesticae
525 2556 630 2609 tollitur
643 2556 850 2609 tundamentum
862 2569 869 2607 ε
883 2554 945 2609 alle
975 2563 1082 2631 Jugium
1100 2562 1215 2615 ulterius
1233 2560 1259 2613 ei
1280 2565 1391 2623 vemat,
1413 2564 1442 2611 et
1466 2558 1577 2610 irritum

352 2647 415 2697 cius
430 2642 507 2696 enim
527 2642 573 2709 ‘lui
592 2647 741 2708 deflemus
759 2654 815 2694 1¹⁰⁰
827 2646 883 2703 esi,
894 2642 943 2693 sed
978 2649 1129 2702 declarant.
1139 2647 1151 2681 ⁷
1163 2646 1189 2697 Si
1207 2659 1277 2699 uror
1287 2644 1400 2710 fregerit
1411 2642 1496 2695 iidem
1508 2654 1579 2695 cou-

352 2729 472 2794 tl¹¹⁰d³¹¹¹
495 2740 585 2781 telum
616 2734 715 2780 euentu
751 2724 942 2792 suspenditur,
975 2737 1063 2805 jogli,
1086 2740 1177 2803 potest
1192 2735 1309 2788 meritus
1331 2731 1448 2785 ordines
1480 2741 1578 2784 saeros

353 2826 409 2866 n⁰¹¹
426 2818 469 2864 0⁵²
486 2812 576 2877 (11131ῑῦ
596 2812 676 2864 (Ῐθῡθῑ
695 2823 743 2864 00³
761 2813 807 2875 qui
824 2824 855 2864 ὅθ
870 2816 944 2864 ῑθῑθῧ
977 2823 1118 2890 suscipere
1138 2822 1244 2887 absque
1260 2821 1321 2885 eius
1332 2829 1476 2871 consensu
1490 2831 1497 2867 ε
1512 2829 1577 2868 nam

351 2898 404 2949 sibi
414 2898 530 2950 invicem
543 2897 689 2950 tradidisse
707 2903 863 2950 censentur.
876 2896 944 2950 lline
974 2911 1020 2976 jus
1033 2920 1118 2961 0an
1131 2907 1192 2972 ipsa
1204 2904 1305 2957 amicir,

350 2981 466 3047 plurima
490 2981 709 3047 gravissimaque
731 2980 759 3031 in
783 2981 943 3032 societatem

350 3065 421 3116 mala
429 3063 512 3117 veluti
523 3077 554 3117 err
567 3064 641 3117 fonte
650 3063 800 3124 manantium
811 3065 943 3117 adulteria

351 3149 797 3216 enimiluntaliquandodivortio
814 3154 845 3202 ut
861 3150 944 3203 detur
1010 3149 1052 3198 it.
1071 3145 1276 3199 llatrimonium
1305 3148 1400 3196 rutum
1430 3140 1575 3198 fidelium,

350 3236 429 3288 locus
440 3272 448 3298 ‚
459 3234 569 3288 ’caedes
582 3235 664 3288 etiam
677 3240 837 3300 patrantur,
851 3237 944 3301 proles
977 3233 1052 3299 quod
1065 3231 1164 3284 initum
1174 3236 1234 3293 est,
1247 3229 1295 3310 sed
1311 3227 1384 3280 lraud
1397 3237 1577 3279 nonsummu-

350 3321 496 3384 deseritur,
508 3327 535 3374 et
545 3322 614 3375 adeo
627 3321 943 3388 multiplicanturdivor-
977 3324 1051 3378 tem,
1082 3316 1199 3371 solemni
1228 3315 1419 3381 professione,
1444 3315 1575 3365 votorum

349 3412 402 3472 tia,
420 3417 449 3464 ut
459 3412 664 3466 matrimonium
678 3411 765 3466 videri
776 3411 866 3478 possit
880 3423 943 3464 con·
977 3404 1081 3458 scilieet
1095 3402 1245 3455 emissione
1261 3400 1289 3451 in
1311 3398 1415 3451 ordine
1436 3396 1576 3462 probato,

350 3501 453 3548 tractus
464 3499 500 3549 od
512 3497 727 3562 beneplacitum,
744 3497 792 3562 qui
815 3509 942 3563 magnam
977 3487 1133 3541 dirimitur:
1149 3506 1162 3532 ι
1175 3487 1203 3537 si
1220 3484 1284 3550 quis
1302 3483 1421 3544 dixerit,
1436 3502 1449 3527 e
1465 3481 1504 3533 ita
1518 3479 1577 3531 Tri·

351 3593 458 3633 morum
472 3581 523 3635 iert
539 3584 733 3648 corruptelam.
976 3573 1080 3627 dentini
1090 3578 1182 3639 patres
1193 3609 1202 3635 ,
1213 3592 1226 3617 α
1237 3571 1447 3625 matrimonium
1463 3576 1576 3629 ratum,

539 3665 758 3718 Animadversio.
975 3670 1032 3712 non
1043 3661 1278 3720 consummatum,
1285 3669 1335 3721 per
1341 3656 1499 3709 solemnem
1510 3653 1574 3706 reli-

383 3748 489 3799 'lolton
502 3748 762 3801 solviturvinculum
772 3748 940 3801 matrimonii
975 3742 1066 3809 gionis
1076 3740 1279 3808 professionem
1294 3741 1411 3793 alterius
1421 3740 1574 3805 eonJ'ugum

349 3831 416 3884 dum
441 3845 472 3884 ex
499 3836 594 3885 mutuo
621 3844 757 3886 consensu
779 3838 940 3898 separantur
974 3841 1031 3883 nou
1053 3827 1164 3890 dirimi,
1191 3828 1338 3880 anatliema
1359 3827 1405 3879 sit.
1419 3827 1458 3873 »⁸
1481 3828 1522 3878 lta
1541 3838 1575 3877 ex

1061 3032 1083 3095 i.
1105 3033 1139 3083 ll.
1159 3033 1199 3084 De
1216 3030 1352 3084 solutione
1372 3027 1490 3081 vinculi.

374 4115 401 4168 (1(
412 4114 428 4155 l.
439 4113 488 4156 Cor.
502 4126 521 4154 x.
536 4120 568 4155 te.
972 4112 1005 4152 ior
1023 4111 1058 4152 the
1073 4122 1123 4162 very
1141 4121 1239 4164 purpose
1256 4110 1282 4150 oi
1298 4111 1338 4150 the
1354 4109 1452 4150 diroree.
1470 4123 1482 4146 e
1500 4108 1575 4149 lient's

375 4183 404 4231 [tl
415 4196 426 4220 s
437 4184 455 4223 lt
464 4183 482 4223 is
492 4193 541 4234 very
550 4183 699 4234 questionable
708 4185 803 4225 whether
812 4185 848 4224 tbe
856 4184 937 4236 iacilitp
973 4182 1058 4222 comm.
1067 4182 1110 4221 rol.
1119 4180 1143 4220 ii.
1154 4192 1176 4232 p.
1183 4180 1212 4221 ir.
1227 4181 1277 4220 lect.
1285 4179 1349 4221 mii.
1359 4191 1383 4219 n.
1390 4184 1437 4220 tos.

246 4238 250 4244 ’
349 4250 401 4289 with
411 4250 482 4290 which
491 4250 588 4292 dirotces
597 4263 637 4291 ceu
647 4252 786 4303 beproeured
800 4251 822 4290 in
838 4253 898 4292 tome
916 4251 940 4291 ol
997 4250 1086 4302 (ticu-
1100 4251 1159 4302 Quia
1167 4251 1269 4302 Agatho,
1284 4256 1317 4290 sl.
1330 4255 1437 4302 quom

348 4317 386 4356 tlte
401 4322 479 4368 states,
491 4319 562 4366 benet
574 4320 699 4370 productire
720 4319 744 4360 oi
754 4331 813 4360 more
826 4319 868 4360 evil
886 4322 939 4360 than
999 4321 1024 4370 (tr
1035 4320 1088 4371 Gap.
1099 4320 1154 4361 eum
1165 4321 1209 4368 sis,
1222 4320 1249 4360 de
1262 4332 1362 4362 convers.
1372 4321 1473 4373 conjug-3
1487 4325 1508 4360 et
1527 4332 1576 4371 cap.

349 4383 415 4433 good.
429 4384 448 4425 lt
468 4385 486 4425 is
500 4385 598 4426 doubtful
612 4386 708 4428 whether
726 4399 777 4428 aren
795 4387 892 4428 dirorees
906 4388 940 4428 ior
975 4387 1100 4435 vecturae,
1113 4386 1174 4427 inid..

349 4451 448 4502 adulter!
457 4451 485 4490 do
500 4457 537 4491 not
553 4453 599 4492 lead
610 4459 632 4493 to
645 4456 709 4494 nauch
724 4455 785 4495 ireud
800 4456 841 4495 end
852 4467 940 4508 corrup·
999 4455 1026 4504 (si
1037 4454 1090 4506 Cap.
1104 4454 1256 4506 Conjngotm
1266 4456 1355 4496 ibidem.

350 4517 405 4556 sion.
420 4517 428 4556 l
444 4517 499 4557 hare
513 4518 539 4557 ud
553 4522 653 4561 occasion
670 4528 692 4562 to
704 4523 795 4572 believe,
805 4524 827 4563 in
837 4525 873 4564 the
882 4535 941 4564 erer—
999 4523 1026 4573 (di
1035 4522 1089 4563 Cen.
1105 4524 1219 4574 seriatim,
1228 4524 1325 4565 distinct.
1335 4530 1368 4566 as.

351 4585 398 4624 eise
416 4585 441 4625 oi
458 4596 470 4624 a
491 4585 582 4635 judicie!
604 4589 733 4638 cogntunce
749 4601 800 4630 over
821 4602 939 4632 numerous
999 4589 1025 4640 il}
1037 4591 1207 4632 benedictxli'.
1215 4592 1303 4644 deSpn.
1317 4593 1333 4632 l.
1342 4593 1388 4632 xiii.
1398 4605 1420 4633 e.
1428 4594 1465 4633 xii.
1476 4605 1498 4634 n·
1507 4594 1551 4634 nvi.

350 4663 414 4692 cases
431 4653 456 4692 oi
471 4653 569 4702 divorse,
588 4656 634 4696 that
647 4658 683 4697 the
704 4659 737 4698 sin
751 4659 775 4698 oi
784 4660 881 4712 adulter!
895 4671 939 4702 was
999 4658 1026 4708 (8)
1036 4658 1094 4698 Sese·
1108 4658 1163 4699 uis·
1172 4671 1221 4699 cen.
1232 4660 1260 4701 vi.

346 4721 474 4760 sometimes
484 4722 607 4762 committed
618 4736 645 4764 on
655 4727 691 4764 the
699 4733 747 4778 pert
756 4727 780 4766 oi
787 4727 823 4767 tbe
832 4729 941 4777 husband,
