3792 5550
338 574 371 623 'tlt
679 573 795 625 abaci.
813 574 867 625 xil.
887 574 929 625 DE
946 564 1221 625 collateralibus.

335 694 378 740 est
394 688 429 740 ab
444 686 598 753 apostolis,
611 692 639 740 et
652 688 743 742 adbuc
765 690 794 742 lit
818 702 834 741 a
857 691 928 741 Prae·
961 687 1094 754 consequi
1114 699 1170 740 non
1188 690 1332 753 poterant,
1350 688 1413 743 licet
1431 691 1558 759 signacu-

334 773 441 827 sulibus
473 774 624 838 Ecclesiae,
655 787 717 839 quae
748 776 864 840 proinde
892 774 928 827 ad
962 773 1090 839 lumejus
1114 772 1267 826 confirmati
1284 776 1483 842 suscepissent.
1504 780 1560 831 lla·

334 858 502 912 sacramenti
516 858 664 911 essentiam
688 866 814 924 spectare
830 858 927 912 merito
962 873 1016 913 nus
1033 858 1172 926 impositio
1183 860 1218 913 ad
1230 860 1338 917 reniam
1350 867 1378 914 et
1397 875 1494 927 pacem
1506 866 1560 917 Eo·

333 949 480 997 censetur:
500 943 535 996 de
550 942 657 995 caeteris
670 943 769 995 ritibus
782 944 856 997 salsa
875 944 928 996 lide
962 945 1053 998 clesiae
1087 944 1318 1011 significandam,
1347 946 1560 1001 similitudinem

268 1093 271 1096 ¹
333 1028 455 1082 dubitari
464 1034 565 1095 potest.
577 1030 707 1083 Novimus
716 1030 828 1096 quidem
842 1030 929 1096 quaeri
962 1029 1074 1095 gerebat
1088 1042 1150 1082 cum
1163 1030 1208 1081 illa
1224 1043 1285 1095 quae
1302 1030 1384 1083 flebat
1404 1030 1432 1083 in
1452 1033 1561 1085 Condr-

333 1126 461 1179 quaenam
474 1113 510 1165 sit
522 1126 651 1166 manuum
667 1114 823 1180 impositio,
836 1120 928 1167 utrum
962 1113 1092 1177 motione,
1106 1118 1133 1166 et
1146 1114 1273 1167 eumdem
1286 1114 1314 1166 in
1328 1113 1411 1168 linem
1421 1116 1561 1170 destinata

336 1202 440 1255 scilicet
451 1216 484 1255 ea
494 1216 577 1269 quam
589 1203 652 1256 iacit
661 1203 822 1269 Episcopus,
833 1203 929 1271 ambas
963 1202 1027 1260 est,
1044 1199 1169 1262 quamvis
1191 1198 1251 1261 ejus
1271 1197 1386 1253 effectus
1402 1204 1477 1253 totus
1494 1214 1562 1267 pen·

335 1300 435 1340 manus
453 1301 536 1353 super
549 1289 694 1342 universos
717 1295 816 1341 tenens
833 1292 929 1340 exten·
963 1282 1041 1335 deret
1052 1295 1086 1335 ex
1100 1282 1153 1348 piis
1168 1284 1298 1336 Ecclesiae
1310 1284 1456 1349 precibus,
1470 1290 1497 1338 ct
1510 1286 1560 1339 de-

336 1385 399 1436 sas,
412 1373 479 1425 dum
499 1379 605 1440 septem
618 1375 691 1428 dona
708 1374 824 1441 Spiritus
841 1374 929 1427 saneti
962 1374 1027 1422 voto
1052 1367 1244 1433 poenitentium
1273 1366 1381 1421 affectu.
1405 1370 1560 1435 Aliquando

337 1459 393 1513 illis
410 1468 590 1527 apprecatur,
610 1477 646 1515 an
668 1463 720 1515 alia
738 1476 800 1529 quae
811 1462 842 1515 fit
853 1463 928 1516 fron·
963 1454 1022 1520 ipsa
1036 1453 1335 1507 Confirmatiodabatur
1346 1454 1472 1519 :plurimi
1484 1455 1560 1509 ellim

336 1550 392 1598 tem
405 1545 564 1613 inungendo
589 1563 596 1598 ι
614 1553 730 1614 utraque
747 1547 820 1600 enim
837 1552 930 1614 potest
963 1554 1025 1593 eam
1034 1540 1174 1606 suscipere
1183 1545 1263 1593 autea
1273 1541 1467 1607 neglexerant,
1480 1542 1558 1608 quod

337 1630 374 1683 tta
392 1630 558 1698 designari:
583 1633 632 1685 sed
653 1639 761 1686 conseqq
784 1633 838 1685 mu
861 1646 930 1699 pm.
963 1625 998 1678 de
1018 1625 1175 1680 Novatianis
1193 1631 1309 1679 constat.
1324 1628 1486 1692 Exemplum
1497 1618 1563 1693 pre·

337 1715 439 1781 scripto
458 1717 592 1770 contineri
612 1721 834 1779 sacramentum,
852 1731 929 1771 eum.
963 1724 1025 1763 cum
1043 1711 1124 1765 nobis
1134 1710 1291 1777 suppeditat
1304 1712 1391 1763 codex
1411 1712 1560 1764 Gellonen·

336 1812 391 1865 que
407 1800 512 1867 integre
528 1803 738 1867 perficiendum,
750 1807 780 1855 ut
791 1803 931 1870 obtempe-
964 1797 1021 1858 ⁵18,
1045 1797 1216 1863 temporibus
1241 1796 1329 1849 Caroli
1351 1796 1439 1863 Magni
1466 1809 1561 1849 extra·

337 1889 413 1937 retur
439 1887 587 1950 Ecclesiae3
617 1901 670 1941 nec
689 1888 772 1941 refert
801 1895 929 1942 accurato
963 1886 1028 1946 111⁵,
1047 1881 1094 1948 qui
1106 1882 1146 1934 31⁰
1163 1880 1266 1933 h2be²²
1283 1878 1465 1933 «Βθΰθῦῑῦῑῑθ
1478 1892 1563 1946 ὓΰβθῐ

335 1969 441 2035 judicio
461 1971 610 2025 decernere
627 1985 774 2037 quamnam
797 1973 851 2025 rim
871 1972 931 2025 sin·
963 1978 1032 2031 eos,
1055 1968 1102 2034 qui
1137 1966 1174 2020 de
1194 1966 1309 2021 diversis
1336 1965 1487 2019 ltaeresibus
1516 1978 1564 2019 ve·

338 2055 586 2122 gulaeejuspartes
601 2058 827 2111 babeantllauel
848 2058 930 2123 igitur
963 2055 1042 2108 niunt
1064 2070 1070 2107 :
1097 2057 1227 2107 «Sancte
1253 2056 1332 2107 Pater
1362 2053 1560 2119 omnipotens,

340 2141 509 2193 sacramenti
524 2141 679 2203 certitudo,
699 2141 832 2206 quidquid
846 2142 882 2194 sit
894 2142 929 2195 de
964 2156 980 2186 >>
997 2139 1044 2205 qui
1067 2139 1198 2191 famulum
1216 2145 1291 2191 tuum
1311 2139 1345 2191 ab
1364 2151 1457 2193 errore
1475 2139 1562 2191 haere·

338 2224 541 2290 'theologorum
554 2225 763 2289 questionibus.
908 2226 912 2233 ’
963 2245 976 2273 s
997 2237 1060 2277 seos
1082 2224 1211 2291 dignatus
1229 2236 1259 2277 es
1275 2236 1389 2286 eruere,
1401 2229 1428 2276 et
1451 2223 1486 2275 ad
1500 2234 1563 2275 san·

370 2311 413 2361 59.
425 2309 485 2375 obj.
505 2310 547 2362 lt.
562 2310 708 2363 «Ecclesia
725 2310 854 2363 omnibus
873 2311 930 2365 liae·
964 2332 977 2358 s
996 2315 1068 2364 ctam
1081 2310 1230 2362 Ecclesiam
1241 2321 1370 2363 revocare
1380 2346 1389 2372 ‚
1400 2320 1561 2374 quaesumus

340 2392 432 2444 retleis
449 2394 484 2445 ad
496 2392 644 2446 Ecclesiam
662 2394 780 2449 reversis
798 2409 930 2449 manuum
963 2412 979 2443 »
997 2400 1023 2447 te
1042 2394 1173 2458 ,bomine
1188 2393 1337 2457 ,immittte
1350 2393 1378 2445 in
1401 2406 1463 2445 eum
1483 2394 1565 2447 Para·

341 2476 546 2542 impositionem
565 2477 819 2544 tribuebat,etboc
838 2520 845 2533 .
865 2521 872 2534 .
893 2521 899 2534 .
921 2521 928 2534 .
964 2499 980 2528 >r
997 2480 1091 2533 clitum
1104 2478 1235 2544 Spiritum
1256 2484 1332 2530 tuum
1356 2476 1564 2543 septilormem,

340 2560 377 2613 ad
398 2574 431 2615 ea
453 2564 595 2629 spectabat
616 2566 789 2631 supplenda,
817 2581 880 2633 que
901 2568 930 2621 in
965 2563 1130 2630 »Spiritum
1157 2561 1300 2627 sapientiae
1326 2566 1354 2614 et
1384 2560 1563 2622 intellectus,

339 2651 451 2700 externa
479 2648 566 2702 forma
600 2650 730 2715 baptismi
765 2650 930 2714 defuerant,
965 2666 981 2697 »
1001 2648 1131 2714 Spiritum
1159 2646 1266 2699 consilii
1293 2650 1320 2699 et
1340 2643 1562 2707 tortitudinis‚»

338 2744 402 2798 quae
413 2734 528 2799 qratiam
541 2733 657 2800 Spiritus
671 2734 713 2789 eis
731 2736 856 2789 conterre
875 2748 931 2790 non
966 2739 1019 2788 etc.
1037 2732 1049 2766 ⁸
1070 2752 1075 2761 ·

338 2821 463 2883 poterat,
474 2820 565 2884 quoad
578 2818 607 2870 iu
625 2819 738 2881 haeresi,
754 2821 799 2874 vel
818 2821 847 2871 in
859 2821 933 2873 sebi-
999 2821 1041 2870 st.
1063 2818 1123 2884 obj.
1139 2820 1178 2870 ¹3.
1194 2816 1346 2870 orientales
1357 2823 1384 2868 et
1396 2816 1564 2868 GraeciCon·

339 2907 428 2954 emate
438 2903 661 2968 perseverabant.
672 2905 728 2956 »lta
738 2905 932 2970 bingbamus.¹
966 2901 1129 2955 firmationis
1153 2903 1345 2962 sacramento,
1365 2899 1447 2964 quale
1475 2911 1565 2964 agno·

340 2985 385 3038 Sic
403 2988 457 3038 beo
470 2989 506 3038 ll.
516 2987 599 3053 jussit
612 3002 619 3036 :
635 3004 652 3034 u
671 2989 722 3040 Per
738 3001 837 3040 manus
846 2989 933 3054 impo-
967 2993 1048 3042 scunt
1058 2985 1190 3040 pontificii
1201 3023 1209 3049 ‚
1222 2989 1317 3039 carent
1330 3001 1336 3036 :
1348 2984 1474 3051 quamvis
1487 2985 1565 3040 enim

340 3068 468 3122 sirionem
490 3071 615 3122 invocata
626 3059 726 3124 virtute
743 3071 858 3137 Spiritus
871 3086 934 3126 aau-
968 3076 995 3126 et
1008 3072 1061 3137 ipsi
1076 3074 1216 3137 unguento
1234 3068 1508 3136 quodam'verticem
1529 3070 1564 3123 li·

339 3153 397 3217 eti,
416 3167 506 3230 quam·
526 3155 562 3207 ab
583 3155 719 3209 hereticis
738 3156 862 3223 accipere
878 3171 934 3212 non
968 3158 1059 3221 uiant,
1077 3157 1171 3210 unctio
1189 3156 1249 3210 haec
1268 3154 1339 3208 inter
1356 3155 1486 3221 baptismi
1494 3155 1563 3209 ritus

339 3240 648 3304 potuemnt.catnolicis
656 3241 806 3307 copulandi
816 3244 935 3295 suntst
968 3241 1127 3308 reponenda
1151 3245 1215 3294 est:
1233 3238 1263 3293 tit
1289 3242 1364 3292 enim
1386 3240 1478 3294 statim
1499 3246 1565 3307 post

373 3324 417 3376 to.
438 3327 516 3393 step.
539 3327 653 3379 Fatetur
675 3326 735 3393 ipse
768 3328 934 3394 Bingbamus
969 3327 1152 3392 baptismum,
1174 3330 1201 3380 et
1224 3339 1239 3378 a
1263 3325 1480 3379 sacerdotibus:
1501 3338 1563 3391 quae

341 3410 500 3466 unctionem
515 3413 672 3468 chrismatis
689 3428 745 3469 non
764 3428 873 3481 semper
890 3417 936 3469 ad·
970 3411 1122 3479 discipline
1139 3411 1165 3464 ei
1183 3424 1265 3477 quam
1287 3410 1369 3464 reiert
1380 3409 1563 3463 Tertullianus

340 3494 456 3548 bibitam
468 3499 534 3550 dum
554 3500 613 3551 baec
633 3499 708 3552 lieret
733 3512 866 3551 manuum
885 3501 936 3552 im·
970 3497 1108 3549 simillima
1126 3495 1244 3549 videtur.
1260 3495 1339 3561 Apud
1359 3495 1470 3548 Latinos
1482 3495 1565 3562 igitur

340 3579 461 3644 positio,
484 3582 639 3646 specialiter
655 3583 683 3634 in
709 3581 834 3648 partibus
861 3584 937 3636 Occi·
970 3581 1260 3646 ritusnieneapttsmo
1270 3581 1375 3647 seiungi
1385 3581 1565 3647 eoepitposte·

340 3661 507 3714 dentalibus.
522 3665 607 3730 igitur
616 3671 681 3718 tunc
695 3666 792 3718 saltem
805 3665 872 3719 satis
879 3667 936 3719 dis·
970 3664 1036 3717 riori
1054 3670 1150 3726 aetate,
1164 3672 1192 3718 et
1207 3665 1350 3731 Episcopis
1369 3669 1509 3719 reservata
1521 3668 1564 3718 est

339 3746 504 3800 cernebatur
549 3749 584 3802 ab
609 3762 642 3800 ea
670 3762 732 3815 quae
760 3749 844 3803 tiebat
870 3750 936 3803 dum
970 3739 1565 3814 addiguitatisostentationem:uadbonoe

344 3833 550 3885 Sacramentum
571 3834 791 3887 confirmationis
815 3835 935 3888 daretur.
971 3847 1029 3888 rem
1048 3835 1141 3900 potius
1153 3835 1315 3899 sacerdotii,
1331 3850 1415 3902 quam
1427 3836 1462 3888 nd
1474 3836 1564 3902 legem

345 3914 453 3980 optimo
465 3918 576 3982 quidem
594 3919 711 3973 consilio
722 3961 731 3983 ,
744 3925 772 3973 et
793 3922 937 3987 aptissimo
971 3918 1168 3995 necessitatis·
1184 3924 1265 3986 prout
1285 3919 1351 3973 dicit
1371 3920 1561 3986 llieronymus.

345 3999 401 4052 ritu
422 3999 635 4066 imponebantur
657 4019 776 4068 manus,
798 4012 825 4060 et
850 4007 938 4061 oratio
1007 4005 1434 4070 la.1resp.nesestexptorata
1454 4006 1563 4058 Graecos

343 4083 508 4139 tundebatur
539 4094 568 4141 ut
596 4089 652 4142 illis
682 4092 794 4144 daretur
822 4092 940 4158 Spiritus
974 4094 1001 4142 et
1021 4089 1169 4142 orientales
1182 4091 1234 4143 boc
1246 4102 1395 4156 agnoscere
1407 4091 1564 4143 Sacramen-

343 4169 828 4245 sanctilumen.etgratia,quamin
840 4179 942 4233 baeresi
975 4173 1075 4240 tum,‘
1096 4181 1123 4228 et
1145 4187 1160 4227 a
1178 4175 1309 4242 baptismi
1330 4175 1428 4229 ritibus
1449 4172 1563 4227 omnino

377 4422 526 4474 (sisebolsstie
535 4430 617 4484 history
626 4433 691 4486 olley
699 4434 803 4487 baptism,
810 4446 830 4476 c.
839 4435 857 4475 i.
868 4435 938 4477 mxi.
972 4432 1030 4474 Eoel.
1040 4437 1054 4472 t.
1065 4444 1087 4473 v.
1094 4431 1148 4474 diss.
1155 4444 1175 4472 s.
1185 4432 1197 4484 5
1206 4435 1238 4473 ts.
1247 4433 1277 4472 be
1286 4431 1424 4485 AEtlaiopibus
1441 4430 1490 4473 vide
1507 4430 1566 4472 ordi·

412 4493 452 4545 BP·
464 4495 523 4539 iisd
534 4500 716 4544 Rustic-Narbon.
726 4504 808 4555 inquis.
818 4504 877 4545 xviii.
973 4513 1022 4543 nens
1032 4502 1086 4543 illud
1095 4502 1233 4542 ministrandi
1243 4501 1469 4543 intremuissem
1481 4501 1568 4540 Pssrsss

374 4558 401 4610 (t)
415 4560 509 4606 Consule
524 4569 629 4610 coustant
646 4572 688 4613 col.
703 4572 823 4614 stt-Toni.
840 4573 857 4615 i.
875 4574 940 4627 epist.
974 4570 1074 4611 relstusn.
1091 4571 1121 4610 bs
1139 4570 1244 4628 AEgyptiis
1262 4569 1311 4612 vids
1336 4569 1494 4623 professionem
1515 4567 1567 4608 ildei

348 4626 409 4666 Rom.
425 4630 503 4674 Pontii.
975 4649 1043 4690 qnam
1056 4638 1168 4678 Mattheus
1177 4639 1234 4679 Alex.
1249 4638 1373 4691 patriarcha
1390 4638 1418 4679 ed
1431 4635 1567 4678 budosicusn

374 4695 406 4746 (s)
425 4699 455 4740 bo
473 4703 580 4747 curiosis
600 4705 704 4759 spesque
723 4707 773 4747 vire
792 4707 908 4760 neopum
925 4720 940 4750 ι
974 4708 1028 4748 xiv.
1042 4706 1113 4758 miro,
1132 4712 1146 4748 ι.
1160 4707 1193 4748 tu.
1214 4707 1241 4748 ue
1254 4712 1357 4760 perpere
1375 4703 1567 4749 nocituram

346 4763 440 4808 tritono
456 4781 480 4822 p.
494 4778 538 4816 sss.
555 4774 607 4816 true
624 4775 690 4816 esum
705 4775 802 4817 ruerem
816 4776 874 4817 sien
887 4777 939 4818 nie.
973 4775 1162 4819 securrissima.
1177 4775 1222 4818 uu.
1231 4786 1250 4816 ο.
1260 4775 1301 4817 rix.
