<?xml version="1.0" encoding="UTF-8"?>
<!DOCTYPE html PUBLIC "-//W3C//DTD XHTML 1.0 Transitional//EN"
    "http://www.w3.org/TR/xhtml1/DTD/xhtml1-transitional.dtd">
<html xmlns="http://www.w3.org/1999/xhtml" xml:lang="en" lang="en">
 <head>
  <title>
</title>
<meta http-equiv="Content-Type" content="text/html;charset=utf-8" />
  <meta name='ocr-system' content='tesseract 3.04.00' />
  <meta name='ocr-capabilities' content='ocr_page ocr_carea ocr_par ocr_line ocrx_word'/>
</head>
<body>
  <div class='ocr_page' id='page_1' title='image "./theologiadogmat02kenrgoog_0434.png"; bbox 0 0 3792 5550; ppageno 0'>
   <div class='ocr_carea' id='block_1_1' title="bbox 370 566 1362 625">
    <p class='ocr_par' dir='ltr' id='par_1_1' title="bbox 370 566 1362 625">
     <span class='ocr_line' id='line_1_1' title="bbox 370 566 1362 625; baseline -0.011 -3"><span class='ocrx_word' id='word_1_1' title='bbox 370 570 420 623; x_wconf 64' lang='lat'><strong>420</strong></span> <span class='ocrx_word' id='word_1_2' title='bbox 597 570 712 623; x_wconf 73' lang='lat' dir='ltr'><strong>abaci.</strong></span> <span class='ocrx_word' id='word_1_3' title='bbox 731 570 793 625; x_wconf 85' lang='lat' dir='ltr'><strong>lllll.</strong></span> <span class='ocrx_word' id='word_1_4' title='bbox 813 570 853 619; x_wconf 85' lang='lat' dir='ltr'><strong>nt:</strong></span> <span class='ocrx_word' id='word_1_5' title='bbox 872 568 1095 620; x_wconf 70' lang='lat' dir='ltr'>SACRAMENTIS</span> <span class='ocrx_word' id='word_1_6' title='bbox 1117 568 1149 617; x_wconf 80' lang='lat' dir='ltr'><strong>tlt</strong></span> <span class='ocrx_word' id='word_1_7' title='bbox 1169 566 1362 619; x_wconf 80' lang='lat' dir='ltr'><strong>untvbltstttt.</strong></span> 
     </span>
    </p>
   </div>
   <div class='ocr_carea' id='block_1_2' title="bbox 369 682 1593 1947">
    <p class='ocr_par' dir='ltr' id='par_1_2' title="bbox 369 682 1593 1947">
     <span class='ocr_line' id='line_1_2' title="bbox 369 682 1590 752; baseline -0.001 -14"><span class='ocrx_word' id='word_1_8' title='bbox 369 690 524 740; x_wconf 89' lang='lat' dir='ltr'><strong>mentorum</strong></span> <span class='ocrx_word' id='word_1_9' title='bbox 535 685 744 752; x_wconf 82' lang='lat' dir='ltr'><strong>designandam,</strong></span> <span class='ocrx_word' id='word_1_10' title='bbox 760 700 844 750; x_wconf 80' lang='lat' dir='ltr'><strong>quum</strong></span> <span class='ocrx_word' id='word_1_11' title='bbox 857 698 960 749; x_wconf 83' lang='lat' dir='ltr'><strong>sermo,</strong></span> <span class='ocrx_word' id='word_1_12' title='bbox 996 689 1040 736; x_wconf 89' lang='lat' dir='ltr'><strong>eat</strong></span> <span class='ocrx_word' id='word_1_13' title='bbox 1058 698 1065 733; x_wconf 78' lang='lat' dir='ltr'><strong>t</strong></span> <span class='ocrx_word' id='word_1_14' title='bbox 1084 683 1111 735; x_wconf 92' lang='lat' dir='ltr'><strong>in</strong></span> <span class='ocrx_word' id='word_1_15' title='bbox 1129 684 1235 735; x_wconf 71' lang='lat' dir='ltr'><strong>cacteris</strong></span> <span class='ocrx_word' id='word_1_16' title='bbox 1245 682 1447 746; x_wconf 85' lang='lat' dir='ltr'><strong>sacramentis,</strong></span> <span class='ocrx_word' id='word_1_17' title='bbox 1465 685 1590 737; x_wconf 84' lang='lat' dir='ltr'><strong>uiuorum</strong></span> 
     </span>
     <span class='ocr_line' id='line_1_3' title="bbox 370 768 1588 837; baseline -0.002 -13"><span class='ocrx_word' id='word_1_18' title='bbox 370 772 439 825; x_wconf 90' lang='lat' dir='ltr'><strong>sicut</strong></span> <span class='ocrx_word' id='word_1_19' title='bbox 452 780 480 825; x_wconf 90' lang='lat' dir='ltr'><strong>et</strong></span> <span class='ocrx_word' id='word_1_20' title='bbox 500 772 624 826; x_wconf 85' lang='lat' dir='ltr'><strong>doctriua</strong></span> <span class='ocrx_word' id='word_1_21' title='bbox 639 778 760 825; x_wconf 89' lang='lat' dir='ltr'><strong>veterum</strong></span> <span class='ocrx_word' id='word_1_22' title='bbox 783 776 960 837; x_wconf 90' lang='lat' dir='ltr'><strong>temporum,</strong></span> <span class='ocrx_word' id='word_1_23' title='bbox 996 768 1117 829; x_wconf 89' lang='lat' dir='ltr'><strong>scilicet,</strong></span> <span class='ocrx_word' id='word_1_24' title='bbox 1140 781 1200 821; x_wconf 88' lang='lat' dir='ltr'><strong>cam</strong></span> <span class='ocrx_word' id='word_1_25' title='bbox 1232 779 1306 821; x_wconf 89' lang='lat' dir='ltr'><strong>novo</strong></span> <span class='ocrx_word' id='word_1_26' title='bbox 1337 780 1452 819; x_wconf 88' lang='lat' dir='ltr'><strong>munere</strong></span> <span class='ocrx_word' id='word_1_27' title='bbox 1477 769 1588 821; x_wconf 89' lang='lat' dir='ltr'><strong>ditatam</strong></span> 
     </span>
     <span class='ocr_line' id='line_1_4' title="bbox 370 854 1588 923; baseline -0.002 -14"><span class='ocrx_word' id='word_1_28' title='bbox 370 862 521 923; x_wconf 74' lang='lat' dir='ltr'><strong>praestaret.</strong></span> <span class='ocrx_word' id='word_1_29' title='bbox 996 858 1051 908; x_wconf 79' lang='lat' dir='ltr'><strong>lieo</strong></span> <span class='ocrx_word' id='word_1_30' title='bbox 1075 854 1138 907; x_wconf 87' lang='lat' dir='ltr'><strong>lacit</strong></span> <span class='ocrx_word' id='word_1_31' title='bbox 1158 854 1350 919; x_wconf 76' lang='lat' dir='ltr'><strong>acceptiorem.</strong></span> <span class='ocrx_word' id='word_1_32' title='bbox 1372 854 1428 905; x_wconf 76' lang='lat' dir='ltr'><strong>blla</strong></span> <span class='ocrx_word' id='word_1_33' title='bbox 1446 854 1533 919; x_wconf 77' lang='lat' dir='ltr'><strong>gratia</strong></span> <span class='ocrx_word' id='word_1_34' title='bbox 1541 868 1588 907; x_wconf 91' lang='lat' dir='ltr'><strong>cu-</strong></span> 
     </span>
     <span class='ocr_line' id='line_1_5' title="bbox 402 938 1593 1008; baseline -0.003 -12"><span class='ocrx_word' id='word_1_35' title='bbox 402 944 444 995; x_wconf 76' lang='lat'><strong>83.</strong></span> <span class='ocrx_word' id='word_1_36' title='bbox 464 944 542 1008; x_wconf 75' lang='lat' dir='ltr'><strong>licen.</strong></span> <span class='ocrx_word' id='word_1_37' title='bbox 562 942 638 1006; x_wconf 82' lang='lat' dir='ltr'><strong>Quod</strong></span> <span class='ocrx_word' id='word_1_38' title='bbox 664 954 743 994; x_wconf 83' lang='lat' dir='ltr'><strong>novae</strong></span> <span class='ocrx_word' id='word_1_39' title='bbox 768 941 887 995; x_wconf 74' lang='lat' dir='ltr'><strong>inductae</strong></span> <span class='ocrx_word' id='word_1_40' title='bbox 905 940 962 995; x_wconf 86' lang='lat' dir='ltr'><strong>sint</strong></span> <span class='ocrx_word' id='word_1_41' title='bbox 992 942 1093 1007; x_wconf 76' lang='lat' dir='ltr'><strong>iusque</strong></span> <span class='ocrx_word' id='word_1_42' title='bbox 1111 940 1278 994; x_wconf 75' lang='lat' dir='ltr'>sacramenti</span> <span class='ocrx_word' id='word_1_43' title='bbox 1303 938 1413 1005; x_wconf 91' lang='lat' dir='ltr'><strong>propria</strong></span> <span class='ocrx_word' id='word_1_44' title='bbox 1430 952 1593 993; x_wconf 76' lang='lat' dir='ltr'><strong>sacramen·</strong></span> 
     </span>
     <span class='ocr_line' id='line_1_6' title="bbox 369 1024 1591 1081; baseline -0.002 0"><span class='ocrx_word' id='word_1_45' title='bbox 369 1038 451 1081; x_wconf 83' lang='lat' dir='ltr'><strong>voces</strong></span> <span class='ocrx_word' id='word_1_46' title='bbox 469 1029 503 1081; x_wconf 92' lang='lat' dir='ltr'><strong>ad</strong></span> <span class='ocrx_word' id='word_1_47' title='bbox 528 1028 582 1080; x_wconf 84' lang='lat' dir='ltr'><strong>rim</strong></span> <span class='ocrx_word' id='word_1_48' title='bbox 606 1030 846 1081; x_wconf 88' lang='lat' dir='ltr'><strong>sacramentorum</strong></span> <span class='ocrx_word' id='word_1_49' title='bbox 874 1040 963 1080; x_wconf 89' lang='lat' dir='ltr'><strong>enun·</strong></span> <span class='ocrx_word' id='word_1_50' title='bbox 995 1028 1059 1079; x_wconf 77' lang='lat' dir='ltr'><strong>tutis</strong></span> <span class='ocrx_word' id='word_1_51' title='bbox 1070 1024 1170 1079; x_wconf 90' lang='lat' dir='ltr'><strong>dicitur</strong></span> <span class='ocrx_word' id='word_1_52' title='bbox 1182 1040 1188 1076; x_wconf 94' lang='lat'><strong>:</strong></span> <span class='ocrx_word' id='word_1_53' title='bbox 1201 1026 1281 1078; x_wconf 89' lang='lat' dir='ltr'><strong>datur</strong></span> <span class='ocrx_word' id='word_1_54' title='bbox 1290 1028 1365 1077; x_wconf 91' lang='lat' dir='ltr'><strong>enim</strong></span> <span class='ocrx_word' id='word_1_55' title='bbox 1376 1025 1410 1077; x_wconf 88' lang='lat' dir='ltr'><strong>ad</strong></span> <span class='ocrx_word' id='word_1_56' title='bbox 1421 1026 1591 1078; x_wconf 76' lang='lat' dir='ltr'>sacramenti</span> 
     </span>
     <span class='ocr_line' id='line_1_7' title="bbox 370 1102 1592 1180; baseline -0.002 -15"><span class='ocrx_word' id='word_1_57' title='bbox 370 1102 665 1180; x_wconf 82' lang='lat' dir='ltr'><strong>tlandam,contigitea</strong></span> <span class='ocrx_word' id='word_1_58' title='bbox 680 1114 962 1180; x_wconf 85' lang='lat' dir='ltr'><strong>aetatoquadoctores</strong></span> <span class='ocrx_word' id='word_1_59' title='bbox 996 1111 1064 1164; x_wconf 85' lang='lat' dir='ltr'><strong>lines</strong></span> <span class='ocrx_word' id='word_1_60' title='bbox 1082 1110 1288 1177; x_wconf 84' lang='lat' dir='ltr'><strong>assequendos,</strong></span> <span class='ocrx_word' id='word_1_61' title='bbox 1310 1112 1412 1178; x_wconf 83' lang='lat' dir='ltr'><strong>jusque</strong></span> <span class='ocrx_word' id='word_1_62' title='bbox 1437 1112 1592 1164; x_wconf 87' lang='lat' dir='ltr'><strong>secumlcrt</strong></span> 
     </span>
     <span class='ocr_line' id='line_1_8' title="bbox 370 1196 1591 1264; baseline -0.004 -12"><span class='ocrx_word' id='word_1_63' title='bbox 370 1198 525 1252; x_wconf 80' lang='lat' dir='ltr'><strong>scholastici</strong></span> <span class='ocrx_word' id='word_1_64' title='bbox 544 1198 608 1251; x_wconf 87' lang='lat' dir='ltr'><strong>lidei</strong></span> <span class='ocrx_word' id='word_1_65' title='bbox 625 1198 755 1264; x_wconf 89' lang='lat' dir='ltr'><strong>principia</strong></span> <span class='ocrx_word' id='word_1_66' title='bbox 773 1198 904 1251; x_wconf 82' lang='lat' dir='ltr'>methodo</span> <span class='ocrx_word' id='word_1_67' title='bbox 916 1212 962 1250; x_wconf 86' lang='lat' dir='ltr'><strong>ex·</strong></span> <span class='ocrx_word' id='word_1_68' title='bbox 997 1210 1029 1249; x_wconf 85' lang='lat' dir='ltr'><strong>ea</strong></span> <span class='ocrx_word' id='word_1_69' title='bbox 1048 1198 1148 1249; x_wconf 75' lang='lat' dir='ltr'><strong>ausilia</strong></span> <span class='ocrx_word' id='word_1_70' title='bbox 1169 1196 1343 1262; x_wconf 87' lang='lat' dir='ltr'><strong>impetrandi.</strong></span> <span class='ocrx_word' id='word_1_71' title='bbox 1363 1196 1452 1249; x_wconf 82' lang='lat' dir='ltr'><strong>Gratia</strong></span> <span class='ocrx_word' id='word_1_72' title='bbox 1471 1196 1504 1249; x_wconf 90' lang='lat' dir='ltr'><strong>ad</strong></span> <span class='ocrx_word' id='word_1_73' title='bbox 1516 1196 1591 1249; x_wconf 85' lang='lat' dir='ltr'><strong>Ordi-</strong></span> 
     </span>
     <span class='ocr_line' id='line_1_9' title="bbox 370 1282 1592 1350; baseline -0.002 -12"><span class='ocrx_word' id='word_1_74' title='bbox 370 1298 471 1350; x_wconf 90' lang='lat' dir='ltr'><strong>ponere</strong></span> <span class='ocrx_word' id='word_1_75' title='bbox 492 1286 627 1338; x_wconf 90' lang='lat' dir='ltr'><strong>solebant.</strong></span> <span class='ocrx_word' id='word_1_76' title='bbox 645 1286 680 1338; x_wconf 82' lang='lat' dir='ltr'><strong>lle</strong></span> <span class='ocrx_word' id='word_1_77' title='bbox 696 1284 809 1339; x_wconf 81' lang='lat' dir='ltr'><strong>veritate</strong></span> <span class='ocrx_word' id='word_1_78' title='bbox 825 1285 961 1337; x_wconf 87' lang='lat' dir='ltr'><strong>servanda</strong></span> <span class='ocrx_word' id='word_1_79' title='bbox 996 1295 1062 1334; x_wconf 91' lang='lat' dir='ltr'><strong>num</strong></span> <span class='ocrx_word' id='word_1_80' title='bbox 1084 1295 1198 1335; x_wconf 87' lang='lat' dir='ltr'><strong>munera</strong></span> <span class='ocrx_word' id='word_1_81' title='bbox 1225 1282 1353 1335; x_wconf 86' lang='lat' dir='ltr'><strong>obeunda</strong></span> <span class='ocrx_word' id='word_1_82' title='bbox 1383 1284 1592 1336; x_wconf 88' lang='lat' dir='ltr'><strong>sacramentalis</strong></span> 
     </span>
     <span class='ocr_line' id='line_1_10' title="bbox 370 1366 1178 1434; baseline -0.001 -13"><span class='ocrx_word' id='word_1_83' title='bbox 370 1368 479 1432; x_wconf 78' lang='lat' dir='ltr'><strong>soliciti,</strong></span> <span class='ocrx_word' id='word_1_84' title='bbox 495 1382 590 1434; x_wconf 92' lang='lat' dir='ltr'><strong>parum</strong></span> <span class='ocrx_word' id='word_1_85' title='bbox 606 1370 753 1423; x_wconf 82' lang='lat' dir='ltr'><strong>studebant</strong></span> <span class='ocrx_word' id='word_1_86' title='bbox 763 1368 960 1423; x_wconf 86' lang='lat' dir='ltr'><strong>vocabulorum</strong></span> <span class='ocrx_word' id='word_1_87' title='bbox 997 1366 1114 1433; x_wconf 78' lang='lat' dir='ltr'><strong>proinde</strong></span> <span class='ocrx_word' id='word_1_88' title='bbox 1126 1372 1178 1420; x_wconf 85' lang='lat' dir='ltr'><strong>est.</strong></span> 
     </span>
     <span class='ocr_line' id='line_1_11' title="bbox 371 1452 1589 1521; baseline 0.001 -16"><span class='ocrx_word' id='word_1_89' title='bbox 371 1452 527 1518; x_wconf 74' lang='lat' dir='ltr'><strong>elegantiae3</strong></span> <span class='ocrx_word' id='word_1_90' title='bbox 547 1460 574 1506; x_wconf 93' lang='lat' dir='ltr'><strong>et</strong></span> <span class='ocrx_word' id='word_1_91' title='bbox 586 1460 615 1507; x_wconf 91' lang='lat' dir='ltr'><strong>ut</strong></span> <span class='ocrx_word' id='word_1_92' title='bbox 628 1454 827 1521; x_wconf 61' lang='lat' dir='ltr'><strong>distinguerent</strong></span> <span class='ocrx_word' id='word_1_93' title='bbox 846 1454 961 1508; x_wconf 77' lang='lat' dir='ltr'><strong>effectus</strong></span> <span class='ocrx_word' id='word_1_94' title='bbox 1030 1455 1072 1505; x_wconf 81' lang='lat'><strong>86.</strong></span> <span class='ocrx_word' id='word_1_95' title='bbox 1086 1453 1146 1505; x_wconf 86' lang='lat' dir='ltr'><strong>&#39;iria</strong></span> <span class='ocrx_word' id='word_1_96' title='bbox 1158 1454 1525 1507; x_wconf 87' lang='lat' dir='ltr'><strong>Sacramentacbaracterem</strong></span> <span class='ocrx_word' id='word_1_97' title='bbox 1540 1454 1589 1506; x_wconf 90' lang='lat' dir='ltr'><strong>im-</strong></span> 
     </span>
     <span class='ocr_line' id='line_1_12' title="bbox 370 1538 1591 1608; baseline -0.001 -15"><span class='ocrx_word' id='word_1_98' title='bbox 370 1548 517 1593; x_wconf 89' lang='lat' dir='ltr'><strong>conatuum</strong></span> <span class='ocrx_word' id='word_1_99' title='bbox 530 1543 722 1605; x_wconf 88' lang='lat' dir='ltr'><strong>bumanorum,</strong></span> <span class='ocrx_word' id='word_1_100' title='bbox 731 1542 814 1594; x_wconf 89' lang='lat' dir='ltr'><strong>etiam</strong></span> <span class='ocrx_word' id='word_1_101' title='bbox 824 1554 855 1594; x_wconf 83' lang='lat' dir='ltr'><strong>cx</strong></span> <span class='ocrx_word' id='word_1_102' title='bbox 866 1542 961 1608; x_wconf 79' lang='lat' dir='ltr'><strong>gratiae</strong></span> <span class='ocrx_word' id='word_1_103' title='bbox 997 1538 1132 1604; x_wconf 90' lang='lat' dir='ltr'><strong>primunt,</strong></span> <span class='ocrx_word' id='word_1_104' title='bbox 1152 1552 1207 1605; x_wconf 88' lang='lat' dir='ltr'><strong>quo</strong></span> <span class='ocrx_word' id='word_1_105' title='bbox 1221 1540 1332 1592; x_wconf 90' lang='lat' dir='ltr'><strong>nomine</strong></span> <span class='ocrx_word' id='word_1_106' title='bbox 1342 1540 1503 1606; x_wconf 83' lang='lat' dir='ltr'><strong>intelligitur</strong></span> <span class='ocrx_word' id='word_1_107' title='bbox 1516 1562 1528 1584; x_wconf 74' lang='grc' dir='ltr'><strong>α</strong></span> <span class='ocrx_word' id='word_1_108' title='bbox 1538 1540 1591 1606; x_wconf 87' lang='lat' dir='ltr'><strong>spi·</strong></span> 
     </span>
     <span class='ocr_line' id='line_1_13' title="bbox 370 1624 1587 1691; baseline 0.002 -15"><span class='ocrx_word' id='word_1_109' title='bbox 370 1630 464 1688; x_wconf 91' lang='lat' dir='ltr'><strong>motu,</strong></span> <span class='ocrx_word' id='word_1_110' title='bbox 479 1639 493 1677; x_wconf 93' lang='lat' dir='ltr'><strong>a</strong></span> <span class='ocrx_word' id='word_1_111' title='bbox 508 1624 674 1679; x_wconf 87' lang='lat' dir='ltr'><strong>sacramenti</strong></span> <span class='ocrx_word' id='word_1_112' title='bbox 690 1626 715 1680; x_wconf 91' lang='lat' dir='ltr'><strong>vi</strong></span> <span class='ocrx_word' id='word_1_113' title='bbox 734 1626 899 1691; x_wconf 86' lang='lat' dir='ltr'><strong>intrinseca,</strong></span> <span class='ocrx_word' id='word_1_114' title='bbox 911 1640 961 1680; x_wconf 85' lang='lat' dir='ltr'><strong>eos</strong></span> <span class='ocrx_word' id='word_1_115' title='bbox 997 1625 1095 1677; x_wconf 87' lang='lat' dir='ltr'><strong>rituale</strong></span> <span class='ocrx_word' id='word_1_116' title='bbox 1114 1626 1254 1691; x_wconf 85' lang='lat' dir='ltr'><strong>quoddam</strong></span> <span class='ocrx_word' id='word_1_117' title='bbox 1276 1626 1385 1691; x_wconf 82' lang='lat' dir='ltr'><strong>signum</strong></span> <span class='ocrx_word' id='word_1_118' title='bbox 1400 1627 1530 1679; x_wconf 89' lang='lat' dir='ltr'><strong>acaeteris</strong></span> <span class='ocrx_word' id='word_1_119' title='bbox 1548 1626 1587 1678; x_wconf 93' lang='lat' dir='ltr'><strong>di·</strong></span> 
     </span>
     <span class='ocr_line' id='line_1_14' title="bbox 370 1710 1588 1779; baseline 0.002 -18"><span class='ocrx_word' id='word_1_120' title='bbox 370 1722 405 1762; x_wconf 81' lang='lat' dir='ltr'><strong>ex</strong></span> <span class='ocrx_word' id='word_1_121' title='bbox 416 1722 492 1775; x_wconf 81' lang='lat' dir='ltr'><strong>opere</strong></span> <span class='ocrx_word' id='word_1_122' title='bbox 503 1713 637 1775; x_wconf 78' lang='lat' dir='ltr'><strong>operantis</strong></span> <span class='ocrx_word' id='word_1_123' title='bbox 647 1714 801 1778; x_wconf 89' lang='lat' dir='ltr'><strong>provenire,</strong></span> <span class='ocrx_word' id='word_1_124' title='bbox 811 1714 881 1766; x_wconf 92' lang='lat' dir='ltr'><strong>banc</strong></span> <span class='ocrx_word' id='word_1_125' title='bbox 893 1727 961 1779; x_wconf 85' lang='lat' dir='ltr'><strong>opus</strong></span> <span class='ocrx_word' id='word_1_126' title='bbox 997 1710 1151 1764; x_wconf 78' lang='lat' dir='ltr'><strong>stinctivum</strong></span> <span class='ocrx_word' id='word_1_127' title='bbox 1162 1717 1189 1763; x_wconf 86' lang='lat' dir='ltr'><strong>ct</strong></span> <span class='ocrx_word' id='word_1_128' title='bbox 1199 1710 1355 1764; x_wconf 82' lang='lat' dir='ltr'><strong>indelebile.</strong></span> <span class='ocrx_word' id='word_1_129' title='bbox 1367 1731 1378 1756; x_wconf 76' lang='lat' dir='ltr'><strong>r</strong></span> <span class='ocrx_word' id='word_1_130' title='bbox 1392 1710 1400 1743; x_wconf 86' lang='lat'><strong>¹</strong></span> <span class='ocrx_word' id='word_1_131' title='bbox 1417 1710 1535 1777; x_wconf 80' lang='lat' dir='ltr'><strong>«Siquis</strong></span> <span class='ocrx_word' id='word_1_132' title='bbox 1546 1710 1588 1763; x_wconf 93' lang='lat' dir='ltr'><strong>di·</strong></span> 
     </span>
     <span class='ocr_line' id='line_1_15' title="bbox 370 1795 1587 1865; baseline 0 -18"><span class='ocrx_word' id='word_1_133' title='bbox 370 1800 510 1860; x_wconf 83' lang='lat' dir='ltr'><strong>operatum</strong></span> <span class='ocrx_word' id='word_1_134' title='bbox 528 1810 590 1850; x_wconf 89' lang='lat' dir='ltr'><strong>esse</strong></span> <span class='ocrx_word' id='word_1_135' title='bbox 607 1798 744 1851; x_wconf 88' lang='lat' dir='ltr'><strong>dicebant.</strong></span> <span class='ocrx_word' id='word_1_136' title='bbox 768 1802 805 1851; x_wconf 81' lang='lat' dir='ltr'><strong>lia</strong></span> <span class='ocrx_word' id='word_1_137' title='bbox 828 1798 960 1865; x_wconf 81' lang='lat' dir='ltr'><strong>loquendi</strong></span> <span class='ocrx_word' id='word_1_138' title='bbox 996 1797 1080 1861; x_wconf 85' lang='lat' dir='ltr'><strong>xerit,</strong></span> <span class='ocrx_word' id='word_1_139' title='bbox 1092 1819 1104 1841; x_wconf 84' lang='lat'><strong>»</strong></span> <span class='ocrx_word' id='word_1_140' title='bbox 1120 1795 1247 1861; x_wconf 84' lang='lat' dir='ltr'><strong>inquiunt</strong></span> <span class='ocrx_word' id='word_1_141' title='bbox 1256 1800 1347 1861; x_wconf 88' lang='lat' dir='ltr'><strong>patres</strong></span> <span class='ocrx_word' id='word_1_142' title='bbox 1358 1795 1522 1858; x_wconf 76' lang='lat' dir='ltr'><strong>Tridentini,</strong></span> <span class='ocrx_word' id='word_1_143' title='bbox 1535 1815 1547 1841; x_wconf 72' lang='grc' dir='ltr'>ι</span> <span class='ocrx_word' id='word_1_144' title='bbox 1559 1795 1587 1847; x_wconf 91' lang='lat' dir='ltr'><strong>in</strong></span> 
     </span>
     <span class='ocr_line' id='line_1_16' title="bbox 370 1880 1586 1947; baseline 0.003 -16"><span class='ocrx_word' id='word_1_145' title='bbox 370 1880 440 1934; x_wconf 90' lang='lat' dir='ltr'><strong>ratio</strong></span> <span class='ocrx_word' id='word_1_146' title='bbox 458 1882 599 1947; x_wconf 87' lang='lat' dir='ltr'><strong>aptissima</strong></span> <span class='ocrx_word' id='word_1_147' title='bbox 621 1883 732 1936; x_wconf 81' lang='lat' dir='ltr'><strong>inventa</strong></span> <span class='ocrx_word' id='word_1_148' title='bbox 759 1890 818 1945; x_wconf 86' lang='lat' dir='ltr'><strong>est,</strong></span> <span class='ocrx_word' id='word_1_149' title='bbox 842 1886 960 1937; x_wconf 80' lang='lat' dir='ltr'><strong>luthero</strong></span> <span class='ocrx_word' id='word_1_150' title='bbox 996 1882 1084 1936; x_wconf 85' lang='lat' dir='ltr'><strong>tribus</strong></span> <span class='ocrx_word' id='word_1_151' title='bbox 1098 1882 1282 1935; x_wconf 84' lang='lat' dir='ltr'><strong>sacramentis</strong></span> <span class='ocrx_word' id='word_1_152' title='bbox 1294 1920 1301 1944; x_wconf 95' lang='lat'><strong>,</strong></span> <span class='ocrx_word' id='word_1_153' title='bbox 1312 1882 1453 1947; x_wconf 83' lang='lat' dir='ltr'><strong>baptismo</strong></span> <span class='ocrx_word' id='word_1_154' title='bbox 1465 1880 1586 1936; x_wconf 82' lang='lat' dir='ltr'><strong>scilicet,</strong></span> 
     </span>
    </p>
   </div>
   <div class='ocr_carea' id='block_1_3' title="bbox 262 1960 1610 2042">
    <p class='ocr_par' dir='ltr' id='par_1_3' title="bbox 262 1960 1610 2042">
     <span class='ocr_line' id='line_1_17' title="bbox 262 1960 1610 2042; baseline -0.001 -24"><span class='ocrx_word' id='word_1_155' title='bbox 262 1960 272 1981; x_wconf 77' lang='lat'><em>⁶</em></span> <span class='ocrx_word' id='word_1_156' title='bbox 371 1980 451 2019; x_wconf 87' lang='lat' dir='ltr'><strong>suum</strong></span> <span class='ocrx_word' id='word_1_157' title='bbox 478 1968 606 2032; x_wconf 87' lang='lat' dir='ltr'><strong>placitum</strong></span> <span class='ocrx_word' id='word_1_158' title='bbox 631 1970 666 2021; x_wconf 90' lang='lat' dir='ltr'><strong>dc</strong></span> <span class='ocrx_word' id='word_1_159' title='bbox 690 1968 753 2022; x_wconf 81' lang='lat' dir='ltr'><strong>ndei</strong></span> <span class='ocrx_word' id='word_1_160' title='bbox 768 1968 873 2037; x_wconf 86' lang='lat' dir='ltr'><strong>justitia</strong></span> <span class='ocrx_word' id='word_1_161' title='bbox 897 1984 961 2036; x_wconf 91' lang='lat' dir='ltr'><strong>pro·</strong></span> <span class='ocrx_word' id='word_1_162' title='bbox 997 1965 1610 2042; x_wconf 25' lang='lat' dir='ltr'><strong>confirmatione,et0rdinc,uonimprimi·</strong></span> 
     </span>
    </p>
   </div>
   <div class='ocr_carea' id='block_1_4' title="bbox 370 2052 1588 2373">
    <p class='ocr_par' dir='ltr' id='par_1_4' title="bbox 370 2052 1588 2373">
     <span class='ocr_line' id='line_1_18' title="bbox 371 2052 1586 2122; baseline 0.002 -21"><span class='ocrx_word' id='word_1_163' title='bbox 371 2058 524 2117; x_wconf 78' lang='lat' dir='ltr'><strong>puguante3</strong></span> <span class='ocrx_word' id='word_1_164' title='bbox 549 2053 666 2119; x_wconf 77' lang='lat' dir='ltr'><strong>ideoque</strong></span> <span class='ocrx_word' id='word_1_165' title='bbox 685 2054 887 2122; x_wconf 87' lang='lat' dir='ltr'><strong>sapientissimo</strong></span> <span class='ocrx_word' id='word_1_166' title='bbox 898 2068 961 2109; x_wconf 91' lang='lat' dir='ltr'><strong>con·</strong></span> <span class='ocrx_word' id='word_1_167' title='bbox 997 2055 1181 2105; x_wconf 77' lang='lat' dir='ltr'><strong>characterem</strong></span> <span class='ocrx_word' id='word_1_168' title='bbox 1193 2053 1221 2104; x_wconf 90' lang='lat' dir='ltr'><strong>iu</strong></span> <span class='ocrx_word' id='word_1_169' title='bbox 1233 2052 1334 2115; x_wconf 92' lang='lat' dir='ltr'><strong>anima,</strong></span> <span class='ocrx_word' id='word_1_170' title='bbox 1348 2052 1401 2105; x_wconf 92' lang='lat' dir='ltr'><strong>boc</strong></span> <span class='ocrx_word' id='word_1_171' title='bbox 1413 2056 1466 2113; x_wconf 85' lang='lat' dir='ltr'><strong>est,</strong></span> <span class='ocrx_word' id='word_1_172' title='bbox 1476 2053 1586 2119; x_wconf 78' lang='lat' dir='ltr'><strong>signum</strong></span> 
     </span>
     <span class='ocr_line' id='line_1_19' title="bbox 371 2134 1587 2209; baseline 0.007 -20"><span class='ocrx_word' id='word_1_173' title='bbox 371 2136 432 2189; x_wconf 89' lang='lat' dir='ltr'><strong>silio</strong></span> <span class='ocrx_word' id='word_1_174' title='bbox 444 2152 459 2190; x_wconf 84' lang='lat' dir='ltr'><strong>a</strong></span> <span class='ocrx_word' id='word_1_175' title='bbox 470 2138 593 2205; x_wconf 87' lang='lat' dir='ltr'><strong>patribus</strong></span> <span class='ocrx_word' id='word_1_176' title='bbox 606 2142 774 2195; x_wconf 82' lang='lat' dir='ltr'><strong>Tridentinis</strong></span> <span class='ocrx_word' id='word_1_177' title='bbox 788 2144 892 2197; x_wconf 87' lang='lat' dir='ltr'><strong>sancita</strong></span> <span class='ocrx_word' id='word_1_178' title='bbox 903 2150 959 2209; x_wconf 88' lang='lat' dir='ltr'><strong>est,</strong></span> <span class='ocrx_word' id='word_1_179' title='bbox 997 2138 1136 2203; x_wconf 67' lang='lat' dir='ltr'><strong>quoddam</strong></span> <span class='ocrx_word' id='word_1_180' title='bbox 1154 2134 1295 2203; x_wconf 67' lang='lat' dir='ltr'><strong>spirituale</strong></span> <span class='ocrx_word' id='word_1_181' title='bbox 1304 2142 1331 2191; x_wconf 83' lang='lat' dir='ltr'><strong>el</strong></span> <span class='ocrx_word' id='word_1_182' title='bbox 1342 2137 1500 2200; x_wconf 69' lang='lat' dir='ltr'><strong>indelebile,</strong></span> <span class='ocrx_word' id='word_1_183' title='bbox 1512 2138 1587 2190; x_wconf 79' lang='lat' dir='ltr'><strong>ende</strong></span> 
     </span>
     <span class='ocr_line' id='line_1_20' title="bbox 370 2221 1588 2288; baseline 0.007 -14"><span class='ocrx_word' id='word_1_184' title='bbox 370 2236 405 2275; x_wconf 84' lang='lat' dir='ltr'><strong>ne</strong></span> <span class='ocrx_word' id='word_1_185' title='bbox 420 2222 548 2288; x_wconf 69' lang='lat' dir='ltr'><strong>effugium</strong></span> <span class='ocrx_word' id='word_1_186' title='bbox 570 2226 654 2279; x_wconf 86' lang='lat' dir='ltr'><strong>ultum</strong></span> <span class='ocrx_word' id='word_1_187' title='bbox 676 2229 787 2281; x_wconf 83' lang='lat' dir='ltr'><strong>daretur</strong></span> <span class='ocrx_word' id='word_1_188' title='bbox 809 2229 961 2284; x_wconf 75' lang='lat' dir='ltr'><strong>veterrimis</strong></span> <span class='ocrx_word' id='word_1_189' title='bbox 997 2221 1128 2275; x_wconf 66' lang='lat' dir='ltr'><strong>carcerari</strong></span> <span class='ocrx_word' id='word_1_190' title='bbox 1138 2234 1193 2274; x_wconf 82' lang='lat' dir='ltr'><strong>non</strong></span> <span class='ocrx_word' id='word_1_191' title='bbox 1207 2228 1342 2287; x_wconf 74' lang='lat' dir='ltr'><strong>possunt,</strong></span> <span class='ocrx_word' id='word_1_192' title='bbox 1356 2224 1500 2275; x_wconf 80' lang='lat' dir='ltr'><strong>anatnena</strong></span> <span class='ocrx_word' id='word_1_193' title='bbox 1510 2222 1588 2275; x_wconf 57' lang='lat' dir='ltr'><strong>sun*</strong></span> 
     </span>
     <span class='ocr_line' id='line_1_21' title="bbox 371 2307 1376 2373; baseline 0.012 -14"><span class='ocrx_word' id='word_1_194' title='bbox 371 2310 472 2360; x_wconf 90' lang='lat' dir='ltr'><strong>erroris</strong></span> <span class='ocrx_word' id='word_1_195' title='bbox 483 2311 615 2373; x_wconf 85' lang='lat' dir='ltr'><strong>patronis.</strong></span> <span class='ocrx_word' id='word_1_196' title='bbox 630 2314 678 2363; x_wconf 84' lang='lat' dir='ltr'><strong>ius</strong></span> <span class='ocrx_word' id='word_1_197' title='bbox 693 2318 766 2366; x_wconf 87' lang='lat' dir='ltr'><strong>certe</strong></span> <span class='ocrx_word' id='word_1_198' title='bbox 777 2312 859 2366; x_wconf 88' lang='lat' dir='ltr'><strong>babet</strong></span> <span class='ocrx_word' id='word_1_199' title='bbox 871 2316 960 2369; x_wconf 79' lang='lat' dir='ltr'><strong>Eccle</strong></span> <span class='ocrx_word' id='word_1_200' title='bbox 1215 2307 1376 2371; x_wconf 68' lang='lat' dir='ltr'><strong>Pleeeellle·</strong></span> 
     </span>
    </p>
   </div>
   <div class='ocr_carea' id='block_1_5' title="bbox 370 2392 1675 2462">
    <p class='ocr_par' dir='ltr' id='par_1_5' title="bbox 370 2392 1675 2462">
     <span class='ocr_line' id='line_1_22' title="bbox 370 2392 1675 2462; baseline 0.008 -18"><span class='ocrx_word' id='word_1_201' title='bbox 370 2392 410 2444; x_wconf 92' lang='lat' dir='ltr'><strong>sia</strong></span> <span class='ocrx_word' id='word_1_202' title='bbox 422 2405 504 2445; x_wconf 90' lang='lat' dir='ltr'><strong>voces</strong></span> <span class='ocrx_word' id='word_1_203' title='bbox 520 2394 668 2448; x_wconf 82' lang='lat' dir='ltr'><strong>deliniendi</strong></span> <span class='ocrx_word' id='word_1_204' title='bbox 686 2397 787 2462; x_wconf 83' lang='lat' dir='ltr'><strong>quibus</strong></span> <span class='ocrx_word' id='word_1_205' title='bbox 805 2400 905 2452; x_wconf 90' lang='lat' dir='ltr'><strong>veritas</strong></span> <span class='ocrx_word' id='word_1_206' title='bbox 925 2400 960 2452; x_wconf 90' lang='lat' dir='ltr'><strong>ab</strong></span> <span class='ocrx_word' id='word_1_207' title='bbox 1030 2394 1059 2445; x_wconf 87' lang='lat' dir='ltr'><strong>ln</strong></span> <span class='ocrx_word' id='word_1_208' title='bbox 1073 2394 1160 2446; x_wconf 77' lang='lat' dir='ltr'><strong>tribus</strong></span> <span class='ocrx_word' id='word_1_209' title='bbox 1172 2394 1355 2445; x_wconf 68' lang='lat' dir='ltr'><strong>Sacramenlls</strong></span> <span class='ocrx_word' id='word_1_210' title='bbox 1368 2433 1376 2456; x_wconf 86' lang='lat'>‚</span> <span class='ocrx_word' id='word_1_211' title='bbox 1390 2393 1526 2459; x_wconf 76' lang='lat' dir='ltr'><strong>Beellsme</strong></span> <span class='ocrx_word' id='word_1_212' title='bbox 1538 2394 1591 2447; x_wconf 79' lang='lat' dir='ltr'><strong>sel·</strong></span> <span class='ocrx_word' id='word_1_213' title='bbox 1671 2448 1675 2455; x_wconf 95' lang='lat'><strong>.</strong></span> 
     </span>
    </p>
   </div>
   <div class='ocr_carea' id='block_1_6' title="bbox 370 2477 1590 2802">
    <p class='ocr_par' dir='ltr' id='par_1_6' title="bbox 370 2477 1589 2548">
     <span class='ocr_line' id='line_1_23' title="bbox 370 2477 1589 2548; baseline 0.007 -17"><span class='ocrx_word' id='word_1_214' title='bbox 370 2488 462 2531; x_wconf 80' lang='lat' dir='ltr'><strong>errore</strong></span> <span class='ocrx_word' id='word_1_215' title='bbox 488 2478 679 2543; x_wconf 59' lang='lat' dir='ltr'><strong>discernerem</strong></span> <span class='ocrx_word' id='word_1_216' title='bbox 704 2482 816 2548; x_wconf 79' lang='lat' dir='ltr'><strong>quoda</strong></span> <span class='ocrx_word' id='word_1_217' title='bbox 843 2485 960 2539; x_wconf 80' lang='lat' dir='ltr'><strong>ntcaenis</strong></span> <span class='ocrx_word' id='word_1_218' title='bbox 996 2477 1589 2545; x_wconf 64' lang='lat' dir='ltr'><strong>ticeteonfirmatione,eterdinedmnri·</strong></span> 
     </span>
    </p>

    <p class='ocr_par' dir='ltr' id='par_1_7' title="bbox 370 2562 1399 2637">
     <span class='ocr_line' id='line_1_24' title="bbox 370 2562 1399 2637; baseline 0.012 -23"><span class='ocrx_word' id='word_1_219' title='bbox 370 2562 526 2629; x_wconf 88' lang='lat' dir='ltr'><strong>patribusiu</strong></span> <span class='ocrx_word' id='word_1_220' title='bbox 537 2567 723 2620; x_wconf 78' lang='lat' dir='ltr'><strong>causasriana</strong></span> <span class='ocrx_word' id='word_1_221' title='bbox 733 2568 833 2623; x_wconf 85' lang='lat' dir='ltr'><strong>lactum</strong></span> <span class='ocrx_word' id='word_1_222' title='bbox 845 2572 962 2637; x_wconf 89' lang='lat' dir='ltr'><strong>probant</strong></span> <span class='ocrx_word' id='word_1_223' title='bbox 997 2564 1079 2616; x_wconf 79' lang='lat' dir='ltr'><strong>mller</strong></span> <span class='ocrx_word' id='word_1_224' title='bbox 1094 2565 1236 2617; x_wconf 70' lang='lat' dir='ltr'><strong>eheleelel</strong></span> <span class='ocrx_word' id='word_1_225' title='bbox 1253 2563 1280 2615; x_wconf 79' lang='lat' dir='ltr'><strong>ln</strong></span> <span class='ocrx_word' id='word_1_226' title='bbox 1298 2562 1399 2615; x_wconf 74' lang='lat' dir='ltr'><strong>esslme·</strong></span> 
     </span>
    </p>

    <p class='ocr_par' dir='ltr' id='par_1_8' title="bbox 370 2648 1590 2802">
     <span class='ocr_line' id='line_1_25' title="bbox 370 2648 1590 2715; baseline 0 -15"><span class='ocrx_word' id='word_1_227' title='bbox 370 2648 493 2715; x_wconf 87' lang='lat' dir='ltr'><strong>plerique</strong></span> <span class='ocrx_word' id='word_1_228' title='bbox 503 2652 695 2704; x_wconf 69' lang='lat' dir='ltr'><strong>protestantes.</strong></span> <span class='ocrx_word' id='word_1_229' title='bbox 1030 2652 1072 2701; x_wconf 81' lang='lat' dir='ltr'><strong>st.</strong></span> <span class='ocrx_word' id='word_1_230' title='bbox 1092 2652 1129 2701; x_wconf 83' lang='lat' dir='ltr'><strong>lix</strong></span> <span class='ocrx_word' id='word_1_231' title='bbox 1145 2648 1284 2714; x_wconf 88' lang='lat' dir='ltr'><strong>scriptura</strong></span> <span class='ocrx_word' id='word_1_232' title='bbox 1304 2648 1480 2701; x_wconf 89' lang='lat' dir='ltr'><strong>adducuntur</strong></span> <span class='ocrx_word' id='word_1_233' title='bbox 1492 2660 1507 2700; x_wconf 92' lang='lat' dir='ltr'><strong>a</strong></span> <span class='ocrx_word' id='word_1_234' title='bbox 1519 2661 1590 2701; x_wconf 89' lang='lat' dir='ltr'><strong>non·</strong></span> 
     </span>
     <span class='ocr_line' id='line_1_26' title="bbox 551 2733 1590 2802; baseline -0.002 -12"><span class='ocrx_word' id='word_1_235' title='bbox 551 2737 772 2793; x_wconf 81' lang='lat' dir='ltr'><strong>Animadverrlo.</strong></span> <span class='ocrx_word' id='word_1_236' title='bbox 997 2735 1079 2790; x_wconf 89' lang='lat' dir='ltr'><strong>nullis</strong></span> <span class='ocrx_word' id='word_1_237' title='bbox 1097 2734 1253 2789; x_wconf 86' lang='lat' dir='ltr'><strong>testimonia</strong></span> <span class='ocrx_word' id='word_1_238' title='bbox 1266 2735 1424 2802; x_wconf 83' lang='lat' dir='ltr'><strong>sequentia,</strong></span> <span class='ocrx_word' id='word_1_239' title='bbox 1438 2733 1538 2801; x_wconf 82' lang='lat' dir='ltr'><strong>qulbus</strong></span> <span class='ocrx_word' id='word_1_240' title='bbox 1550 2739 1590 2788; x_wconf 94' lang='lat' dir='ltr'><strong>ta-</strong></span> 
     </span>
    </p>
   </div>
   <div class='ocr_carea' id='block_1_7' title="bbox 370 2819 1592 3145">
    <p class='ocr_par' dir='ltr' id='par_1_9' title="bbox 370 2819 1592 3145">
     <span class='ocr_line' id='line_1_27' title="bbox 403 2819 1590 2892; baseline 0.015 -18"><span class='ocrx_word' id='word_1_241' title='bbox 403 2823 444 2874; x_wconf 82' lang='lat' dir='ltr'><strong>st.</strong></span> <span class='ocrx_word' id='word_1_242' title='bbox 463 2823 536 2876; x_wconf 90' lang='lat' dir='ltr'><strong>inter</strong></span> <span class='ocrx_word' id='word_1_243' title='bbox 554 2825 697 2892; x_wconf 79' lang='lat' dir='ltr'><strong>theologos</strong></span> <span class='ocrx_word' id='word_1_244' title='bbox 719 2828 851 2892; x_wconf 82' lang='lat' dir='ltr'><strong>qnaerltur</strong></span> <span class='ocrx_word' id='word_1_245' title='bbox 868 2833 960 2880; x_wconf 91' lang='lat' dir='ltr'><strong>utrum</strong></span> <span class='ocrx_word' id='word_1_246' title='bbox 997 2835 1128 2875; x_wconf 89' lang='lat' dir='ltr'><strong>mennon</strong></span> <span class='ocrx_word' id='word_1_247' title='bbox 1143 2819 1295 2885; x_wconf 77' lang='lat' dir='ltr'><strong>innitimur,</strong></span> <span class='ocrx_word' id='word_1_248' title='bbox 1315 2835 1401 2888; x_wconf 88' lang='lat' dir='ltr'><strong>quum</strong></span> <span class='ocrx_word' id='word_1_249' title='bbox 1414 2821 1534 2874; x_wconf 71' lang='lat' dir='ltr'><strong>⁸0l³¹¹¹l¹⁸</strong></span> <span class='ocrx_word' id='word_1_250' title='bbox 1556 2834 1590 2874; x_wconf 66' lang='lat'><strong>⁰²</strong></span> 
     </span>
     <span class='ocr_line' id='line_1_28' title="bbox 371 2905 1590 2978; baseline -0.002 -20"><span class='ocrx_word' id='word_1_251' title='bbox 371 2909 959 2978; x_wconf 80' lang='lat' dir='ltr'><strong>sacramentaptysicecontineantgratlam,</strong></span> <span class='ocrx_word' id='word_1_252' title='bbox 996 2920 1080 2974; x_wconf 88' lang='lat' dir='ltr'><strong>posse</strong></span> <span class='ocrx_word' id='word_1_253' title='bbox 1103 2906 1218 2974; x_wconf 84' lang='lat' dir='ltr'><strong>intelllgi</strong></span> <span class='ocrx_word' id='word_1_254' title='bbox 1239 2907 1274 2960; x_wconf 86' lang='lat' dir='ltr'><strong>dc</strong></span> <span class='ocrx_word' id='word_1_255' title='bbox 1300 2905 1415 2972; x_wconf 89' lang='lat' dir='ltr'><strong>spiritali</strong></span> <span class='ocrx_word' id='word_1_256' title='bbox 1432 2905 1527 2973; x_wconf 76' lang='lat' dir='ltr'><strong>gratiae</strong></span> <span class='ocrx_word' id='word_1_257' title='bbox 1538 2919 1590 2958; x_wconf 90' lang='lat' dir='ltr'><strong>un·</strong></span> 
     </span>
     <span class='ocr_line' id='line_1_29' title="bbox 370 2990 1592 3059; baseline 0.001 -17"><span class='ocrx_word' id='word_1_258' title='bbox 370 2990 452 3057; x_wconf 25' lang='lat' dir='ltr'><strong>quod,</strong></span> <span class='ocrx_word' id='word_1_259' title='bbox 466 2993 554 3056; x_wconf 89' lang='lat' dir='ltr'><strong>placet</strong></span> <span class='ocrx_word' id='word_1_260' title='bbox 578 2995 741 3058; x_wconf 73' lang='lat' dir='ltr'><strong>immistis,</strong></span> <span class='ocrx_word' id='word_1_261' title='bbox 760 2997 803 3050; x_wconf 86' lang='lat' dir='ltr'><strong>vel</strong></span> <span class='ocrx_word' id='word_1_262' title='bbox 821 3000 962 3052; x_wconf 85' lang='lat' dir='ltr'><strong>moraliter</strong></span> <span class='ocrx_word' id='word_1_263' title='bbox 997 2993 1212 3056; x_wconf 90' lang='lat' dir='ltr'><strong>ctioneetnota,</strong></span> <span class='ocrx_word' id='word_1_264' title='bbox 1233 2993 1299 3059; x_wconf 81' lang='lat' dir='ltr'><strong>quin</strong></span> <span class='ocrx_word' id='word_1_265' title='bbox 1312 2993 1346 3045; x_wconf 90' lang='lat' dir='ltr'><strong>ad</strong></span> <span class='ocrx_word' id='word_1_266' title='bbox 1357 2994 1540 3046; x_wconf 88' lang='lat' dir='ltr'><strong>characterem</strong></span> <span class='ocrx_word' id='word_1_267' title='bbox 1548 3004 1592 3043; x_wconf 87' lang='lat' dir='ltr'><strong>re·</strong></span> 
     </span>
     <span class='ocr_line' id='line_1_30' title="bbox 371 3078 1590 3145; baseline 0.003 -18"><span class='ocrx_word' id='word_1_268' title='bbox 371 3080 494 3140; x_wconf 91' lang='lat' dir='ltr'><strong>tantum,</strong></span> <span class='ocrx_word' id='word_1_269' title='bbox 513 3083 594 3142; x_wconf 89' lang='lat' dir='ltr'><strong>prout</strong></span> <span class='ocrx_word' id='word_1_270' title='bbox 615 3079 659 3131; x_wconf 90' lang='lat' dir='ltr'><strong>alli</strong></span> <span class='ocrx_word' id='word_1_271' title='bbox 684 3081 839 3145; x_wconf 87' lang='lat' dir='ltr'><strong>opinantur.</strong></span> <span class='ocrx_word' id='word_1_272' title='bbox 857 3084 959 3137; x_wconf 88' lang='lat' dir='ltr'><strong>llorum</strong></span> <span class='ocrx_word' id='word_1_273' title='bbox 997 3078 1128 3132; x_wconf 76' lang='lat' dir='ltr'><strong>serantur.</strong></span> <span class='ocrx_word' id='word_1_274' title='bbox 1145 3079 1217 3144; x_wconf 75' lang='lat' dir='ltr'><strong>«out</strong></span> <span class='ocrx_word' id='word_1_275' title='bbox 1230 3080 1305 3132; x_wconf 84' lang='lat' dir='ltr'><strong>nuxit</strong></span> <span class='ocrx_word' id='word_1_276' title='bbox 1323 3093 1376 3133; x_wconf 89' lang='lat' dir='ltr'><strong>nos</strong></span> <span class='ocrx_word' id='word_1_277' title='bbox 1388 3081 1459 3132; x_wconf 80' lang='lat' dir='ltr'><strong>Deus</strong></span> <span class='ocrx_word' id='word_1_278' title='bbox 1478 3079 1548 3145; x_wconf 83' lang='lat' dir='ltr'><strong>:qui</strong></span> <span class='ocrx_word' id='word_1_279' title='bbox 1561 3083 1590 3131; x_wconf 87' lang='lat' dir='ltr'><strong>et</strong></span> 
     </span>
    </p>
   </div>
   <div class='ocr_carea' id='block_1_8' title="bbox 371 3162 1595 4426">
    <p class='ocr_par' dir='ltr' id='par_1_10' title="bbox 371 3162 1595 3574">
     <span class='ocr_line' id='line_1_31' title="bbox 371 3162 1595 3233; baseline 0.002 -19"><span class='ocrx_word' id='word_1_280' title='bbox 371 3162 452 3215; x_wconf 93' lang='lat' dir='ltr'><strong>nobis</strong></span> <span class='ocrx_word' id='word_1_281' title='bbox 462 3163 595 3228; x_wconf 89' lang='lat' dir='ltr'><strong>probatur</strong></span> <span class='ocrx_word' id='word_1_282' title='bbox 608 3164 852 3232; x_wconf 85' lang='lat' dir='ltr'><strong>sententia,quum</strong></span> <span class='ocrx_word' id='word_1_283' title='bbox 862 3168 902 3221; x_wconf 85' lang='lat' dir='ltr'><strong>vis</strong></span> <span class='ocrx_word' id='word_1_284' title='bbox 915 3171 962 3222; x_wconf 87' lang='lat' dir='ltr'><strong>Sa·</strong></span> <span class='ocrx_word' id='word_1_285' title='bbox 997 3165 1115 3233; x_wconf 83' lang='lat' dir='ltr'><strong>signavit</strong></span> <span class='ocrx_word' id='word_1_286' title='bbox 1131 3179 1199 3229; x_wconf 89' lang='lat' dir='ltr'><strong>nos,</strong></span> <span class='ocrx_word' id='word_1_287' title='bbox 1218 3172 1245 3218; x_wconf 91' lang='lat' dir='ltr'><strong>et</strong></span> <span class='ocrx_word' id='word_1_288' title='bbox 1263 3166 1338 3217; x_wconf 88' lang='lat' dir='ltr'><strong>dedit</strong></span> <span class='ocrx_word' id='word_1_289' title='bbox 1351 3165 1453 3232; x_wconf 78' lang='lat' dir='ltr'><strong>pignus</strong></span> <span class='ocrx_word' id='word_1_290' title='bbox 1473 3163 1595 3230; x_wconf 85' lang='lat' dir='ltr'><strong>Spiritus</strong></span> 
     </span>
     <span class='ocr_line' id='line_1_32' title="bbox 371 3249 1593 3317; baseline 0.001 -17"><span class='ocrx_word' id='word_1_291' title='bbox 371 3251 572 3301; x_wconf 77' lang='lat' dir='ltr'><strong>crementorum</strong></span> <span class='ocrx_word' id='word_1_292' title='bbox 593 3249 659 3302; x_wconf 90' lang='lat' dir='ltr'><strong>satis</strong></span> <span class='ocrx_word' id='word_1_293' title='bbox 674 3249 841 3316; x_wconf 84' lang='lat' dir='ltr'><strong>vindicetur,</strong></span> <span class='ocrx_word' id='word_1_294' title='bbox 860 3252 960 3307; x_wconf 84' lang='lat' dir='ltr'><strong>ellectu</strong></span> <span class='ocrx_word' id='word_1_295' title='bbox 1000 3251 1027 3303; x_wconf 93' lang='lat' dir='ltr'><strong>ln</strong></span> <span class='ocrx_word' id='word_1_296' title='bbox 1039 3251 1169 3304; x_wconf 85' lang='lat' dir='ltr'><strong>cordibus</strong></span> <span class='ocrx_word' id='word_1_297' title='bbox 1182 3250 1339 3304; x_wconf 80' lang='lat' dir='ltr'><strong>nostris.»⁸</strong></span> <span class='ocrx_word' id='word_1_298' title='bbox 1355 3253 1407 3302; x_wconf 70' lang='lat' dir='ltr'><strong>«ln</strong></span> <span class='ocrx_word' id='word_1_299' title='bbox 1421 3263 1476 3317; x_wconf 86' lang='lat' dir='ltr'><strong>quo</strong></span> <span class='ocrx_word' id='word_1_300' title='bbox 1492 3254 1519 3302; x_wconf 87' lang='lat' dir='ltr'><strong>et</strong></span> <span class='ocrx_word' id='word_1_301' title='bbox 1532 3263 1593 3304; x_wconf 89' lang='lat' dir='ltr'><strong>cre·</strong></span> 
     </span>
     <span class='ocr_line' id='line_1_33' title="bbox 371 3335 1594 3403; baseline 0.002 -17"><span class='ocrx_word' id='word_1_302' title='bbox 371 3346 402 3386; x_wconf 88' lang='lat' dir='ltr'><strong>ea</strong></span> <span class='ocrx_word' id='word_1_303' title='bbox 424 3339 499 3388; x_wconf 88' lang='lat' dir='ltr'><strong>certo</strong></span> <span class='ocrx_word' id='word_1_304' title='bbox 513 3339 708 3402; x_wconf 86' lang='lat' dir='ltr'><strong>consequente</strong></span> <span class='ocrx_word' id='word_1_305' title='bbox 728 3351 760 3389; x_wconf 81' lang='lat' dir='ltr'><strong>ex</strong></span> <span class='ocrx_word' id='word_1_306' title='bbox 781 3337 873 3392; x_wconf 89' lang='lat' dir='ltr'><strong>divino</strong></span> <span class='ocrx_word' id='word_1_307' title='bbox 886 3339 962 3392; x_wconf 90' lang='lat' dir='ltr'><strong>insti·</strong></span> <span class='ocrx_word' id='word_1_308' title='bbox 998 3336 1095 3389; x_wconf 89' lang='lat' dir='ltr'><strong>dentes</strong></span> <span class='ocrx_word' id='word_1_309' title='bbox 1117 3335 1217 3403; x_wconf 80' lang='lat' dir='ltr'><strong>signati</strong></span> <span class='ocrx_word' id='word_1_310' title='bbox 1240 3338 1307 3390; x_wconf 88' lang='lat' dir='ltr'><strong>estis</strong></span> <span class='ocrx_word' id='word_1_311' title='bbox 1317 3335 1418 3402; x_wconf 86' lang='lat' dir='ltr'><strong>Spiritu</strong></span> <span class='ocrx_word' id='word_1_312' title='bbox 1432 3336 1594 3402; x_wconf 81' lang='lat' dir='ltr'><strong>promissio·</strong></span> 
     </span>
     <span class='ocr_line' id='line_1_34' title="bbox 373 3420 1590 3489; baseline 0 -17"><span class='ocrx_word' id='word_1_313' title='bbox 373 3425 448 3484; x_wconf 89' lang='lat' dir='ltr'><strong>tuto,</strong></span> <span class='ocrx_word' id='word_1_314' title='bbox 466 3421 532 3487; x_wconf 87' lang='lat' dir='ltr'><strong>quin</strong></span> <span class='ocrx_word' id='word_1_315' title='bbox 547 3420 574 3474; x_wconf 93' lang='lat' dir='ltr'><strong>in</strong></span> <span class='ocrx_word' id='word_1_316' title='bbox 586 3423 620 3474; x_wconf 92' lang='lat' dir='ltr'><strong>iis</strong></span> <span class='ocrx_word' id='word_1_317' title='bbox 630 3421 741 3489; x_wconf 80' lang='lat' dir='ltr'><strong>physice</strong></span> <span class='ocrx_word' id='word_1_318' title='bbox 752 3423 826 3476; x_wconf 89' lang='lat' dir='ltr'><strong>insit.</strong></span> <span class='ocrx_word' id='word_1_319' title='bbox 998 3421 1042 3474; x_wconf 89' lang='lat' dir='ltr'><strong>nis</strong></span> <span class='ocrx_word' id='word_1_320' title='bbox 1060 3428 1185 3475; x_wconf 79' lang='lat' dir='ltr'><strong>sancto.»</strong></span> <span class='ocrx_word' id='word_1_321' title='bbox 1200 3421 1235 3468; x_wconf 64' lang='grc' dir='ltr'><strong>*α</strong></span> <span class='ocrx_word' id='word_1_322' title='bbox 1245 3422 1332 3475; x_wconf 85' lang='lat' dir='ltr'><strong>Nolite</strong></span> <span class='ocrx_word' id='word_1_323' title='bbox 1349 3421 1511 3474; x_wconf 84' lang='lat' dir='ltr'><strong>contristare</strong></span> <span class='ocrx_word' id='word_1_324' title='bbox 1528 3420 1590 3486; x_wconf 87' lang='lat' dir='ltr'><strong>Spi-</strong></span> 
     </span>
     <span class='ocr_line' id='line_1_35' title="bbox 998 3505 1592 3574; baseline 0.002 -15"><span class='ocrx_word' id='word_1_325' title='bbox 998 3507 1080 3560; x_wconf 90' lang='lat' dir='ltr'><strong>ritum</strong></span> <span class='ocrx_word' id='word_1_326' title='bbox 1099 3513 1223 3561; x_wconf 85' lang='lat' dir='ltr'><strong>sanctum</strong></span> <span class='ocrx_word' id='word_1_327' title='bbox 1235 3505 1280 3560; x_wconf 81' lang='lat' dir='ltr'><strong>liei</strong></span> <span class='ocrx_word' id='word_1_328' title='bbox 1292 3529 1299 3558; x_wconf 72' lang='grc' dir='ltr'>ι</span> <span class='ocrx_word' id='word_1_329' title='bbox 1310 3507 1338 3559; x_wconf 92' lang='lat' dir='ltr'><strong>in</strong></span> <span class='ocrx_word' id='word_1_330' title='bbox 1350 3520 1405 3573; x_wconf 85' lang='lat' dir='ltr'><strong>quo</strong></span> <span class='ocrx_word' id='word_1_331' title='bbox 1413 3507 1512 3574; x_wconf 82' lang='lat' dir='ltr'><strong>signati</strong></span> <span class='ocrx_word' id='word_1_332' title='bbox 1521 3505 1592 3560; x_wconf 88' lang='lat' dir='ltr'><strong>estis</strong></span> 
     </span>
    </p>

    <p class='ocr_par' dir='ltr' id='par_1_11' title="bbox 373 3590 1594 4426">
     <span class='ocr_line' id='line_1_36' title="bbox 587 3590 1376 3658; baseline 0.005 -17"><span class='ocrx_word' id='word_1_333' title='bbox 587 3591 692 3642; x_wconf 78' lang='lat' dir='ltr'>CAPUT</span> <span class='ocrx_word' id='word_1_334' title='bbox 712 3593 752 3643; x_wconf 84' lang='lat' dir='ltr'><strong>lv.</strong></span> <span class='ocrx_word' id='word_1_335' title='bbox 999 3593 1026 3645; x_wconf 90' lang='lat' dir='ltr'><strong>in</strong></span> <span class='ocrx_word' id='word_1_336' title='bbox 1041 3592 1113 3645; x_wconf 92' lang='lat' dir='ltr'><strong>diem</strong></span> <span class='ocrx_word' id='word_1_337' title='bbox 1126 3592 1352 3658; x_wconf 78' lang='lat' dir='ltr'><strong>redemptionis.»</strong></span> <span class='ocrx_word' id='word_1_338' title='bbox 1365 3590 1376 3625; x_wconf 80' lang='lat'>⁸</span> 
     </span>
     <span class='ocr_line' id='line_1_37' title="bbox 1032 3676 1592 3744; baseline -0.004 -14"><span class='ocrx_word' id='word_1_339' title='bbox 1032 3679 1073 3730; x_wconf 83' lang='lat'><strong>88.</strong></span> <span class='ocrx_word' id='word_1_340' title='bbox 1085 3677 1223 3731; x_wconf 80' lang='lat' dir='ltr'><strong>Probatur</strong></span> <span class='ocrx_word' id='word_1_341' title='bbox 1233 3692 1268 3736; x_wconf 81' lang='lat' dir='ltr'><strong>erc</strong></span> <span class='ocrx_word' id='word_1_342' title='bbox 1277 3676 1418 3731; x_wconf 69' lang='lat' dir='ltr'><strong>Patribus.</strong></span> <span class='ocrx_word' id='word_1_343' title='bbox 1434 3679 1460 3728; x_wconf 85' lang='lat' dir='ltr'><strong>S.</strong></span> <span class='ocrx_word' id='word_1_344' title='bbox 1478 3676 1592 3744; x_wconf 78' lang='lat' dir='ltr'><strong>cypria·</strong></span> 
     </span>
     <span class='ocr_line' id='line_1_38' title="bbox 449 3762 1590 3830; baseline 0.006 -24"><span class='ocrx_word' id='word_1_345' title='bbox 449 3767 479 3807; x_wconf 85' lang='lat' dir='ltr'><strong>nn</strong></span> <span class='ocrx_word' id='word_1_346' title='bbox 496 3769 642 3810; x_wconf 75' lang='lat' dir='ltr'><strong>anserinus</strong></span> <span class='ocrx_word' id='word_1_347' title='bbox 664 3773 890 3814; x_wconf 80' lang='lat' dir='ltr'><strong>sncnnurnronuu.</strong></span> <span class='ocrx_word' id='word_1_348' title='bbox 999 3775 1072 3814; x_wconf 88' lang='lat' dir='ltr'><strong>nus:</strong></span> <span class='ocrx_word' id='word_1_349' title='bbox 1091 3783 1103 3806; x_wconf 83' lang='lat'><strong>«</strong></span> <span class='ocrx_word' id='word_1_350' title='bbox 1115 3762 1220 3816; x_wconf 82' lang='lat' dir='ltr'><strong>Recens</strong></span> <span class='ocrx_word' id='word_1_351' title='bbox 1230 3762 1380 3829; x_wconf 86' lang='lat' dir='ltr'><strong>baptizatos</strong></span> <span class='ocrx_word' id='word_1_352' title='bbox 1393 3763 1484 3830; x_wconf 83' lang='lat' dir='ltr'><strong>sigillo</strong></span> <span class='ocrx_word' id='word_1_353' title='bbox 1498 3762 1590 3814; x_wconf 80' lang='lat' dir='ltr'><strong>bomi-</strong></span> 
     </span>
     <span class='ocr_line' id='line_1_39' title="bbox 1000 3847 1589 3913; baseline 0 -14"><span class='ocrx_word' id='word_1_354' title='bbox 1000 3847 1027 3899; x_wconf 88' lang='lat' dir='ltr'><strong>ni</strong></span> <span class='ocrx_word' id='word_1_355' title='bbox 1040 3847 1248 3900; x_wconf 83' lang='lat' dir='ltr'><strong>consummabo.</strong></span> <span class='ocrx_word' id='word_1_356' title='bbox 1259 3847 1289 3893; x_wconf 63' lang='grc' dir='ltr'><strong>»θ</strong></span> <span class='ocrx_word' id='word_1_357' title='bbox 1300 3849 1325 3899; x_wconf 88' lang='lat' dir='ltr'><strong>S.</strong></span> <span class='ocrx_word' id='word_1_358' title='bbox 1338 3849 1455 3913; x_wconf 78' lang='lat' dir='ltr'><strong>cyrillus</strong></span> <span class='ocrx_word' id='word_1_359' title='bbox 1463 3849 1589 3900; x_wconf 89' lang='lat' dir='ltr'><strong>llieroso-</strong></span> 
     </span>
     <span class='ocr_line' id='line_1_40' title="bbox 999 3932 1592 4000; baseline 0 -16"><span class='ocrx_word' id='word_1_360' title='bbox 999 3932 1146 4000; x_wconf 87' lang='lat' dir='ltr'><strong>lymitanus</strong></span> <span class='ocrx_word' id='word_1_361' title='bbox 1162 3948 1168 3984; x_wconf 91' lang='lat'>:</span> <span class='ocrx_word' id='word_1_362' title='bbox 1182 3954 1194 3978; x_wconf 74' lang='grc' dir='ltr'><strong>α</strong></span> <span class='ocrx_word' id='word_1_363' title='bbox 1209 3934 1324 3998; x_wconf 88' lang='lat' dir='ltr'><strong>Spiritus</strong></span> <span class='ocrx_word' id='word_1_364' title='bbox 1342 3939 1454 3986; x_wconf 88' lang='lat' dir='ltr'><strong>sanctus</strong></span> <span class='ocrx_word' id='word_1_365' title='bbox 1465 3937 1592 3998; x_wconf 81' lang='lat' dir='ltr'><strong>tempore</strong></span> 
     </span>
     <span class='ocr_line' id='line_1_41' title="bbox 405 4008 1591 4086; baseline 0.01 -25"><span class='ocrx_word' id='word_1_366' title='bbox 405 4011 446 4061; x_wconf 69' lang='lat'><strong>85.</strong></span> <span class='ocrx_word' id='word_1_367' title='bbox 460 4008 825 4067; x_wconf 80' lang='lat' dir='ltr'><strong>Effectussacramcutorum</strong></span> <span class='ocrx_word' id='word_1_368' title='bbox 839 4015 962 4068; x_wconf 90' lang='lat' dir='ltr'><strong>omnium</strong></span> <span class='ocrx_word' id='word_1_369' title='bbox 998 4017 1128 4084; x_wconf 83' lang='lat' dir='ltr'><strong>baptismi</strong></span> <span class='ocrx_word' id='word_1_370' title='bbox 1165 4016 1283 4071; x_wconf 86' lang='lat' dir='ltr'><strong>animam</strong></span> <span class='ocrx_word' id='word_1_371' title='bbox 1306 4025 1379 4072; x_wconf 90' lang='lat' dir='ltr'><strong>tuam</strong></span> <span class='ocrx_word' id='word_1_372' title='bbox 1401 4018 1537 4086; x_wconf 79' lang='lat' dir='ltr'><strong>obsignat.</strong></span> <span class='ocrx_word' id='word_1_373' title='bbox 1552 4017 1591 4063; x_wconf 68' lang='grc' dir='ltr'><strong>ι’</strong></span> 
     </span>
     <span class='ocr_line' id='line_1_42' title="bbox 373 4095 1586 4171; baseline 0.01 -27"><span class='ocrx_word' id='word_1_374' title='bbox 373 4099 415 4145; x_wconf 88' lang='lat' dir='ltr'><strong>est</strong></span> <span class='ocrx_word' id='word_1_375' title='bbox 425 4095 517 4160; x_wconf 82' lang='lat' dir='ltr'><strong>gratiae</strong></span> <span class='ocrx_word' id='word_1_376' title='bbox 527 4095 722 4152; x_wconf 82' lang='lat' dir='ltr'><strong>sanctificantis</strong></span> <span class='ocrx_word' id='word_1_377' title='bbox 735 4100 962 4166; x_wconf 89' lang='lat' dir='ltr'><strong>communicatio,</strong></span> <span class='ocrx_word' id='word_1_378' title='bbox 999 4104 1080 4155; x_wconf 90' lang='lat' dir='ltr'><strong>Vocat</strong></span> <span class='ocrx_word' id='word_1_379' title='bbox 1103 4102 1269 4169; x_wconf 81' lang='lat' dir='ltr'><strong>baptismum</strong></span> <span class='ocrx_word' id='word_1_380' title='bbox 1288 4125 1302 4149; x_wconf 69' lang='grc' dir='ltr'><strong>α</strong></span> <span class='ocrx_word' id='word_1_381' title='bbox 1321 4104 1496 4171; x_wconf 77' lang='lat' dir='ltr'><strong>Signacnlum</strong></span> <span class='ocrx_word' id='word_1_382' title='bbox 1522 4117 1586 4156; x_wconf 91' lang='lat' dir='ltr'><strong>sau-</strong></span> 
     </span>
     <span class='ocr_line' id='line_1_43' title="bbox 373 4179 1583 4254; baseline 0.009 -24"><span class='ocrx_word' id='word_1_383' title='bbox 373 4191 435 4245; x_wconf 85' lang='lat' dir='ltr'><strong>quae</strong></span> <span class='ocrx_word' id='word_1_384' title='bbox 451 4179 479 4230; x_wconf 92' lang='lat' dir='ltr'><strong>in</strong></span> <span class='ocrx_word' id='word_1_385' title='bbox 501 4181 638 4247; x_wconf 79' lang='lat' dir='ltr'><strong>baptismo</strong></span> <span class='ocrx_word' id='word_1_386' title='bbox 661 4190 688 4237; x_wconf 91' lang='lat' dir='ltr'><strong>et</strong></span> <span class='ocrx_word' id='word_1_387' title='bbox 706 4186 882 4252; x_wconf 85' lang='lat' dir='ltr'><strong>Paenitentia,</strong></span> <span class='ocrx_word' id='word_1_388' title='bbox 901 4200 964 4254; x_wconf 86' lang='lat' dir='ltr'><strong>quae</strong></span> <span class='ocrx_word' id='word_1_389' title='bbox 998 4192 1071 4241; x_wconf 91' lang='lat' dir='ltr'><strong>ctum</strong></span> <span class='ocrx_word' id='word_1_390' title='bbox 1096 4193 1124 4240; x_wconf 92' lang='lat' dir='ltr'><strong>et</strong></span> <span class='ocrx_word' id='word_1_391' title='bbox 1146 4186 1301 4241; x_wconf 87' lang='lat' dir='ltr'><strong>indelebile.</strong></span> <span class='ocrx_word' id='word_1_392' title='bbox 1316 4188 1348 4235; x_wconf 62' lang='grc' dir='ltr'><strong>»θ</strong></span> <span class='ocrx_word' id='word_1_393' title='bbox 1361 4191 1389 4242; x_wconf 84' lang='lat' dir='ltr'><strong>S.</strong></span> <span class='ocrx_word' id='word_1_394' title='bbox 1407 4189 1583 4243; x_wconf 73' lang='lat' dir='ltr'><strong>Ambrosius:</strong></span> 
     </span>
     <span class='ocr_line' id='line_1_44' title="bbox 373 4269 1589 4341; baseline 0.008 -23"><span class='ocrx_word' id='word_1_395' title='bbox 373 4269 543 4318; x_wconf 86' lang='lat' dir='ltr'><strong>mortuorum</strong></span> <span class='ocrx_word' id='word_1_396' title='bbox 554 4269 727 4323; x_wconf 82' lang='lat' dir='ltr'><strong>Sacramenta</strong></span> <span class='ocrx_word' id='word_1_397' title='bbox 751 4271 888 4338; x_wconf 87' lang='lat' dir='ltr'><strong>dicuntur,</strong></span> <span class='ocrx_word' id='word_1_398' title='bbox 906 4275 964 4326; x_wconf 89' lang='lat' dir='ltr'><strong>ani·</strong></span> <span class='ocrx_word' id='word_1_399' title='bbox 1000 4291 1013 4318; x_wconf 72' lang='lat' dir='ltr'><strong>n</strong></span> <span class='ocrx_word' id='word_1_400' title='bbox 1025 4272 1080 4324; x_wconf 84' lang='lat' dir='ltr'><strong>litsi</strong></span> <span class='ocrx_word' id='word_1_401' title='bbox 1093 4273 1185 4338; x_wconf 90' lang='lat' dir='ltr'><strong>specie</strong></span> <span class='ocrx_word' id='word_1_402' title='bbox 1202 4273 1344 4340; x_wconf 61' lang='lat' dir='ltr'><strong>simremur</strong></span> <span class='ocrx_word' id='word_1_403' title='bbox 1356 4275 1383 4327; x_wconf 91' lang='lat' dir='ltr'><strong>in</strong></span> <span class='ocrx_word' id='word_1_404' title='bbox 1396 4288 1512 4341; x_wconf 89' lang='lat' dir='ltr'><strong>corpore</strong></span> <span class='ocrx_word' id='word_1_405' title='bbox 1522 4314 1530 4339; x_wconf 88' lang='lat'><strong>,</strong></span> <span class='ocrx_word' id='word_1_406' title='bbox 1540 4287 1589 4328; x_wconf 82' lang='lat' dir='ltr'><strong>ve·</strong></span> 
     </span>
     <span class='ocr_line' id='line_1_45' title="bbox 374 4353 1594 4426; baseline 0.011 -25"><span class='ocrx_word' id='word_1_407' title='bbox 374 4363 446 4402; x_wconf 84' lang='lat' dir='ltr'><strong>marn</strong></span> <span class='ocrx_word' id='word_1_408' title='bbox 458 4353 576 4416; x_wconf 87' lang='lat' dir='ltr'><strong>peccatis</strong></span> <span class='ocrx_word' id='word_1_409' title='bbox 587 4361 720 4407; x_wconf 89' lang='lat' dir='ltr'><strong>mortuam</strong></span> <span class='ocrx_word' id='word_1_410' title='bbox 747 4356 779 4408; x_wconf 85' lang='lat' dir='ltr'><strong>ad</strong></span> <span class='ocrx_word' id='word_1_411' title='bbox 800 4357 964 4411; x_wconf 89' lang='lat' dir='ltr'><strong>vitamrevo·</strong></span> <span class='ocrx_word' id='word_1_412' title='bbox 1000 4358 1080 4411; x_wconf 88' lang='lat' dir='ltr'><strong>ritate</strong></span> <span class='ocrx_word' id='word_1_413' title='bbox 1110 4364 1199 4412; x_wconf 87' lang='lat' dir='ltr'><strong>tamen</strong></span> <span class='ocrx_word' id='word_1_414' title='bbox 1225 4360 1367 4426; x_wconf 79' lang='lat' dir='ltr'><strong>signamur</strong></span> <span class='ocrx_word' id='word_1_415' title='bbox 1387 4361 1414 4413; x_wconf 90' lang='lat' dir='ltr'><strong>in</strong></span> <span class='ocrx_word' id='word_1_416' title='bbox 1442 4361 1533 4415; x_wconf 84' lang='lat' dir='ltr'><strong>conlo.</strong></span> <span class='ocrx_word' id='word_1_417' title='bbox 1552 4359 1594 4406; x_wconf 64' lang='lat' dir='ltr'><strong>a*</strong></span> 
     </span>
    </p>
   </div>
   <div class='ocr_carea' id='block_1_9' title="bbox 430 3882 904 3951">
    <p class='ocr_par' dir='ltr' id='par_1_12' title="bbox 430 3882 904 3951">
     <span class='ocr_line' id='line_1_46' title="bbox 430 3882 904 3951; baseline 0.021 -19"><span class='ocrx_word' id='word_1_418' title='bbox 430 3882 470 3944; x_wconf 71' lang='lat'><strong>51.</strong></span> <span class='ocrx_word' id='word_1_419' title='bbox 485 3883 610 3936; x_wconf 86' lang='lat' dir='ltr'><strong>Dencooe</strong></span> <span class='ocrx_word' id='word_1_420' title='bbox 619 3883 697 3951; x_wconf 79' lang='lat' dir='ltr'><strong>Lapis</strong></span> <span class='ocrx_word' id='word_1_421' title='bbox 708 3885 904 3942; x_wconf 79' lang='lat' dir='ltr'><strong>sacramentis.</strong></span> 
     </span>
    </p>
   </div>
   <div class='ocr_carea' id='block_1_10' title="bbox 400 4607 1397 4819">
    <p class='ocr_par' dir='ltr' id='par_1_13' title="bbox 400 4607 1397 4819">
     <span class='ocr_line' id='line_1_47' title="bbox 400 4607 1397 4677; baseline 0.02 -32"><span class='ocrx_word' id='word_1_422' title='bbox 400 4607 427 4658; x_wconf 73' lang='lat' dir='ltr'><strong>lt)</strong></span> <span class='ocrx_word' id='word_1_423' title='bbox 436 4608 517 4649; x_wconf 82' lang='lat' dir='ltr'><strong>Decrel.</strong></span> <span class='ocrx_word' id='word_1_424' title='bbox 528 4622 567 4662; x_wconf 90' lang='lat' dir='ltr'><strong>pro</strong></span> <span class='ocrx_word' id='word_1_425' title='bbox 577 4614 682 4656; x_wconf 78' lang='lat' dir='ltr'><strong>Armenio.</strong></span> <span class='ocrx_word' id='word_1_426' title='bbox 1027 4623 1055 4672; x_wconf 76' lang='lat' dir='ltr'><strong>lt)</strong></span> <span class='ocrx_word' id='word_1_427' title='bbox 1069 4619 1147 4674; x_wconf 82' lang='lat' dir='ltr'><strong>Ephes&#39;.</strong></span> <span class='ocrx_word' id='word_1_428' title='bbox 1163 4622 1193 4663; x_wconf 84' lang='lat' dir='ltr'><strong>ir.</strong></span> <span class='ocrx_word' id='word_1_429' title='bbox 1202 4627 1233 4663; x_wconf 80' lang='lat' dir='ltr'><strong>ao.</strong></span> <span class='ocrx_word' id='word_1_430' title='bbox 1243 4624 1271 4675; x_wconf 77' lang='lat' dir='ltr'><strong>(s)</strong></span> <span class='ocrx_word' id='word_1_431' title='bbox 1279 4625 1318 4677; x_wconf 81' lang='lat' dir='ltr'><strong>Ep.</strong></span> <span class='ocrx_word' id='word_1_432' title='bbox 1328 4625 1397 4665; x_wconf 73' lang='lat' dir='ltr'><strong>lunii.</strong></span> 
     </span>
     <span class='ocr_line' id='line_1_48' title="bbox 401 4675 1349 4745; baseline 0.024 -31"><span class='ocrx_word' id='word_1_433' title='bbox 401 4677 428 4726; x_wconf 76' lang='lat' dir='ltr'><strong>til</strong></span> <span class='ocrx_word' id='word_1_434' title='bbox 441 4675 499 4717; x_wconf 78' lang='lat' dir='ltr'><strong>Secu.</strong></span> <span class='ocrx_word' id='word_1_435' title='bbox 508 4679 542 4717; x_wconf 83' lang='lat' dir='ltr'><strong>vii.</strong></span> <span class='ocrx_word' id='word_1_436' title='bbox 551 4691 597 4720; x_wconf 82' lang='lat' dir='ltr'><strong>can.</strong></span> <span class='ocrx_word' id='word_1_437' title='bbox 615 4681 643 4720; x_wconf 78' lang='lat' dir='ltr'><strong>ix.</strong></span> <span class='ocrx_word' id='word_1_438' title='bbox 1025 4692 1053 4741; x_wconf 79' lang='lat' dir='ltr'><strong>(lt</strong></span> <span class='ocrx_word' id='word_1_439' title='bbox 1066 4693 1147 4735; x_wconf 68' lang='lat' dir='ltr'><strong>Gabis.</strong></span> <span class='ocrx_word' id='word_1_440' title='bbox 1160 4694 1187 4745; x_wconf 71' lang='lat' dir='ltr'><strong>(a)</strong></span> <span class='ocrx_word' id='word_1_441' title='bbox 1198 4695 1261 4734; x_wconf 71' lang='lat' dir='ltr'><strong>eret</strong></span> <span class='ocrx_word' id='word_1_442' title='bbox 1270 4695 1293 4734; x_wconf 86' lang='lat' dir='ltr'><strong>in</strong></span> <span class='ocrx_word' id='word_1_443' title='bbox 1302 4696 1349 4736; x_wconf 74' lang='lat' dir='ltr'><strong>cit.</strong></span> 
     </span>
     <span class='ocr_line' id='line_1_49' title="bbox 401 4743 1318 4819; baseline 0.025 -37"><span class='ocrx_word' id='word_1_444' title='bbox 401 4743 427 4798; x_wconf 75' lang='lat' dir='ltr'><strong>(a)</strong></span> <span class='ocrx_word' id='word_1_445' title='bbox 445 4745 463 4784; x_wconf 97' lang='lat' dir='ltr'><strong>ll</strong></span> <span class='ocrx_word' id='word_1_446' title='bbox 475 4745 523 4784; x_wconf 86' lang='lat' dir='ltr'><strong>Cor.</strong></span> <span class='ocrx_word' id='word_1_447' title='bbox 534 4746 548 4785; x_wconf 87' lang='lat' dir='ltr'><strong>i.</strong></span> <span class='ocrx_word' id='word_1_448' title='bbox 559 4753 590 4788; x_wconf 84' lang='lat' dir='ltr'><strong>st.</strong></span> <span class='ocrx_word' id='word_1_449' title='bbox 602 4751 629 4819; x_wconf 71' lang='lat' dir='ltr'><strong>lt]</strong></span> <span class='ocrx_word' id='word_1_450' title='bbox 641 4751 720 4803; x_wconf 75' lang='lat' dir='ltr'><strong>ltpnen.</strong></span> <span class='ocrx_word' id='word_1_451' title='bbox 731 4753 745 4792; x_wconf 90' lang='lat' dir='ltr'><strong>l.</strong></span> <span class='ocrx_word' id='word_1_452' title='bbox 757 4757 787 4794; x_wconf 80' lang='lat' dir='ltr'><strong>ts.</strong></span> <span class='ocrx_word' id='word_1_453' title='bbox 1026 4759 1052 4812; x_wconf 74' lang='lat'><strong>(0)</strong></span> <span class='ocrx_word' id='word_1_454' title='bbox 1063 4760 1112 4803; x_wconf 71' lang='lat' dir='ltr'><strong>bt.</strong></span> <span class='ocrx_word' id='word_1_455' title='bbox 1121 4761 1148 4802; x_wconf 88' lang='lat' dir='ltr'><strong>de</strong></span> <span class='ocrx_word' id='word_1_456' title='bbox 1159 4761 1215 4816; x_wconf 84' lang='lat' dir='ltr'><strong>Spir.</strong></span> <span class='ocrx_word' id='word_1_457' title='bbox 1225 4762 1248 4804; x_wconf 82' lang='lat' dir='ltr'><strong>S.</strong></span> <span class='ocrx_word' id='word_1_458' title='bbox 1259 4774 1281 4804; x_wconf 83' lang='lat' dir='ltr'><strong>c.</strong></span> <span class='ocrx_word' id='word_1_459' title='bbox 1289 4764 1318 4805; x_wconf 83' lang='lat' dir='ltr'><strong>ri.</strong></span> 
     </span>
    </p>
   </div>
   <div class='ocr_carea' id='block_1_11' title="bbox 0 0 1904 5550">
    <p class='ocr_par' dir='ltr' id='par_1_14' title="bbox 0 0 1904 5550">
     <span class='ocr_line' id='line_1_50' title="bbox 0 0 1904 5550; baseline 0 0"><span class='ocrx_word' id='word_1_460' title='bbox 0 0 1904 5550; x_wconf 95' lang='lat' dir='ltr'><strong> </strong></span> 
     </span>
    </p>
   </div>
  </div>
 </body>
</html>
