3792 5550
623 595 1002 654 caehoostcetuaurt
1020 581 1188 654 vastrath.
1452 597 1501 654 aon

296 729 355 784 qoae
372 716 554 772 ordinationis
575 719 722 786 quemdam
744 718 824 773 ritum
836 733 881 773 re·
914 717 1053 772 motheom
1067 716 1176 784 scripsit
1188 717 1307 770 Paoms:
1323 736 1335 760 «
1348 712 1406 770 hott
1419 716 1502 783 negli-

295 803 399 866 tinent,
412 815 568 869 preconem
580 801 699 858 odicium
717 799 880 871 suscipiunt,
914 815 979 868 gere
990 801 1118 869 gratiam,
1133 813 1195 868 quoe
1208 799 1234 852 ln
1253 806 1280 854 te
1291 806 1347 863 est,
1364 813 1426 868 quae
1438 801 1501 854 data

295 897 326 942 ex
338 887 396 942 sola
405 885 521 955 Spiritus
530 897 611 956 qoam
619 891 879 956 jactanttocatione:
914 887 1021 940 esttibi
1040 901 1088 954 per
1113 885 1282 954 prophetiam
1309 899 1370 939 cum
1392 886 1503 952 impost-

296 973 367 1039 quod
387 978 414 1027 et
437 972 509 1027 haud
530 973 591 1029 raro
608 975 767 1042 deponunt,
781 982 810 1030 ut
821 986 882 1030 mu·
913 973 989 1026 tione
1009 977 1139 1026 manuum
1158 968 1329 1040 presbyterii.
1349 993 1361 1019 s
1380 971 1391 1006 ⁸
1411 1001 1444 1012 -
1464 975 1501 1024 rat

295 1071 359 1112 nera
372 1057 461 1114 civilia
473 1059 641 1126 suscipiant,
654 1071 716 1127 quae
727 1058 755 1114 in
767 1060 883 1128 qulbus·
914 1058 995 1122 ahtau
1005 1063 1039 1110 eat
1053 1057 1071 1108 tt
1083 1059 1118 1110 eb
1132 1063 1297 1129 eapropter,
1312 1058 1400 1110 treta·
1414 1063 1448 1110 nt
1461 1064 1501 1111 raa

196 1181 199 1186 -
296 1143 356 1198 dam
378 1144 526 1211 provinciis
544 1159 606 1199 <illm
625 1145 779 1199 ministerio
802 1158 881 1200 §ticio
913 1147 1502 1216 aeptqeru‘artetritittdirrerrirtxttpinscirpeo·

295 1230 421 1297 coniungi
436 1237 584 1296 nequeunt.
914 1240 1017 1303 empta.
1041 1235 1143 1288 bonum
1173 1233 1255 1301 igitur
1277 1234 1371 1287 datum
1397 1239 1439 1286 est
1460 1235 1503 1285 ll·

326 1319 352 1368 5.
371 1317 408 1370 lic
427 1318 552 1371 sectariis
565 1319 714 1374 universim
725 1320 807 1374 verba
820 1323 884 1374 Ter·
913 1321 1043 1384 matheo,
1055 1319 1128 1385 quod
1141 1318 1169 1372 in
1193 1332 1226 1373 eo
1239 1326 1378 1382 maneret,
1392 1319 1503 1386 qnando

297 1400 400 1454 tulliani
423 1401 478 1456 dici
502 1410 669 1469 possuutzu
688 1406 881 1461 Ordinationes
914 1418 1013 1457 manus
1033 1417 1048 1456 a
1069 1403 1151 1458 Paulo
1177 1403 1202 1457 ei
1223 1403 1359 1470 impositae
1384 1405 1502 1457 suntad

297 1497 389 1538 eorum
402 1488 661 1555 tememriae,lercs,
675 1490 879 1546 inconstantes:
913 1503 1015 1543 munus
1054 1490 1258 1557 presbyteratus
1296 1490 1502 1544 conterendum.

296 1583 366 1625 nunc
386 1573 542 1640 neophytos
559 1576 725 1640 conlocant,
743 1590 883 1630 nuncsai·
915 1577 1047 1630 l‘raedicta
1066 1583 1144 1631 erant
1167 1579 1202 1631 do
1226 1578 1369 1632 Timotheo
1394 1578 1503 1646 egregia

295 1655 354 1710 culo
364 1657 523 1724 obstrictos,
533 1665 751 1727 nuncapostatas
760 1667 881 1727 nostros,
914 1662 1053 1726 facinora,
1069 1663 1169 1730 quibus
1180 1665 1316 1718 vaticiniis
1334 1671 1425 1718 motos
1446 1669 1505 1718 erat

296 1746 324 1795 ot
343 1743 431 1810 gloria
456 1756 505 1798 eos
523 1744 663 1812 ohligant,
682 1746 746 1812 qnia
767 1747 882 1801 ueritate
915 1749 1015 1802 Paulus
1033 1755 1063 1802 ut
1085 1763 1148 1803 eum
1173 1749 1202 1802 in
1227 1765 1336 1805 sacrum
1358 1751 1503 1818 collegium

295 1839 348 1881 nou
366 1835 494 1900 possunt.
512 1831 651 1896 Nusquam
671 1830 775 1885 {acilius
799 1832 883 1898 proli·
915 1839 1073 1900 cooptaret;
1095 1839 1261 1902 quapropter
1279 1849 1341 1889 eum
1354 1836 1421 1888 allas
1442 1837 1505 1889 hor·

296 1910 364 1966 citur
379 1922 468 1982 quam*
486 1913 515 1967 iu
534 1915 631 1968 castris
651 1916 812 1982 rebellium,
834 1917 881 1970 ubi
914 1925 989 1974 tatur
1008 1921 1042 1973 ad
1063 1933 1093 1974 se
1110 1920 1260 1988 gerendum
1279 1919 1385 1974 ratione
1397 1933 1458 1986 quae
1471 1919 1505 1973 iis

296 1995 383 2063 ipsum
400 2012 463 2054 esse
483 1999 539 2054 illic
555 2003 705 2068 promereri
722 2009 774 2056 est.
787 2003 882 2070 ltaque
915 2005 1100 2073 respondeat:
1122 2025 1135 2053 a
1157 2007 1213 2059 lloc
1237 2011 1404 2072 praeceptum
1429 2017 1506 2058 com-

296 2083 365 2138 alins
390 2085 474 2141 hodic
499 2087 668 2154 Episcopus,
699 2102 760 2142 cras
783 2089 880 2143 alins:
915 2092 1018 2146 mendo
1039 2090 1107 2156 tibi,
1129 2091 1166 2144 fili
1184 2091 1341 2154 Timotheo,
1355 2091 1504 2144 secundum

298 2171 376 2225 hodie
387 2174 537 2235 diaconus,
551 2175 598 2240 qui
612 2175 765 2230 craslector
780 2192 786 2227 z
800 2177 882 2230 hodic
915 2177 1103 2244 precedentes
1116 2176 1144 2228 in
1170 2181 1197 2229 te
1216 2175 1389 2243 prophetias,
1411 2181 1441 2229 ut
1454 2175 1505 2227 nri·

296 2258 452 2325 presbyter,
479 2259 526 2326 qui
548 2273 609 2313 cras
631 2259 716 2314 laicus
741 2276 748 2313 :
772 2275 835 2314 nam
855 2268 883 2316 et
915 2261 978 2315 lites
995 2261 1021 2314 in
1041 2261 1095 2315 illis
1119 2262 1221 2315 bonam
1248 2261 1382 2315 militiam.
1399 2260 1436 2307 »⁴
1457 2263 1507 2315 Per

296 2341 370 2397 laicis
381 2345 562 2398 sacerdotalia
574 2346 667 2399 rnunia
680 2346 834 2416 injungunt.
847 2347 881 2394 »ί
916 2347 991 2413 ipsas
1011 2347 1083 2400 Pauli
1101 2360 1199 2401 manus
1223 2347 1328 2401 donum
1345 2347 1414 2400 illud
1432 2360 1506 2400 com·

327 2429 352 2481 t.
369 2430 516 2495 Ordinem,
536 2445 585 2484 seu
607 2445 712 2485 sacram
734 2433 884 2487 ordinatio·
916 2433 1084 2486 municatum
1097 2432 1147 2485 luit
1158 2446 1165 2493 ;
1177 2439 1346 2498 quapropter
1357 2431 1414 2485 ait:
1430 2432 1507 2484 «hd-
1549 2484 1555 2492 ,

296 2517 883 2578 nem,Sacramentumessedefinieruntla·
915 2529 1017 2570 moneo
1037 2522 1079 2580 te,
1100 2521 1130 2568 ut
1147 2515 1295 2569 resuscites
1308 2516 1423 2582 gratiam
1441 2516 1506 2580 liei,

296 2604 350 2653 tres
359 2601 511 2654 tridentini
525 2616 532 2652 ε
547 2621 560 2647 α
572 2601 599 2652 Si
612 2602 674 2667 quis
684 2601 791 2662 dixerit,
806 2602 885 2655 Oreti-
916 2615 979 2668 quae
989 2602 1065 2655 estin
1078 2600 1369 2667 teperimpositionem
1377 2614 1507 2654 manuum

294 2687 427 2752 rrem,sive
434 2700 541 2740 sacram
547 2687 815 2751 ordinationcm‚non
822 2701 884 2741 esse
917 2700 1050 2739 mearum.
1061 2705 1072 2733 e
1085 2686 1095 2720 ¹
1106 2715 1138 2726 -
1148 2689 1188 2737 tlt
1201 2711 1238 2742 m
1250 2685 1374 2740 tractator
1383 2698 1421 2738 ra»
1431 2698 1507 2758 xipa-

293 2785 357 2825 vcre
366 2778 394 2825 et
403 2771 513 2839 proprie
522 2774 737 2839 Sacramentum,
749 2788 764 2828 a
777 2775 884 2829 Christo
917 2796 969 2837 po.
984 2763 1111 2827 nanuum
1125 2774 1207 2842 igitur
1220 2772 1395 2841 impositione
1414 2774 1508 2827 datum

296 2858 410 2913 homino
422 2858 587 2925 institutum,
596 2860 638 2915 rel
650 2874 712 2915 esse
725 2860 884 2927 figmentum
917 2866 960 2913 est
973 2860 1076 2914 donum
1092 2861 1203 2914 coeleste
1217 2860 1251 2914 ad
1261 2859 1429 2928 iungendum
1446 2875 1508 2927 prc-

296 2944 435 3008 qnoddam
461 2945 632 3011 humanum,
659 2948 842 3016 excogitatum
868 2963 884 3003 a
918 2945 1508 3014 sbytcriimuneribus.lluncctlectumhuic

296 3028 464 3084 virisrerum
479 3033 724 3087 ecclesiasticarum
735 3033 884 3102 imperitis,
916 3032 981 3085 ritui
999 3034 1098 3087 Paulus
1122 3034 1182 3100 ipse
1211 3033 1276 3087 dare
1305 3046 1360 3087 non
1391 3034 1506 3100 potuit:

297 3118 341 3167 aut
362 3129 424 3170 esse
442 3122 548 3170 tantum
569 3118 651 3171 ritum
668 3121 814 3185 quemdam
834 3121 886 3174 eli·
917 3116 1033 3183 proinde
1046 3119 1189 3173 habendus
1201 3125 1244 3173 est
1255 3117 1508 3183 divinitusinsitus,

297 3200 377 3263 gendi
400 3202 542 3256 ministros
567 3204 643 3257 verbi
670 3204 716 3257 liei
735 3211 762 3258 et
788 3207 886 3258 sacra·
917 3216 953 3256 ex
969 3204 1087 3269 christi,
1109 3206 1349 3259 sacramentorum
1369 3204 1507 3268 auctoris,

297 3293 450 3343 mentorum
465 3304 473 3351 3
487 3291 632 3344 anathema
650 3293 694 3344 sit.
709 3311 722 3338 n
741 3310 758 3341 a
777 3292 804 3344 si
824 3292 886 3358 quis
918 3287 1100 3343 institutione.

298 3369 394 3428 dixerit
415 3390 465 3442 per
484 3390 589 3429 sacram
606 3376 808 3431 ordinationem
828 3390 886 3431 non
953 3378 978 3427 c.
998 3374 1132 3441 Equidem
1149 3379 1258 3428 constat
1278 3388 1410 3427 manuum
1423 3376 1509 3441 impo-

300 3456 357 3511 dari
377 3461 506 3527 Spiritum
534 3469 681 3528 sanctum,
711 3476 744 3517 ac
770 3463 886 3530 proinde
920 3460 1020 3514 sitione
1037 3472 1142 3512 sacram
1154 3462 1316 3524 potestatem
1333 3459 1431 3512 tribui:
1445 3474 1508 3514 nam

300 3541 396 3599 trustra
410 3547 560 3614 Episcopos
572 3548 664 3603 dicero
678 3548 887 3617 :ahccipespi-
920 3550 1017 3603 saulus
1038 3552 1066 3602 et
1083 3547 1238 3613 Barnabas,
1258 3562 1272 3601 a
1295 3548 1395 3615 Spiritu
1414 3553 1509 3604 sancto

301 3643 312 3673 t
333 3628 413 3683 ritum
433 3639 575 3695 sanctum;
593 3654 605 3680 u
620 3636 667 3688 aut
684 3648 733 3701 per
750 3648 810 3690 eam
830 3648 887 3689 non
920 3635 1000 3689 electi
1012 3634 1040 3688 in
1063 3646 1133 3702 opus
1152 3632 1313 3699 ministerii,
1335 3634 1386 3687 hac
1404 3634 1509 3689 ratione

302 3710 419 3779 imprimi
431 3718 615 3773 characterem
627 3734 634 3782 ;
652 3721 693 3775 vel
710 3735 772 3776 eum
786 3721 832 3789 qni
845 3736 888 3775 sa·
920 3719 1110 3774 auctoritatem
1129 3725 1293 3785 acceperunt
1307 3734 1313 3771 :
1327 3739 1339 3765 ι
1354 3719 1510 3773 llinistran·

302 3800 398 3855 cordos
416 3805 501 3858 semel
514 3804 580 3870 luit,
599 3807 699 3861 laicum
718 3822 815 3862 rursus
827 3808 887 3863 lieri
921 3806 995 3859 tibus
1017 3810 1109 3859 autem
1136 3804 1191 3859 illis
1210 3804 1353 3871 (prophetes
1375 3809 1402 3859 et
1419 3806 1510 3859 docto·

302 3895 400 3950 bosse3
413 3890 603 3943 anathemasti
623 3892 655 3939 »²
920 3890 1013 3954 mbas,
1023 3904 1088 3957 quoa
1102 3902 1167 3943 mcc
1178 3894 1348 3944 recensuerat
1359 3903 1437 3943 sacer
1446 3890 1512 3944 acri·

509 3974 670 4039 Proposito.
773 4030 775 4035 ,
920 3977 988 4041 pter)
1014 3976 1150 4040 liomino,
1169 3980 1196 4027 et
1216 3975 1422 4041 ieiunantibus,
1444 3975 1512 4028 dixit

334 4056 888 4122 Ordo,sivesacraordinatio,estvereet
921 4059 976 4112 illis
995 4060 1112 4125 Spiritus
1133 4062 1423 4127 sanctuszsegregate
1443 4060 1509 4113 mihi

303 4142 623 4208 propriesacramcntnrn
633 4158 649 4197 a
659 4145 888 4200 christobomino
922 4146 1036 4199 saulum
1054 4151 1081 4200 et
1096 4146 1249 4200 Bamabam
1261 4146 1289 4198 in
1302 4159 1374 4212 opus
1387 4146 1422 4199 ad
1436 4147 1510 4213 quod

302 4224 463 4282 institutum.
922 4233 1062 4298 assumpsi
1075 4244 1134 4287 eos.
1145 4234 1221 4285 Tunc
1228 4232 1386 4299 ieiunantes
1396 4237 1424 4286 ct
1433 4244 1512 4286 oran·

334 4315 358 4364 a.
378 4316 514 4369 Probatur
532 4318 555 4367 l.
567 4328 604 4370 ec
620 4314 780 4381 scriptoria.
791 4316 830 4369 hd
844 4316 887 4369 li-
920 4322 978 4382 tes,
997 4318 1225 4387 imponentesque
1239 4316 1279 4373 eis
1294 4330 1407 4385 manus,
1431 4318 1511 4373 dimi·

304 4595 418 4632 temantor
426 4598 521 4644 macter,
533 4604 607 4646 ponoq
623 4606 649 4635 or
666 4594 717 4646 oid,
728 4604 782 4647 yet,
791 4591 849 4639 male
863 4606 889 4636 or
947 4594 976 4646 (ii
993 4594 1051 4637 Sota.
1059 4595 1108 4636 xxii.
1116 4606 1165 4637 cart.
1178 4596 1210 4638 lii.
1219 4596 1247 4640 iv.

305 4653 388 4699 temolo.
395 4675 405 4697 ι
413 4662 632 4722 ΒιτοΙεῂΑροΙοῃ,
645 4663 781 4719 proposition
791 4676 811 4705 x.
819 4663 889 4717 lxxiv.
951 4664 979 4717 [tl
989 4665 1006 4705 1.
1016 4664 1072 4707 Tiar·
1081 4664 1110 4707 ir·
1124 4671 1156 4707 lt.

305 4733 326 4774 p.
338 4726 382 4767 tte.
947 4734 977 4787 (t)
987 4734 1069 4776 ibidem
1082 4736 1098 4776 i.
1107 4741 1138 4778 ta.

331 4794 357 4849 lt)
366 4796 389 4840 t.
397 4799 424 4841 de
432 4801 550 4857 praescript.
563 4802 628 4845 otii.
953 4805 980 4859 (b)
996 4806 1022 4847 ll·
1034 4806 1088 4851 Tiar.
1099 4806 1114 4848 i.
1123 4812 1143 4849 tl.
