3792 5550
379 553 430 604 ara
759 543 874 596 anxur.
894 543 958 593 lllv.
978 543 1020 592 on
1041 543 1260 594 coronamur.

380 669 468 724 veniae
490 669 527 722 ob
547 665 658 720 sceleris
682 659 840 732 gravitatem
862 671 896 712 eo
917 658 971 711 loci
1005 680 1019 706 o
1038 660 1111 712 enim
1132 660 1184 711 bos
1199 658 1245 723 qui
1259 657 1345 709 semei
1356 656 1502 709 illuminati
1515 665 1594 721 sunt,

378 752 637 824 signiticarioptime
650 747 781 801 intellexit
793 745 969 798 Ambrosius:
1004 751 1066 797 »et
1086 749 1264 811 gustaverunt
1283 743 1388 794 donum
1413 743 1547 805 coeleste,
1569 752 1597 796 et

383 861 395 888 a
408 838 548 893 Nouenim
559 835 742 901 scriptumest
754 847 760 884 :
777 831 869 884 nullus
882 827 972 882 orabit
1005 851 1018 877 ι
1037 832 1183 897 participes
1196 831 1257 884 laeti
1274 836 1337 883 sunt
1350 830 1475 895 spiritus
1488 831 1599 894 sancti,

379 939 430 993 pro
442 938 489 985 eo;
503 924 551 976 sed
563 922 643 986 :quis
657 919 762 974 orabiti
775 919 827 970 boc
839 920 895 978 est,
908 913 971 980 quis
1005 938 1017 964 a
1038 923 1064 970 et
1084 919 1189 970 bonum
1208 922 1387 982 gustaverunt
1405 915 1452 967 bei
1465 915 1577 968 uerbum
1590 955 1600 977 ,

380 1012 425 1064 ille
440 1010 475 1062 sit
488 1008 533 1074 qui
552 1007 579 1059 in
597 1007 644 1058 tali
665 1017 748 1059 causa
766 1015 845 1056 orare
862 999 970 1067 possit,
1004 1021 1017 1048 r
1036 1003 1202 1068 virtutesque
1214 1001 1296 1054 tuturi
1314 1000 1532 1065 saeculi,lapsos
1548 1002 1598 1054 ite-

379 1096 518 1162 quaeritur.
529 1106 584 1146 non
597 1091 749 1145 excluditur
752 1123 900 1141 ......
914 1084 972 1136 Sin·
1003 1104 1021 1135 o
1038 1101 1098 1139 rum
1110 1085 1237 1140 renouari
1247 1085 1273 1137 io
1285 1085 1492 1151 mentientium,
1502 1100 1599 1139 rursus

378 1180 480 1248 gularis
498 1179 561 1232 vitae
579 1176 677 1243 aliquis
693 1175 775 1228 debet
789 1183 972 1238 orareproeo
1004 1195 1017 1222 a
1039 1173 1229 1240 crucifigentes
1251 1172 1349 1224 ullium
1366 1171 1434 1235 bei,
1453 1179 1482 1224 et
1505 1178 1598 1226 osten-

378 1266 425 1332 qui
448 1263 613 1331 peccavitin
633 1253 804 1316 bominum:
824 1259 888 1324 quia
915 1269 970 1324 quo
1003 1259 1160 1341 »tatione
1176 1258 1385 1323 triumphantes.
1416 1278 1429 1303 a
1460 1259 1595 1324 Numquid

377 1351 466 1417 major
478 1351 559 1415 culpa
570 1387 578 1412 ,
591 1361 624 1402 eo
634 1349 737 1410 majora
750 1343 896 1410 quaerenda
907 1347 972 1396 sunt
1003 1343 1106 1396 Paulus
1124 1343 1256 1396 adtonsus
1277 1342 1378 1396 iactum
1402 1357 1485 1394 suum
1498 1345 1595 1410 praedi-

379 1429 972 1503 suilragia.Nouenimquicumquedevulgo
1003 1442 1066 1483 care
1080 1428 1188 1495 potuita
1201 1427 1315 1481 bonarit
1335 1427 1479 1482 Corinthio
1501 1443 1595 1494 pecca·

378 1536 429 1589 pro
441 1523 601 1575 ludaeorum
613 1519 732 1585 populo,
745 1518 794 1571 sed
807 1519 913 1583 Moyses
926 1527 971 1568 ro-
1003 1521 1062 1568 tum
1079 1528 1128 1580 per
1152 1514 1342 1580 poenitentiam
1359 1529 1365 1564 :
1392 1516 1534 1580 quomodo
1552 1517 1594 1570 bic

383 1609 474 1676 gavit,
489 1608 599 1675 quando
609 1607 686 1660 uituli
698 1611 790 1672 caput,
804 1603 867 1656 fidei
879 1603 972 1654 imme·
1003 1603 1092 1668 potuit
1110 1602 1272 1655 sententiam
1285 1615 1364 1654 suam
1373 1601 1434 1667 ipse
1448 1604 1595 1668 repreben-

381 1707 490 1754 mores,
511 1694 701 1746 adoraverunt.
721 1689 856 1756 Numquid
870 1687 972 1764 errarit
1003 1687 1069 1741 dere
1080 1689 1091 1738 l
1104 1691 1175 1755 Ergo
1187 1689 1252 1753 quia
1264 1700 1320 1741 non
1339 1687 1430 1753 potuit
1441 1689 1516 1753 quod
1528 1689 1592 1740 aedi-

381 1781 503 1846 Moyses?
512 1781 543 1831 at
553 1779 698 1844 certequia
710 1789 767 1830 nou
777 1774 885 1838 erravit,
896 1773 971 1840 quod
1003 1776 1130 1829 decrerat
1158 1775 1315 1837 destruere,
1345 1786 1403 1827 non
1430 1775 1594 1828 eontrarium

379 1864 500 1932 rogavit,
513 1868 541 1917 et
565 1862 682 1926 meruit,
700 1867 727 1914 et
752 1859 915 1927 impetrarit.
936 1857 970 1905 »¹
1003 1860 1106 1912 dixisse
1118 1860 1241 1914 eumsed
1260 1860 1399 1912 diversum
1419 1860 1593 1914 advertimus.

319 1967 322 1976 ⁴
411 1952 452 2002 lt.
472 1950 558 2002 Aliam
587 1948 776 2002 difficultatem
797 1959 830 2026 eq
857 1944 971 1998 loannis
1004 1945 1082 2008 Quod
1106 1945 1179 1998 enim
1200 1946 1368 1998 contrarium
1390 1952 1451 2009 est,
1476 1947 1595 2012 seipsum

379 2037 495 2102 epistola
510 2049 524 2088 a
542 2034 698 2089 Noratianis
715 2031 972 2100 objectomdmbro·
1004 2030 1148 2100 impugnat
1163 2046 1170 2082 :
1184 2031 1258 2096 quod
1276 2030 1417 2084 diuersum
1430 2037 1488 2096 est,
1501 2033 1596 2085 distin·

380 2121 438 2174 sins
461 2121 564 2187 pariter
583 2120 680 2172 diluit:
695 2138 711 2168 α
723 2122 777 2172 Nec
795 2118 841 2169 illa
853 2116 972 2183 quaestio
1002 2121 1073 2169 ctam
1089 2116 1159 2168 solet
1177 2116 1278 2169 babere
1290 2117 1435 2170 rationem.
1447 2119 1484 2169 lta
1503 2123 1596 2170 autem

378 2213 470 2259 vestra
499 2205 647 2271 quicquam
670 2209 761 2270 potest
781 2203 887 2256 adierre
906 2213 972 2268 pon·
1004 2199 1172 2252 contrarium
1197 2213 1253 2253 non
1275 2207 1318 2253 est
1331 2202 1598 2255 utaltemmsuiira·¹

379 2290 468 2351 deris,
480 2303 561 2355 quam
572 2289 679 2341 sumitis
689 2289 724 2341 de
733 2288 848 2354 epistola
857 2286 970 2340 loannis
1003 2292 1083 2353 gelur
1095 2287 1182 2339 alteri.
1199 2288 1305 2339 illenim
1315 2287 1379 2352 quia
1388 2289 1424 2341 de
1436 2289 1597 2342 remittenda

381 2375 499 2428 dicentis
513 2389 519 2425 :
536 2393 547 2420 a
568 2374 616 2438 Qui
630 2373 681 2426 scit
692 2373 802 2425 fratrem
817 2385 897 2426 suunt
910 2385 972 2438 pec·
1003 2372 1162 2438 praedicavit
1180 2373 1357 2438 penitentia,
1369 2375 1467 2428 debuit
1478 2382 1506 2428 et
1519 2376 1554 2428 de
1562 2376 1596 2428 iis

377 2481 390 2508 a
409 2474 471 2514 care
481 2465 622 2526 peccatum
633 2472 689 2512 non
702 2460 734 2512 ad
747 2465 873 2522 mortem,
886 2462 970 2524 petat,
1004 2457 1050 2523 qni
1065 2457 1219 2511 iterandum
1239 2464 1335 2525 putant
1354 2461 1524 2526 baptismum
1541 2473 1595 2514 non

378 2545 670 2600 »etdobitillivitam
681 2544 972 2611 beasquianonpec·
1004 2543 1085 2596 silere
1104 2559 1111 2595 ε
1130 2550 1156 2597 et
1178 2545 1254 2610 prius
1283 2545 1489 2598 solicitudinem
1517 2545 1597 2598 nobis

379 2654 391 2680 a
412 2637 455 2686 cat
466 2632 500 2684 ad
512 2637 638 2684 mortem.
650 2633 697 2682 Est
705 2635 846 2696 peccatum
858 2629 892 2682 ad
901 2641 972 2681 mor·
1004 2629 1103 2683 auferri
1116 2633 1247 2697 oportuit,
1257 2637 1287 2684 ut
1298 2632 1523 2686 sciremusetiam
1535 2639 1596 2699 post

379 2740 391 2766 »
412 2725 485 2783 tem,
504 2719 614 2772 nonde
628 2718 748 2781 illodico
763 2725 792 2768 ut
804 2721 896 2770 oret.»
912 2719 971 2769 Non
1004 2716 1172 2782 baptismum
1184 2717 1206 2768 si
1220 2719 1266 2784 qui
1277 2723 1436 2785 peccarent,
1448 2718 1546 2772 donari
1556 2718 1595 2770 eis

381 2805 454 2857 enim
472 2806 506 2857 ad
519 2808 631 2870 lloysen
653 2809 680 2857 et
695 2804 857 2857 Hieremiam
875 2804 972 2867 loque·
1004 2815 1088 2868 posse
1101 2809 1258 2868 peccatum,
1279 2817 1314 2856 ne
1332 2817 1381 2869 spe
1399 2805 1490 2857 ueniae
1512 2804 1594 2857 desti-

379 2891 476 2953 batur,
495 2891 544 2943 sed
563 2891 598 2942 ad
617 2891 768 2955 populum,
790 2889 836 2953 qui
857 2901 970 2942 suorum
1005 2894 1078 2941 tutos
1100 2889 1216 2942 iterandi
1229 2890 1401 2955 baptismatis
1420 2891 1515 2957 opinio
1527 2903 1594 2945 uana

379 2980 557 3040 peccatorum
577 2974 660 3027 alium
675 2978 845 3039 precatorem
858 2972 971 3026 deberet
1003 2982 1179 3043 perverteret.
1193 2979 1294 3031 Deinde
1303 2978 1459 3031 iterandum
1470 2994 1526 3033 non
1536 2993 1596 3034 esse

380 3058 508 3112 exhibere
519 3097 526 3122 ,
537 3059 580 3111 cui
592 3060 658 3111 satis
670 3063 712 3111 est
721 3058 744 3111 si
761 3071 811 3125 pro
821 3057 970 3111 levioribus
1003 3062 1150 3128 baptisma,
1164 3064 1318 3117 rationabili
1329 3064 1519 3129 disputatione
1530 3078 1591 3117 sua·

380 3144 486 3198 delictis
504 3147 588 3198 licum
600 3150 741 3211 precetur,
752 3144 907 3213 graviorum
922 3158 971 3198 ve·
1003 3148 1125 3200 dendum
1146 3148 1205 3201 luit.
1225 3152 1261 3201 lle
1273 3149 1440 3215 baptismate
1454 3156 1546 3203 autem
1558 3149 1596 3202 di·

379 3231 453 3283 niam
470 3232 608 3298 justorum
633 3231 803 3284 orationibus
832 3243 972 3284 reservan·
1003 3239 1077 3286 ctum
1104 3234 1184 3286 verba
1215 3233 1275 3299 ipsa
1303 3234 1468 3297 declarant,
1497 3237 1597 3302 quibus

379 3318 442 3371 darn
470 3323 555 3384 putet.
587 3321 652 3370 Nam
680 3317 821 3382 quomodo
849 3318 970 3369 loannes
1006 3318 1168 3385 significavit
1184 3318 1354 3385 impossibile
1372 3333 1435 3373 esse
1454 3322 1547 3387 lapsos
1558 3336 1597 3374 re

378 3404 482 3456 diceret
499 3417 554 3457 non
575 3403 711 3456 orandum
723 3414 773 3469 pro
795 3402 895 3455 delicto
914 3416 972 3469 gra·
1003 3404 1099 3458 novari
1124 3403 1369 3469 inpoenitentium.
1395 3408 1447 3458 Per
1459 3407 1596 3461 lavacrum

378 3489 472 3553 viora,
493 3490 540 3554 qui
552 3490 665 3555 legisset
680 3490 789 3554 lloysen
803 3500 930 3554 rogasse,
944 3495 971 3542 et
1004 3490 1077 3544 eninr
1086 3503 1260 3554 renovamur,
1268 3504 1316 3556 per
1327 3491 1402 3557 quod
1417 3494 1596 3556 renascimur,

380 3572 557 3637 impetrasse,
573 3573 618 3623 ubi
638 3578 696 3624 erat
716 3573 903 3637 praevaricatio
921 3586 971 3627 vo·
1004 3576 1074 3629 sicut
1102 3576 1160 3641 ipse
1195 3577 1295 3629 Paulus
1321 3576 1387 3629 dicit
1390 3613 1511 3630 .....
1530 3578 1597 3642 Quid

381 3656 497 3707 luntaria
511 3671 517 3706 :
533 3657 579 3720 qui
600 3658 681 3708 sciret
699 3658 780 3710 etiam
807 3658 969 3711 llieremianr
1003 3661 1078 3728 quod
1094 3666 1122 3713 et
1135 3674 1218 3726 supra
1230 3661 1385 3715 doctrinam
1396 3661 1597 3729 baptismomm

318 3749 320 3755 ·
379 3742 512 3806 rogasse?
526 3739 562 3787 »ἱ
575 3740 756 3807 Hieronymus
769 3742 919 3807 simplicius
932 3744 971 3795 di·
1003 3746 1153 3813 praemisit?
1165 3749 1198 3799 llt
1217 3747 1282 3813 quia
1303 3748 1389 3800 multa
1408 3756 1490 3805 erant
1510 3750 1595 3815 bapti·

380 3824 442 3877 cit:
467 3824 608 3889 «Cernis,
635 3826 752 3890 quodsi
776 3839 826 3891 pro
852 3828 971 3892 peccatis
1003 3831 1595 3898 smatainlege,meritoreprehenditillos,

378 3908 535 3967 minoribus
568 3909 762 3975 deprecemur,
793 3911 971 3978 impetremus
1004 3915 1595 3986 quiperiectadimittant,etprincipiaverbi

379 3996 509 4057 veniam;
539 3995 561 4048 si
590 4008 639 4061 pro
660 3996 829 4063 majoribus,
853 3996 970 4051 difficilis
1004 4002 1154 4067 requirant.
1177 4006 1260 4057 uocet
1283 4017 1335 4057 nos
1366 4005 1439 4059 scire
1470 4010 1597 4072 oportere

379 4082 534 4149 impetratio
549 4080 641 4134 sitii
1004 4086 1143 4140 destructa
1170 4101 1232 4141 esse
1259 4091 1385 4142 universa
1414 4091 1486 4157 legis
1511 4089 1598 4156 bapti·

413 4170 454 4221 75.
476 4167 546 4219 lllud
559 4166 681 4232 Apostoli
695 4166 730 4219 ad
742 4168 872 4221 llebraeos
893 4169 972 4221 testi·
1004 4176 1106 4233 smata;
1127 4185 1213 4225 unum
1226 4174 1362 4241 baptisma
1375 4189 1438 4229 esse
1458 4176 1487 4228 in
1510 4176 1599 4229 Eucle-

379 4251 502 4310 monium
524 4251 564 4304 sic
582 4252 699 4317 explicat
711 4253 885 4307 Ambrosius:
900 4274 910 4299 n
920 4257 971 4306 atu·
1005 4257 1046 4309 sia
1049 4294 1169 4309 .....
1189 4262 1300 4312 Possem
1312 4261 1424 4325 quidem
1435 4262 1518 4315 etiam
1530 4261 1599 4313 illud

379 4336 535 4389 thoritatcm
559 4336 634 4390 aiunt
655 4334 822 4403 apostolicae
837 4338 889 4391 sibi
917 4339 974 4392 cui·
1008 4341 1100 4394 dicere
1112 4342 1137 4393 ei
1147 4342 1193 4408 qui
1207 4345 1260 4397 boc
1274 4345 1309 4397 de
1321 4346 1483 4399 Poenitentia
1495 4347 1599 4399 dictum

379 4420 477 4485 fragani
515 4421 685 4487 sententiae,
717 4424 867 4489 allegantes
905 4426 974 4492 scri·
1007 4431 1109 4492 putat,
1139 4431 1202 4494 quia
1231 4442 1293 4495 quae
1326 4430 1508 4497 impossibilia
1534 4439 1600 4484 suut

380 4508 455 4566 ptum
476 4504 510 4555 od
531 4504 660 4558 Hebraeos
684 4522 690 4557 :
709 4525 725 4555 r<
742 4508 913 4573 Impossibile
932 4514 974 4564 est
1007 4511 1129 4577 bomini,
1142 4514 1282 4579 possibilia
1295 4522 1359 4569 sunt
1371 4517 1443 4583 apud
1456 4521 1551 4571 beum.
1562 4516 1599 4564 »⁴

406 4742 433 4794 (l)
444 4742 487 4783 L.i.
497 4742 523 4782 de
532 4742 606 4793 poenit.
615 4756 634 4785 c.
646 4746 689 4789 riti.
701 4746 725 4800 (a)
736 4748 817 4791 lbidenr
827 4760 846 4791 c.
856 4750 882 4791 ix.
936 4809 943 4818 Ι
1033 4755 1059 4807 (o)
1069 4756 1093 4796 L.
1103 4756 1125 4797 ii.
1136 4762 1210 4800 contra
1222 4759 1328 4802 lovinion.
1336 4761 1363 4814 (t)
1372 4761 1396 4802 b.
1405 4760 1537 4815 ii.depoenit
1547 4762 1600 4804 c.ii.
