3792 5550
382 570 431 624 tae
696 565 810 617 dhaer.
830 564 897 615 lllll.
921 564 949 615 P.
971 562 991 612 l.
1010 562 1052 613 DE
1070 562 1293 617 bucnanlslln.

380 685 473 750 interi,
486 684 540 737 imo
560 682 701 749 profiteri:
717 700 732 730 ι(
746 678 970 735 sacramentariis
1035 680 1095 733 2¹0.
1113 681 1203 735 mit
1212 682 1310 736 Christi
1320 685 1476 750 praeseutia,
1486 689 1607 753 qualem

380 784 464 839 quum
478 784 507 825 se
520 773 671 835 opponeret
690 767 969 831 hutherus,primum
1004 768 1142 821 catholica
1178 768 1299 823 Ecclesia
1326 771 1431 835 tradit,
1461 774 1601 838 spiritatis

380 863 474 911 contra
501 854 723 916 Carlostadium‚
752 852 851 905 deinde
886 852 969 904 etiam
1003 853 1208 918 quodammodo
1235 856 1290 909 dici
1315 862 1427 922 potest,
1457 863 1598 925 quatenus

379 944 530 1011 zuinglium
543 941 654 1005 docuit,
665 942 792 994 humanae
806 938 906 993 Christi
919 950 971 991 na·
1004 952 1104 1005 corpus
1120 945 1148 993 et
1170 941 1283 1008 sanguis
1303 942 1403 996 Christi
1415 956 1472 997 non
1491 946 1596 998 adsunt

379 1028 567 1083 turaeomnino
579 1026 831 1093 omnipraesentium
843 1024 968 1077 tribucn-
1003 1025 1119 1077 naturali
1142 1026 1318 1091 conditione,
1342 1028 1391 1081 sed
1409 1036 1605 1083 sacramenta·=

380 1116 460 1175 dam;
492 1127 525 1167 ex
550 1126 582 1167 ee
627 1117 718 1166 autem
759 1112 967 1164 tundamentum
1002 1109 1078 1172 liter,
1092 1123 1158 1163 vere
1178 1116 1270 1165 tamen
1293 1116 1321 1165 et
1341 1113 1496 1167 substantia
1520 1128 1572 1168 sua
1588 1131 1601 1166 :·

378 1199 532 1266 praesentiae
540 1198 621 1251 realis
635 1188 759 1265 corporis
774 1200 834 1264 eius
847 1198 875 1251 in
890 1209 969 1250 sacra
1002 1194 1073 1248 adeo
1085 1200 1116 1249 ut
1133 1208 1195 1261 quae
1215 1197 1318 1251 dautur
1334 1200 1487 1253 sacerdotis
1509 1215 1602 1254 manu

379 1296 458 1337 eoeua
477 1284 625 1350 petendum
639 1294 711 1336 esse.
731 1282 741 1315 ¹
1003 1281 1058 1333 siut
1075 1281 1168 1347 ipsum
1180 1294 1282 1348 corpus
1303 1288 1331 1336 et
1352 1284 1465 1351 sanguis
1484 1286 1598 1338 Christi.

352 1358 372 1389 ’·
411 1372 469 1423 209.
483 1371 510 1422 lu
524 1352 654 1437 Ceergia,
665 1374 694 1423 et
705 1369 813 1422 duabus
823 1366 967 1431 carolinis,
1002 1367 1079 1429 Quod
1092 1366 1116 1419 si
1130 1367 1184 1420 alio
1194 1381 1279 1421 seusu
1288 1370 1454 1434 praedieetur
1463 1371 1600 1437 spiritalis

379 1456 494 1522 aliisque
524 1456 673 1522 provinciis
710 1454 855 1509 thletitoe
885 1458 967 1515 sunt,
1003 1453 1157 1518 presentia,
1166 1454 1252 1519 liquet
1264 1468 1325 1507 eam
1336 1458 1438 1509 realem
1449 1469 1505 1511 non
1521 1470 1596 1519 esse,

379 1548 405 1595 ot
417 1542 461 1595 alii
476 1555 491 1595 e
504 1542 722 1595 lutheranorum
736 1545 821 1603 secta,
839 1539 889 1605 qui
905 1551 968 1591 corr·
1001 1538 1051 1590 sed
1063 1538 1164 1591 virtuu
1172 1544 1295 1603 mutum,
1310 1542 1385 1607 quod
1397 1542 1457 1607 ipse
1475 1543 1599 1597 Cosinus

378 1628 613 1681 salonentiationis
634 1627 765 1691 placitum
799 1628 969 1690 sequuntur,
1003 1629 1066 1689 post
1083 1624 1210 1690 speciosa
1229 1626 1449 1692 verbaprodit.⁸

378 1714 427 1767 sed
461 1713 594 1779 plerique,
612 1710 759 1765 lutherani
792 1712 856 1765 licet
884 1710 967 1774 dicti,
1211 1711 1373 1777 Proposino.

378 1800 500 1867 zuingiio
521 1798 737 1861 assentiuntur,
751 1798 795 1851 vel
819 1796 969 1851 Calvin0.²
1036 1797 1066 1848 ln
1079 1796 1257 1851 Eucharistiae
1280 1801 1456 1853 sacramento
1477 1812 1533 1854 non
1555 1816 1604 1855 re-

377 1885 567 1951 Episcopales,
580 1884 790 1952 anglicanorum
809 1882 968 1936 insistentes
1002 1887 1094 1934 manet
1111 1882 1265 1935 substantia
1291 1884 1370 1949 panis
1394 1891 1423 1937 et
1448 1885 1525 1950 viui,
1543 1889 1596 1941 sed

377 1972 517 2039 vestigiis,
537 1971 725 2025 calvinianam
741 1970 906 2036 adoptarunt
923 1982 969 2023 er·
1002 1966 1136 2020 mirabilis
1157 1974 1185 2021 et
1213 1968 1361 2036 singularis
1388 1972 1533 2026 conversio
1564 1974 1595 2026 lit

377 2069 483 2122 rorem,
502 2063 529 2111 et
551 2058 586 2111 de
610 2058 677 2110 reati
696 2057 795 2109 Christi
822 2054 968 2121 praesentia
1002 2052 1087 2106 totius
1107 2053 1269 2106 substautiae
1287 2054 1367 2120 panis
1385 2057 1415 2108 iu
1435 2068 1547 2123 corpus,
1566 2065 1595 2112 et

377 2143 468 2195 verbis
486 2127 664 2207 amplissimis
681 2140 828 2207 aliquando
848 2142 968 2206 loquuu-
1003 2138 1085 2190 totius
1098 2138 1261 2191 substantiae
1278 2138 1335 2193 viui
1355 2138 1384 2192 in
1405 2142 1570 2209 sanguinem
1587 2183 1601 2207 ,.

377 2231 430 2289 tur,
446 2227 481 2279 de
500 2226 534 2278 lis
557 2228 733 2279 vehementer
751 2230 897 2291 querentes
920 2225 967 2291 qui
1002 2224 1176 2276 manentibus
1194 2224 1327 2277 duntaxat
1346 2227 1492 2292 speciebus
1512 2231 1601 2294 pauis-

375 2310 526 2375 spiritetom
543 2310 715 2375 praesentiam
731 2310 890 2377 figmentum
904 2323 967 2364 esse
1001 2314 1029 2361 et
1045 2308 1116 2371 rini3
1129 2322 1192 2375 quae
1204 2311 1349 2365 conversio
1368 2313 1510 2379 aptissime
1522 2319 1603 2368 tran·

377 2394 511 2447 affirmant
525 2393 665 2461 :plerique
676 2398 768 2448 tamen
780 2396 893 2449 remotis
906 2408 965 2449 ver·
1001 2393 1194 2449 substantiatis
1209 2409 1225 2448 a
1246 2396 1383 2451 catholica
1407 2399 1528 2453 Ecclesia
1545 2412 1602 2467 ap·-

375 2479 474 2533 borum
498 2479 645 2534 involucris
670 2483 769 2533 rectem
789 2482 966 2547 praesentiam
1001 2480 1126 2545 pellatur.

373 2566 457 2632 plane
474 2565 619 2634 denegant.
634 2568 732 2620 Omnes
753 2580 818 2622 vero
840 2567 967 2621 transob-
1033 2566 1092 2617 att.
1111 2567 1283 2621 Probatort.
1297 2571 1503 2637 exscriptoris.
1515 2575 1600 2626 Chri·

375 2652 579 2705 enuntiationem
618 2653 764 2719 reiieiuut,
806 2654 966 2720 nullamque
1000 2652 1527 2723 stusdixiteallocestcorpusmeum:
1543 2660 1591 2714 hic

376 2736 573 2793 elementorum
593 2744 746 2805 agnoscunt
766 2741 964 2805 mutationem,
980 2769 985 2776 ·
1001 2747 1044 2794 est
1065 2740 1138 2794 euim
1158 2736 1271 2810 sanguis
1290 2756 1379 2797 meus.
1402 2764 1457 2791 a·-
1471 2750 1532 2797 nnl
1543 2748 1598 2798 im

375 2831 474 2891 praeter
485 2825 679 2890 symbolicam,
692 2838 745 2890 qua
764 2825 869 2879 scilicet
887 2827 966 2892 panis
999 2826 1023 2877 ri
1035 2839 1104 2890 cape
1115 2843 1169 2890 pau·
1183 2831 1241 2881 sont
1253 2832 1300 2900 γάρ
1311 2833 1359 2881 ieri
1369 2831 1392 2881 st
1403 2833 1465 2895 sipi
1477 2856 1525 2894 pas
1537 2834 1548 2868 ⁸
1558 2863 1593 2873 -

376 2915 402 2963 et
425 2910 519 2964 vinum
543 2911 610 2966 dunt
633 2911 757 2977 symbola
787 2913 910 2978 corporis
938 2919 966 2967 et
1001 2914 1072 2980 Ergo
1088 2915 1163 2978 quod
1187 2916 1264 2970 dedit
1286 2918 1427 2984 Apostolis
1450 2919 1501 2972 init
1527 2934 1598 2974 vere·

375 2993 532 3062 sanguinis,
551 3000 578 3048 et
589 2996 658 3048 adeo
671 2996 784 3064 pignora
795 2998 921 3063 quaedam
938 3004 966 3052 et
1001 3010 1101 3064 corpus
1119 3005 1146 3052 et
1155 3001 1267 3067 sanguis
1285 3003 1494 3070 ejus,nihilque
1505 3006 1590 3058 aliud.

375 3081 555 3134 instrumenta
572 3081 672 3148 quibus
689 3095 790 3149 corpus
804 3089 831 3136 et
852 3085 965 3152 sanguis
1001 3085 1125 3140 Proiecto
1144 3087 1166 3140 si
1187 3088 1267 3154 penis
1288 3095 1316 3142 et
1338 3091 1430 3143 riuum
1442 3092 1596 3158 adessent,

376 3165 588 3233 suscipientibus
615 3168 827 3224 Eucharistiam
842 3183 965 3224 commu·
1000 3171 1051 3224 elia
1069 3173 1217 3226 verborum
1240 3173 1355 3228 formula
1370 3179 1409 3228 utl
1428 3178 1588 3243 oportebat,

373 3253 507 3308 ninantur.
536 3253 677 3321 anglicani
712 3255 838 3321 praesulis
867 3255 962 3311 verbis
1000 3258 1594 3327 uteasigna,pignora,instrumeutaeor·

373 3340 535 3394 sententiam
556 3341 630 3394 illem
653 3340 688 3394 de
714 3342 782 3395 reati
815 3343 962 3409 praeseutia
996 3345 1071 3408 poris
1089 3349 1117 3397 et
1134 3345 1274 3412 sanguinis
1293 3346 1374 3400 simul
1396 3348 1524 3402 datorum
1550 3351 1595 3402 in-

373 3426 461 3490 placet
476 3425 648 3492 exponere.⁵
996 3430 1190 3497 telligerentur.
1236 3431 1352 3486 uixisset
1395 3433 1594 3489 adverbialiter

399 3715 426 3766 lt)
439 3711 548 3754 walchius
564 3711 681 3752 intrudat
702 3711 739 3753 lib.
750 3711 839 3765 symbol.
848 3711 911 3753 Luth.
922 3712 936 3751 l.
946 3711 963 3751 i.
996 3712 1247 3756 audfittedioramueh
1262 3717 1560 3770 nobleruse,andraisedto
1574 3733 1587 3760 a

373 3797 392 3824 c.
402 3783 438 3824 vii.
448 3783 459 3834 5
469 3782 525 3822 ariis.
535 3793 556 3834 p.
568 3786 614 3822 82⁹.
655 3779 658 3786 ’
996 3783 1075 3835 higher
1092 3783 1176 3838 dignit!
1189 3786 1242 3827 than
1260 3787 1317 3828 their
1332 3794 1408 3828 nature
1424 3789 1501 3838 bears;
1511 3789 1545 3829 ior
1553 3801 1587 3831 we

399 3855 427 3905 tt)
441 3854 472 3893 lie
481 3853 653 3893 hatheranorum
662 3851 817 3893 variationibus
825 3851 908 3892 erudite
917 3852 964 3903 agit
995 3854 1080 3895 coeiess
1095 3855 1132 3896 the
1143 3857 1251 3910 necessity
1264 3857 1290 3898 oi
1300 3869 1313 3898 a
1322 3859 1473 3911 supernatural
1483 3858 1525 3899 and
1534 3859 1588 3900 hea-

374 3916 495 3977 Episcopus¹
515 3923 719 3976 Carclopolilanus,
735 3923 827 3964 ioannes
836 3923 963 3974 ,England,
996 3925 1216 3978 venipeimuge,and
1231 3929 1323 3970 thatthe
1333 3929 1394 3980 signa
1403 3935 1482 3971 canum
1496 3930 1588 3970 boeome

372 3995 393 4035 iu
403 3994 480 4036 litteris
489 3994 551 4036 editis
561 3993 583 4036 in
592 3993 766 4046 ephemeridibus
779 3992 850 4044 dietis,
860 3991 963 4034 catholic
996 3996 1132 4038 Sacramenta
1144 3998 1183 4039 but
1199 3999 1228 4051 hp
1245 4000 1282 4040 the
1298 3999 1381 4041 induite
1396 4012 1468 4052 power
1482 4001 1507 4040 oi
1520 4000 1565 4041 ch
1576 4029 1587 4049 ,

371 4064 573 4120 Miscellany,auno
583 4071 638 4107 lete.
996 4067 1068 4109 whose
1076 4079 1156 4120 proper
1163 4068 1224 4120 right
1238 4069 1255 4108 it
1269 4069 1288 4109 ia
1297 4074 1319 4109 to
1326 4067 1438 4110 introduce
1448 4070 1591 4112 sacramente

396 4135 423 4185 (tl
441 4149 452 4172 ι
465 4135 484 4176 lt
492 4135 512 4176 is
528 4141 566 4176 not
579 4135 707 4186 questioned
716 4135 813 4178 whether
821 4136 857 4177 the
865 4135 923 4189 liodp
940 4138 966 4178 oi
995 4137 1017 4177 in
1031 4137 1070 4179 liis
1079 4137 1174 4190 Chumb,
1183 4138 1248 4190 being
1262 4138 1311 4179 able
1323 4138 1385 4179 alone
1400 4143 1422 4178 to
1438 4137 1508 4178 eudue
1525 4138 1590 4178 them⁴

371 4203 444 4244 Christ
458 4205 485 4244 be
494 4204 568 4244 absent
577 4204 631 4245 from
642 4205 678 4246 the
692 4205 817 4247 sacrament
833 4206 884 4259 duty
894 4205 963 4247 admi·
995 4206 1046 4247 nith
1064 4207 1133 4248 rinue
1147 4208 1189 4249 end
1202 4207 1294 4260 efflcaep.
1313 4219 1324 4245 a
1340 4207 1406 4248 Cosin
1415 4208 1451 4248 cb.
1466 4207 1495 4249 iv.
1512 4207 1592 4260 operis

371 4272 464 4314 nistered
478 4276 593 4327 according
609 4281 632 4315 to
648 4276 682 4316 hie
699 4275 835 4329 institution,
850 4277 962 4320 whiohve
992 4277 1038 4329 iam
1051 4277 1117 4318 citati.

371 4347 503 4386 Protastants
511 4344 595 4385 neither
603 4344 672 4386 affirm
681 4357 720 4386 nor
727 4345 817 4396 bellem
828 4347 862 4387 ior
869 4347 886 4387 it
895 4347 960 4397 being
1019 4347 1067 4399 (t)«
1085 4347 1104 4386 lt
1119 4345 1138 4387 is
1156 4346 1189 4388 iar
1203 4347 1269 4388 abore
1286 4347 1417 4400 philosophy
1434 4347 1477 4387 anal
1498 4346 1583 4388 humen

370 4415 433 4468 giren
446 4415 488 4454 and
507 4413 602 4455 received
617 4413 639 4453 in
654 4414 690 4454 the
699 4414 857 4467 Gemanica,
872 4417 888 4456 it
903 4423 962 4458 must
995 4415 1278 4457 reascatbatCnrsrirom
1288 4417 1372 4456 lleaven
1385 4416 1466 4467 (where
1477 4417 1541 4457 alone
1550 4417 1589 4456 lle·

369 4483 434 4526 needs
443 4484 470 4524 be
479 4485 526 4524 that
535 4483 551 4523 it
562 4483 582 4524 is
591 4490 695 4537 present,
705 4485 787 4537 though
796 4485 819 4526 in
832 4497 892 4526 sonae
901 4498 961 4527 man·
994 4485 1118 4538 inlocalis),
1133 4485 1212 4526 should
1227 4485 1290 4525 reach
1305 4486 1368 4527 donn
1383 4490 1405 4525 to
1423 4497 1450 4526 us
1463 4486 1501 4526 the
1510 4485 1590 4526 divine

368 4567 408 4597 ner
416 4555 485 4597 veiled
499 4555 567 4596 under
581 4555 617 4596 the
626 4555 760 4608 Sacrament,
771 4567 795 4597 so
804 4557 851 4597 that
866 4557 890 4597 ot
903 4553 962 4598 itsell
993 4556 1063 4597 virtue
1072 4554 1209 4607 oshc'efleeh,
1219 4566 1244 4596 so
1255 4555 1302 4596 that
1313 4565 1346 4597 tre
1357 4565 1395 4595 are
1404 4554 1468 4595 made
1476 4565 1517 4595 one
1525 4553 1582 4604 body

370 4628 387 4668 it
395 4632 473 4668 cannot
489 4626 516 4668 be
525 4637 582 4668 seen.
592 4625 679 4668 h'eitber
687 4627 707 4668 is
720 4627 737 4666 it
745 4625 837 4668 doubted
847 4638 872 4667 or
886 4627 960 4680 dispu-
993 4625 1044 4668 nith
1054 4624 1112 4664 liin.
1124 4641 1133 4662 ι
1142 4624 1228 4666 Cheli.
1238 4625 1270 4666 liu
1278 4635 1323 4676 quo
1330 4623 1432 4666 desinunt
1441 4629 1473 4664 tot
1486 4624 1514 4665 de
1522 4623 1585 4666 reoli

369 4696 404 4736 ted
417 4697 513 4738 whether
528 4697 564 4736 the
583 4697 651 4738 dread
662 4697 775 4738 audWine
788 4697 816 4749 by
833 4696 870 4736 the
887 4707 974 4748 power.
992 4695 1105 4749 proceeds
1113 4695 1182 4737 dictat

370 4763 396 4804 ci
405 4763 451 4805 God
467 4765 508 4807 aud
522 4777 534 4807 e
549 4767 699 4820 supernatura}
712 4765 796 4817 virtue,
807 4765 833 4806 be
847 4771 879 4806 set
895 4771 958 4818 apert
1018 4765 1114 4819 (bileti.
1123 4768 1175 4808 mi.
1185 4772 1217 4810 td.
1226 4772 1258 4810 ati.
