3792 5550
660 628 731 680 CAP.
751 626 795 677 bl.
811 628 853 678 bb
871 621 1018 677 asabistd
1037 620 1242 673 praecautus.
1523 626 1552 675 bt

382 746 439 797 155.
458 746 486 796 S.
510 744 630 798 irenaeos
650 744 687 797 ait
709 759 716 795 z
735 763 748 789 α
772 745 935 796 potestatem
970 742 1114 804 postquam
1144 737 1251 791 coelitus
1280 736 1376 803 spiritu
1401 738 1499 790 hausto
1529 738 1556 789 in

348 830 565 897 regenerationis
592 831 630 895 tin
651 832 746 894 beumi
767 828 937 882 demandans
970 835 1071 877 novum
1089 838 1133 877 me
1145 824 1283 877 bominem
1296 823 1423 876 nativitas
1437 825 1556 877 secunda

347 914 507 981 discipulis,
526 916 635 968 dicebat
652 916 692 969 eis
716 930 749 966 :o
769 916 871 967 bontas
887 913 936 966 do·
971 909 1122 975 reparavit,
1142 909 1240 961 mirum
1255 909 1286 960 Π]
1301 908 1413 961 mOdum
1432 908 1557 974 prolibus

350 1021 363 1046 ι
381 1006 441 1053 cete
457 1013 554 1054 omnes
574 1007 685 1067 gentes,
704 1000 872 1065 baptizantes
888 1010 936 1051 eos
971 994 1131 1047 confirmare
1155 1008 1184 1047 se
1205 994 1304 1058 dubia,
1331 981 1423 1059 patira
1446 994 1555 1055 clausa,

350 1105 362 1133 s
382 1087 534 1140 innomine
551 1086 652 1149 Patris,
665 1092 693 1139 et
706 1086 779 1149 Filii,
798 1075 826 1139 et
838 1084 937 1150 spiritu
970 1081 1062 1133 lucere
1075 1079 1228 1143 tenebrosa,
1241 1080 1394 1133 facultatem
1406 1079 1472 1132 dare
1482 1081 1555 1145 quod

348 1190 364 1219 »
383 1171 531 1225 sancti.»t
970 1164 1046 1231 prius
1067 1164 1176 1217 difficile
1204 1164 1365 1226 videbatur,
1387 1164 1443 1231 geri
1475 1177 1556 1229 posse

385 1259 441 1309 lbi.
462 1260 489 1309 s.
503 1258 687 1311 Tertullianus
701 1257 757 1310 ait:
773 1255 870 1310 «Felix
888 1256 937 1307 Sa·
971 1248 1045 1315 ouod
1062 1248 1238 1314 impossibile
1259 1248 1415 1315 putabatur,
1440 1254 1469 1301 ut
1483 1258 1557 1302 esset

350 1335 519 1395 aramentum
539 1356 619 1409 aquae
635 1348 753 1404 nostrae,
775 1353 829 1407 qua
851 1338 936 1392 abluti
970 1347 1119 1401 agnoscere
1138 1339 1276 1387 terrenum
1292 1333 1469 1398 fnisse,ouod
1482 1334 1556 1399 prius

350 1427 457 1481 delictis
479 1428 600 1493 pristinae
632 1427 779 1491 caecitatis,
804 1426 832 1478 in
854 1425 936 1479 vitam
971 1421 1115 1474 carnaliter
1139 1426 1233 1474 natum
1266 1420 1372 1473 delictis
1409 1420 1556 1474 obnoxium

351 1492 481 1565 aeternam
494 1513 649 1566 liberamur.
669 1531 685 1561 n
703 1549 823 1564 .....
845 1508 936 1573 «Quid
970 1506 1081 1559 vixisset
1094 1544 1101 1570 ‚
1116 1506 1161 1559 bei
1180 1519 1241 1559 esse
1254 1506 1387 1571 coepisse,
1411 1506 1485 1571 quod
1501 1507 1556 1568 iam

350 1598 438 1663 ergof
456 1617 468 1643 n
487 1596 525 1649 ait
541 1597 672 1660 inferius,
692 1617 704 1643 α
726 1609 819 1650 nonne
837 1595 937 1647 mirao·
971 1590 1086 1656 spiritus
1106 1595 1216 1643 sanetus
1231 1590 1400 1643 animaret.»
1420 1590 1431 1622 ⁴

350 1682 417 1734 dum
434 1687 462 1735 et
479 1684 587 1736 lavacro
601 1683 668 1734 dilui
690 1679 937 1745 mortemtamuin
1018 1680 1074 1729 tal.
1104 1678 1228 1731 Clemens
1260 1678 1456 1731 Alexandrinus
1488 1678 1555 1730 uit:

351 1779 385 1821 θΟ
398 1768 486 1834 magis
506 1769 694 1832 credendum,
714 1769 737 1820 Si
751 1766 815 1832 quib
833 1765 938 1817 mirail·
971 1780 986 1809 tt
1001 1770 1171 1829 βαπτιζομυοι,
1191 1773 1343 1828 peregrum·
1365 1772 1503 1827 φωτιζομιιοι
1527 1772 1558 1813 uio

350 1850 418 1904 dum
432 1856 493 1915 θὸῑ,
515 1852 618 1905 idcirco
636 1865 691 1905 non
711 1852 831 1904 creditur
849 1865 856 1901 ἓ
875 1862 940 1916 qua·
972 1860 1117 1910 stertentem·
1138 1857 1309 1911 inanescentem,
1340 1859 1496 1911 τιλιιωμιθα·
1523 1870 1558 1899 re-

349 1936 471 1989 liaenim
490 1936 570 1989 decet
586 1949 648 1989 esse
665 1935 867 2002 operaenim,
886 1933 939 1985 nisi
973 1954 1107 2001 strumum,
1139 1940 1373 1999 caesarianensis.
1406 1938 1557 2003 baptizati,

351 2034 436 2086 super
448 2033 557 2075 omnem
571 2020 797 2073 admirationem?
809 2021 939 2083 bosono·
972 2026 1173 2091 illuminamur:
1188 2024 1347 2085 illuminati,
1367 2025 1395 2076 in
1414 2023 1483 2077 flios
1496 2023 1558 2076 ado·

351 2118 405 2172 que
434 2104 581 2169 miramur,
600 2106 649 2158 sed
678 2106 740 2171 quia
771 2104 908 2158 credimus
931 2118 938 2154 ἔ
972 2112 1254 2178 ptamurzadoptati,
1273 2110 1453 2176 perficimur:
1473 2110 1558 2175 perfe-

351 2196 480 2245 oaeterum
510 2191 686 2244 incredulitas
717 2191 849 2253 miratur,
880 2201 937 2241 nou
972 2198 1369 2263 011‚imm0rtatesreddimur.
1387 2197 1509 2263 »pergit
1531 2197 1557 2247 id

352 2277 447 2330 eredit.
468 2278 579 2329 iliratur
602 2278 675 2330 enim
701 2275 833 2342 simplicia
859 2275 938 2341 quasi
971 2284 1125 2350 probarent
1145 2284 1281 2349 explicare
1296 2298 1302 2333 :
1317 2301 1333 2331 «
1347 2275 1416 2349 Ego,
1432 2302 1443 2327 r
1459 2281 1557 2348 inquit,

351 2353 420 2415 uana
432 2399 440 2425 ,
460 2362 602 2430 magnilica
620 2362 697 2428 quasi
715 2360 903 2427 impossibilia.
923 2380 936 2407 a
972 2388 988 2418 ι(
1005 2369 1070 2434 dixi,
1080 2369 1120 2421 bii
1131 2370 1207 2434 estis,
1218 2375 1245 2422 et
1256 2368 1302 2421 filii
1313 2368 1416 2421 bacelsi
1427 2380 1531 2421 omnes.
1543 2386 1558 2414 a

355 2488 537 2501 ·····
572 2467 588 2497 «
599 2449 687 2515 IPSIUS
701 2448 829 2515 baptismi
848 2460 939 2500 calna·
972 2457 1061 2509 itultis
1079 2462 1170 2509 autern
1184 2455 1274 2508 modis
1286 2455 1460 2509 vocaturhoc
1474 2463 1556 2519 opus,

352 2534 387 2587 ¹5⁵
410 2541 486 2588 ³02OE
515 2534 589 2601 quod
619 2535 647 2585 5¹¹
679 2548 749 2601 a(1¹¹²
768 2534 937 2601 mergimur·
972 2542 1077 2609 gratia,
1095 2540 1276 2604 illuminatio,
1295 2540 1444 2605 perfectum
1469 2546 1496 2591 et
1520 2539 1557 2589 la·

353 2620 481 2685 spiritalis
529 2618 643 2673 effectus
688 2620 795 2673 delictis
838 2619 938 2671 libera·
971 2640 1092 2680 vacrum,
1115 2629 1262 2679 Lavacrum
1274 2625 1402 2690 quidem,
1416 2637 1464 2689 per
1485 2625 1559 2688 quod

285 2778 288 2784 ¹
352 2719 423 2757 mur·
449 2706 497 2752 »²
971 2717 1082 2778 peccata
1118 2710 1308 2778 abstergimus.
1332 2708 1419 2761 Gratia
1449 2713 1558 2769 autem,

389 2794 445 2846 155.
461 2795 589 2866 Origenes
603 2790 747 2849 cbristum'
758 2808 857 2849 novam
869 2794 940 2848 nati·
973 2811 1026 2863 qua
1046 2796 1219 2850 remitiuntur
1232 2808 1337 2862 poenae,
1360 2809 1421 2861 quae
1439 2795 1558 2860 peccatis

353 2877 463 2931 vitatem
492 2894 541 2934 seu
582 2881 817 2948 regenerationem
854 2880 938 2933 iutro·
973 2882 1558 2948 debentur.illuminatioautem,perqrram

353 2961 465 3017 duxisse
477 2965 514 3017 ait
528 2981 534 3016 :
549 2984 565 3014 κ
584 2967 693 3020 llittens
714 2967 815 3020 etenim
835 2966 939 3019 adhoc
973 2978 1092 3024 sanctam
1111 2969 1184 3022 illam
1205 2975 1232 3022 et
1244 2971 1389 3022 salutarem
1406 2970 1495 3021 lucem
1516 2967 1559 3018 in-

354 3059 423 3113 opus
449 3049 598 3116 discipulos
617 3065 769 3116 suos‚non
789 3053 856 3105 dixit
880 3058 938 3104 tan·
973 3061 1098 3118 tuemur,
1125 3056 1177 3108 boc
1202 3060 1261 3119 est,
1288 3067 1336 3119 per
1359 3066 1440 3119 quam
1472 3055 1558 3105 beum

355 3139 431 3185 tum:
448 3135 937 3204 «lte,baptizateomnesgentestr
973 3140 1161 3206 perspicimus.
1192 3139 1343 3192 Perfectum
1371 3144 1461 3192 autem
1491 3137 1560 3190 dici-

265 3229 272 3234 ·
354 3220 567 3284 sedait:«1te,
588 3223 685 3276 docete
706 3237 803 3277 omnes
825 3229 938 3289 gentes;
973 3239 1053 3287 mus,
1071 3225 1114 3276 cui
1127 3224 1195 3275 nibil
1207 3224 1294 3276 deest.
1313 3241 1329 3271 n
1350 3223 1361 3256 ⁸

352 3324 366 3350 ι»
387 3304 556 3370 baptizantes
570 3317 619 3357 eos
630 3307 783 3358 innomine
795 3307 898 3368 Patris,
913 3312 940 3358 et
1008 3311 1063 3359 138.
1076 3307 1254 3370 scregorins
1266 3307 1448 3358 Nazianzenus
1462 3321 1485 3355 :a
1496 3307 1558 3356 llaec

352 3409 365 3435 »
385 3390 461 3453 Filii,
483 3395 510 3441 et
537 3388 653 3453 Spiritus
674 3388 772 3440 sancti.
800 3408 812 3433 u
847 3389 941 3440 Sciens
975 3390 1104 3454 baptismi
1136 3390 1220 3454 gratia
1250 3387 1277 3442 et
1305 3390 1418 3441 facultas
1438 3395 1479 3442 est
1505 3401 1559 3442 non

353 3473 440 3537 igilur
457 3478 603 3538 utrumque
615 3486 678 3526 esse
692 3472 819 3538 inculpa,
832 3472 941 3539 utrique
975 3475 1069 3528 orbem
1106 3479 1259 3540 terrarum,
1302 3481 1331 3528 ut
1370 3475 1452 3540 olim,
1482 3476 1560 3541 aquis

353 3558 506 3613 remedium
521 3558 609 3621 dedit,
624 3564 654 3611 ut
667 3558 805 3625 generatio
818 3558 941 3612 mortalis
974 3562 1112 3626 obruens,
1136 3561 1186 3613 sed
1204 3561 1419 3626 uniuscujusque
1441 3561 1560 3614 bominis

353 3645 560 3711 regeneratione
579 3644 708 3711 baptismi
733 3651 893 3708 mutaretur,
912 3652 939 3698 et
974 3653 1114 3714 praedatum
1133 3659 1383 3713 purgans,easque
1396 3648 1560 3700 obstructio-

353 3731 501 3798 impietatis
520 3732 671 3785 doctrinam
686 3730 809 3786 doctrina
830 3731 939 3797 pietatis
975 3747 1024 3786 nes
1038 3734 1081 3788 vel
1099 3734 1219 3787 maculas
1237 3746 1300 3800 quae
1318 3733 1383 3788 vitio
1395 3735 1560 3788 contrabun-

354 3818 518 3871 exeiuderet.
539 3818 582 3864 ι’
975 3825 1036 3882 tur,
1054 3820 1351 3886 prorsusabstergens.
1369 3819 1411 3864 »⁶
1481 3873 1484 3882 ,

390 3905 475 3956 fotis
498 3905 665 3971 Cyprianus,
680 3905 713 3957 ad
727 3907 860 3958 Donatum
873 3904 940 3957 scri·
1010 3906 1065 3956 tae.
1085 3907 1111 3955 S.
1132 3904 1291 3957 Ambrosius
1315 3903 1443 3969 baptismi
1465 3909 1557 3968 typum

354 3988 441 4049 bens,
464 3990 644 4043 mutationem
672 4002 733 4056 quae
752 3990 890 4057 baptismo
915 3989 940 4043 ei
974 3989 1020 4055 qui
1042 3991 1070 4040 in
1089 4002 1150 4042 area
1164 3990 1304 4054 praecessit
1319 3989 1475 4054 explicans,
1494 3989 1554 4040 ait:

354 4073 467 4139 contigit
485 4073 576 4126 refert.
588 4075 691 4136 Qubus
704 4079 783 4126 antea
797 4074 942 4126 tenebatur
977 4094 989 4120 a
1007 4074 1088 4127 vides
1101 4087 1216 4140 aquam,
1228 4075 1305 4129 vides
1323 4073 1426 4138 lignum
1438 4109 1445 4134 ,
1458 4072 1558 4122 colum-

354 4155 426 4208 ritiis
444 4157 587 4223 iudicatis,
601 4158 639 4210 ait
659 4172 666 4208 ε
687 4178 700 4204 «
718 4159 771 4211 Sed
793 4163 940 4224 postquam
975 4159 1038 4210 bam
1054 4159 1172 4223 aspicis,
1188 4163 1215 4212 et
1234 4157 1343 4210 dubitas
1358 4156 1392 4208 de
1411 4156 1561 4221 mysterio?

355 4241 436 4295 undae
453 4227 579 4310 genitalis
599 4242 699 4296 auxilio
720 4242 869 4308 superioris
889 4243 940 4296 aevi
975 4243 1050 4307 Aqua
1063 4247 1105 4294 est
1126 4255 1191 4308 ergo
1215 4255 1267 4308 qua
1288 4253 1352 4294 caro
1372 4240 1519 4306 mergitur,
1534 4249 1563 4294 ut

354 4328 416 4380 labe
432 4328 560 4394 detersa,
586 4330 612 4381 iu
638 4328 776 4394 expiatum
795 4332 940 4394 pertusae
976 4338 1057 4380 omne
1086 4326 1212 4378 abluatur
1244 4329 1396 4391 peccatum.
1429 4326 1564 4392 sepelitur

353 4426 452 4478 purum
482 4414 601 4480 desuper
633 4427 663 4467 se
697 4414 788 4467 lumen
820 4412 938 4474 infudit;
976 4412 1030 4464 illic
1047 4397 1243 4464 omne'vitinm.
1262 4411 1376 4478 Lignum
1395 4416 1437 4466 est
1455 4411 1482 4463 in
1508 4424 1563 4477 quo

380 4679 406 4731 (tl
416 4678 440 4719 b.
448 4678 479 4719 iii.
487 4679 535 4719 adr.
542 4677 594 4719 hor.
607 4688 625 4718 c.
635 4677 676 4718 xix.
1000 4674 1027 4728 (t)
1043 4675 1067 4715 1..
1076 4674 1098 4716 ii.
1108 4686 1142 4728 ep.
1153 4678 1183 4716 il.
1192 4675 1226 4716 ed.
1235 4675 1300 4718 basil.
1309 4684 1344 4715 an.
1355 4673 1447 4714 bbxxt.

334 4766 339 4774 ·
379 4748 408 4799 ti)
418 4746 621 4800 bibdobaptismo.
999 4744 1025 4796 (b)
1040 4744 1123 4796 badrg.
1133 4745 1147 4786 l.
1157 4745 1171 4786 i.
1178 4756 1198 4786 o.
1206 4745 1235 4787 ri.

389 4815 408 4868 ³)
422 4816 445 4856 1..
453 4827 472 4857 r.
480 4815 502 4856 in
511 4827 545 4868 ep.
555 4815 582 4855 ad
594 4816 654 4857 bom.
665 4825 687 4854 n.
696 4819 715 4855 ι.
1000 4813 1025 4865 itti
1039 4813 1097 4857 Orat.
1111 4814 1138 4856 al.
