3792 5550
629 553 698 607 cnr.
719 550 775 602 nrt.
796 550 838 601 un
855 548 960 601 sicne
978 546 1164 600 οωιιιιιιιιι.
1298 525 1302 529 ’
1465 547 1516 599 ate

300 664 371 717 uiam
393 666 422 718 in
440 668 598 733 apostolicis
620 668 773 723 canonibus
786 665 887 720 dietum
923 669 970 717 tua
982 664 1183 718 cousuetudine
1195 679 1202 715 ε
1215 665 1348 720 ueceuim
1361 659 1517 717 existiman·

301 756 340 804 est
357 765 451 807 eorum
473 752 536 820 qui,
555 755 711 809 eonducta
737 762 837 815 uxore,
860 750 889 803 in
925 749 991 803 dum
1003 754 1046 802 est
1057 749 1229 816 disciplinam
1240 751 1309 804 adeo
1330 749 1443 803 arduam
1452 760 1512 801 mo·

253 832 254 835 ’
300 838 399 889 clerum
418 847 632 904 promoventur,
644 841 720 894 solos
733 839 851 892 lectores
861 840 889 890 et
923 835 1002 887 ribus
1015 836 1247 901 comprobandam
1259 876 1267 902 ,
1281 837 1334 891 nisi
1346 835 1470 890 districte
1479 836 1513 888 ab

300 929 423 976 certiores
442 938 554 979 uxorem
569 938 651 992 posse
672 926 785 986 ducere;
800 927 826 977 et
837 935 888 977 nos
923 919 992 986 ipsis
1005 921 1134 975 Ecclesiae
1151 923 1311 989 primordiis
1320 922 1442 990 iniuncta
1452 922 1517 976 iuis·

301 1008 351 1061 hee
367 1011 701 1071 servantesdeceruimus,
716 1016 746 1064 ut
757 1009 888 1075 deinceps
924 1012 976 1059 set.
996 1007 1212 1063 constitutiones
1228 1009 1389 1075 apostolieae
1407 1022 1514 1076 magnes

301 1093 365 1144 nulli
374 1093 483 1159 penitus
492 1096 692 1163 hypodiacono,
705 1096 749 1150 vel
758 1095 887 1158 diacono,
923 1097 987 1145 suat
999 1093 1185 1160 antiquitatis,
1193 1100 1228 1149 et
1240 1108 1362 1149 canones
1371 1094 1514 1160 apostolici

300 1178 340 1229 rel
360 1180 536 1247 presbytero,
551 1188 614 1248 post
627 1182 669 1236 sui
684 1180 887 1235 ordinationem
922 1179 1045 1233 mactito
1071 1180 1181 1235 liicaeno
1206 1187 1359 1237 noscuntur
1389 1180 1514 1248 priores,

301 1265 458 1319 contrahere
471 1266 560 1321 liceat.
581 1268 609 1321 Si
627 1274 718 1321 autem
736 1266 818 1321 suerit
835 1268 888 1321 hoc
922 1264 1041 1332 ideoque
1061 1266 1089 1320 iu
1103 1268 1242 1335 plerisque
1253 1275 1374 1323 ueterem
1392 1266 1515 1332 discipli·

300 1362 381 1403 ansus
393 1351 498 1413 iacere,
512 1353 698 1419 deponatur.»
712 1352 721 1387 ί
921 1364 986 1404 uam
1009 1352 1138 1406 exhibeat
1147 1369 1154 1405 ε
1162 1366 1226 1420 quae
1238 1355 1267 1405 iu
1281 1354 1333 1406 hac
1345 1352 1406 1419 lege
1418 1352 1513 1405 claret.

319 1421 386 1489 'leh
403 1439 455 1491 tus
475 1438 691 1491 ecclesiasticum
702 1442 797 1491 vemas
811 1436 889 1490 eleri-
960 1438 1018 1489 187.
1034 1437 1095 1503 obj.
1107 1438 1132 1490 2.
1144 1438 1291 1505 Apostolus
1306 1438 1387 1492 dotes
1404 1436 1516 1503 episeo-

298 1533 388 1575 eorum
409 1524 547 1589 majorum
562 1523 734 1577 matrimonia
747 1522 887 1589 civilijme
921 1518 948 1585 pi
960 1534 1108 1575 recensens
1120 1522 1188 1576 dicit
1206 1537 1213 1573 ε
1234 1523 1287 1575 «si
1305 1522 1368 1589 quis
1386 1521 1514 1577 sinecri·

298 1608 432 1661 munitum
451 1615 512 1662 est:
534 1629 546 1655 a
572 1610 662 1663 Sacris
689 1594 858 1671 canonibus,
872 1626 885 1653 u
921 1606 1424 1672 mineest,uniusuxorisrin-pise
1436 1627 1516 1673 pore·-

298 1692 383 1757 inquit
399 1696 555 1760 imperator
572 1693 758 1756 iustinianus,
772 1713 784 1739 a
797 1706 888 1758 neque
921 1690 961 1745 zie
975 1695 1066 1760 terip—
1078 1691 1150 1745 tilios
1162 1692 1268 1745 hahens
1283 1692 1395 1757 fidelem
1413 1705 1470 1747 ¹1⁰n
1487 1693 1516 1745 5¹¹

297 1777 350 1831 lieo
372 1779 572 1832 amantissimis
599 1778 780 1846 presbyteris,
798 1790 888 1843 neque
921 1776 1098 1831 accusatione
1117 1776 1250 1840 luxuriae,
1275 1782 1324 1829 aut
1344 1783 1400 1831 uon
1418 1778 1517 1831 subdi·

299 1859 534 1917 reverendissimis
557 1864 681 1918 diaconis
708 1870 756 1917 ant
774 1863 888 1917 subdia·
921 1860 1515 1928 tos.·⁴litalias:«0porteterpoEpiscopum

298 1947 372 2001 conis
384 1950 497 2016 nuptias
522 1950 683 2003 contrahere
704 1953 767 2015 post
792 1948 888 2013 hujus·
922 1946 1191 2013 irreprehensibilem
1211 1960 1291 2010 esse,
1310 1946 1393 2000 unius
1423 1948 1516 2001 uxoris

299 2035 369 2087 modi
401 2035 604 2090 ordinationem
643 2033 886 2102 permittentibus,
921 2031 1009 2086 virum
1029 2072 1035 2085 .
1057 2065 1065 2083 .
1087 2069 1094 2084 .
1115 2069 1121 2084 .
1141 2044 1201 2085 suae
1224 2031 1319 2085 domm
1345 2032 1416 2085 bene
1445 2046 1515 2099 prae·

298 2120 345 2171 sed
363 2122 433 2175 solis
446 2120 684 2175 reverendissimis
701 2120 797 2186 psaltis
809 2124 837 2173 et
848 2120 888 2173 le·
923 2118 1043 2185 positum
1053 2156 1061 2183 ‚
1073 2118 1145 2173 lilios
1158 2118 1304 2173 habentem
1319 2118 1517 2173 suhditoscum

298 2206 417 2261 etorihus
437 2206 672 2268 concedentibus,
695 2202 888 2258 animadverti·
922 2204 998 2259 omni
1015 2204 1269 2259 castitate.»³llaec
1280 2204 1458 2259 obviesensu
1473 2204 1516 2256 in-

298 2302 357 2343 mus
371 2294 506 2359 quosdam
519 2291 703 2358 despicientes
720 2290 831 2356 quidem
845 2302 887 2343 sa·
922 2291 1017 2345 dicant
1029 2292 1171 2345 homiuem
1177 2291 1269 2345 mariti
1281 2290 1376 2345 officiis
1388 2296 1417 2345 et
1426 2294 1513 2357 patris

300 2386 360 2427 cros
375 2390 536 2440 canones,»
557 2376 628 2431 etc.¹
643 2396 655 2423 a
668 2375 695 2428 Si
709 2375 808 2442 aliquis
828 2388 888 2441 pre-
921 2377 998 2445 lungi
1019 2377 1238 2444 posse,abseue
1255 2376 1297 2429 sui
1320 2376 1517 2443 gradusdetri-
1561 2367 1564 2370 ’

299 2458 405 2525 sbyter,
417 2469 464 2515 aut
480 2462 630 2525 diaconus,
644 2466 691 2515 aut
702 2461 888 2514 subdiaconus
921 2466 1015 2516 mento
1027 2500 1034 2526 ,
1047 2461 1103 2515 imo
1123 2461 1150 2513 id
1170 2462 1283 2515 omniuo
1300 2462 1407 2515 decere.
1421 2460 1433 2495 ⁸

298 2541 393 2606 postea
413 2547 496 2599 ducat
511 2546 888 2609 uxeremautcencubiuam,
957 2548 1013 2599 tue.
1038 2547 1118 2611 deep.
1145 2547 1247 2598 vocum
1268 2558 1331 2611 quae
1350 2544 1518 2612 objiciuntur

298 2633 344 2680 aut
369 2631 460 2695 palam
484 2635 530 2683 aut
550 2632 672 2692 occulte,
694 2643 773 2684 sacro
797 2630 889 2682 statim
921 2630 965 2684 vis
985 2644 1019 2683 ex
1042 2630 1105 2683 loru
1124 2630 1258 2695 parallelo
1278 2631 1382 2695 optime
1395 2623 1520 2697 intelligi·

297 2711 376 2764 cedat
396 2713 509 2778 ordine,
523 2719 550 2767 et
559 2714 691 2781 deinceps
707 2714 791 2767 idiota
804 2713 848 2767 sit.
863 2711 890 2759 ι’
923 2720 969 2769 tur
981 2729 987 2765 :
997 2731 1014 2762 a
1029 2714 1116 2767 vidua
1129 2714 1246 2782 eligatur
1263 2725 1319 2767 non
1331 2712 1424 2767 minus
1437 2726 1516 2767 sesa·

333 2798 389 2849 lut.
409 2798 547 2853 Probatur
561 2800 589 2852 2.
614 2800 808 2854 consuetudine
829 2813 890 2866 per·
923 2800 999 2868 ginta
1017 2812 1169 2864 annorum,
1191 2812 1254 2866 euae
1273 2799 1354 2854 tuerit
1372 2799 1515 2856 uniuseiri

191 2889 192 2894 ’
297 2886 388 2944 petua.
414 2885 509 2939 Totius
528 2885 656 2940 Ecclesiae
674 2890 731 2938 tum
748 2884 889 2940 orientalis
923 2898 1003 2939 uror.
1014 2905 1027 2931 ι
1038 2913 1068 2923 -
1081 2891 1124 2939 tm
1137 2885 1215 2954 erepte
1226 2885 1307 2952 pail
1323 2885 1519 2954 seususigitur

300 2971 357 3020 tum
371 2970 624 3025 occidentalisusus
636 2971 671 3024 ab
692 2969 890 3038 antiquissimis
924 2969 1021 3024 obuius
1033 2975 1076 3024 est
1094 2970 1180 3024 airum
1191 2971 1218 3023 in
1232 2970 1395 3038 Episcopum
1408 2971 1517 3039 eligen-

299 3051 394 3122 vigens
411 3058 600 3125 temporibus,
614 3064 641 3111 et
652 3071 794 3124 uunquam
810 3056 891 3110 iuter·
923 3057 989 3108 dum
998 3055 1046 3122 oui
1060 3057 1147 3110 semel
1158 3062 1263 3110 tantum
1274 3057 1385 3111 duxerit
1395 3070 1517 3112 uxorem.

298 3146 394 3204 ruptus
405 3182 413 3206 ,
426 3144 524 3210 probat
542 3157 652 3209 semper
676 3142 753 3196 nefas
765 3141 889 3195 habitum
927 3161 939 3190 ι
958 3141 1008 3205 Qui
1021 3155 1104 3195 unam
1123 3155 1236 3196 uxorem
1249 3143 1391 3207 hahuerit,
1401 3155 1458 3197 non
1471 3144 1516 3196 ha·

297 3227 888 3295 eonjugiuminirepostOrdinessusceptos.
924 3227 1007 3290 beat,
1028 3245 1045 3275 s
1068 3228 1107 3279 uti
1120 3227 1313 3281 animadvertit
1333 3230 1362 3280 S.
1386 3228 1516 3296 llierony·

297 3307 453 3366 Graecorum
470 3317 498 3366 et
511 3313 686 3366 orientalium
706 3311 829 3366 emnium
846 3325 889 3364 se·
925 3311 1020 3364 mus.⁸
1038 3314 1075 3364 Ea
1093 3312 1256 3378 tempestate
1278 3325 1363 3378 quum
1386 3313 1516 3366 homines

297 3397 400 3450 ciarum
411 3401 565 3452 censensus
573 3398 660 3452 bacin
671 3411 700 3451 re
709 3396 889 3465 apertenobts
923 3396 1049 3463 plerique
1060 3397 1237 3450 matrimonio
1259 3396 1398 3462 conjuncti
1412 3405 1516 3455 meent

296 3479 470 3552 suffragatur.
491 3486 565 3538 Hanc
590 3490 750 3550 perpetuam
772 3496 889 3538 eonsue-
924 3484 952 3538 in
974 3483 1060 3537 sacris
1072 3482 1207 3537 ministris
1218 3481 1368 3549 seligendis
1381 3482 1425 3536 uix
1437 3487 1518 3549 pote-

297 3565 421 3622 tudinem
434 3571 468 3624 ad
482 3571 629 3638 apostotos
649 3570 751 3624 reterre
775 3581 889 3624 necesse
923 3575 968 3624 ret
986 3581 1083 3622 eorum
1095 3569 1175 3636 eopia
1188 3568 1283 3622 baberi
1296 3568 1343 3635 qui
1363 3573 1444 3622 aetate
1455 3581 1511 3636 gra·

296 3655 473 3712 emniuoest.
923 3668 974 3710 ves
985 3654 1142 3721 nuptiarum
1163 3654 1253 3708 iurent
1270 3659 1416 3720 expertes,
1438 3653 1518 3709 ideo·

421 3741 587 3808 objectiones
607 3743 761 3796 solvuntur.
924 3755 979 3808 que
996 3741 1063 3794 satis
1084 3740 1180 3794 habuit
1196 3742 1344 3808 apestolus
1353 3741 1469 3808 jubere,
1481 3755 1518 3796 ne

330 3823 387 3877 idi.
400 3825 460 3892 obj.
474 3828 498 3876 l.
510 3828 567 3880 lton
580 3833 690 3882 constat
699 3827 735 3881 de
746 3829 808 3896 lege
819 3830 890 3894 lpo-
924 3828 987 3894 euis
997 3828 1124 3895 bigamus
1142 3828 1175 3882 ad
1190 3827 1306 3881 Ordines
1325 3828 1517 3894 suscipiendos

299 3907 413 3974 stelica,
426 3911 470 3965 rel
483 3911 620 3976 prioribus
637 3913 767 3966 Ecclesiae
783 3913 891 3966 saeculls
924 3914 1124 3975 admitteretur,
1137 3914 1232 3966 relicta
1243 3914 1369 3967 libertate
1387 3913 1457 3966 alios
1468 3926 1516 3978 qut

297 3985 366 4055 lata,
384 3994 607 4060 quaconjugium
618 4001 680 4059 post
697 3995 813 4048 Ordines
830 4009 890 4048 sus·
925 3980 1283 4052 sumersetensium
1304 3996 1423 4063 eligendi
1434 4011 1441 4048 ε
1452 4009 1516 4062 quae

297 4083 393 4142 reptos
413 4078 572 4134 vetabatur:
586 4092 650 4132 nam
679 4080 888 4136 constitutiones
924 4081 1021 4156 regula
1030 4093 1140 4146 semper
1160 4080 1187 4132 iu
1204 4079 1330 4146 Ecclesia
1342 4085 1449 4136 seruata
1461 4087 1513 4134 est.

298 4157 377 4216 dictae
395 4186 407 4212 u
418 4163 598 4232 apostolieae»
614 4165 888 4230 carentauctoritate,
923 4169 961 4219 be
971 4165 1094 4231 illlisjam
1107 4165 1208 4232 genitis
1228 4165 1359 4232 loquitur,
1372 4167 1413 4218 uti
1426 4173 1514 4232 patet;

297 4252 323 4298 et
340 4252 478 4306 recentius
487 4251 567 4305 editae
577 4256 737 4304 noscuntur.
923 4249 990 4306 illud
1012 4250 1118 4304 scilicet
1141 4249 1272 4303 indicium
1296 4249 1379 4304 habet
1405 4263 1514 4305 morum

333 4335 389 4388 ¹86.
404 4338 482 4404 neap.
496 4336 611 4390 Omnino
623 4340 733 4390 coastat
752 4348 784 4390 ex
797 4349 890 4402 perpe
923 4336 1106 4434 optimorum,
1119 4343 1148 4390 et
1160 4335 1298 4403 proiectus
1316 4349 1349 4390 ex
1370 4338 1429 4404 ejus
1441 4336 1514 4390 erdl-

322 4612 348 4660 lll
358 4619 420 4670 Apud
430 4619 495 4661 labb.
508 4625 523 4659 t.
537 4623 565 4660 rt.
574 4630 596 4672 p.
606 4625 662 4659 ttae
949 4617 1078 4671 (tiliato.
1090 4616 1116 4669 (a)
1123 4615 1198 4658 ιτίιιι.
1205 4615 1238 4656 ih.
1246 4616 1266 4656 t.

323 4684 351 4734 (ἱ)
362 4686 385 4728 L.
395 4689 436 4731 alr.
445 4688 492 4730 eod.
501 4687 528 4729 de
535 4687 601 4742 apiae.
609 4693 630 4729 et
638 4686 712 4729 cleric.
948 4689 977 4738 lt)
988 4687 1069 4729 strom.
1077 4686 1093 4726 l.
1102 4684 1135 4726 iii.
1145 4683 1175 4737 (t)
1184 4682 1202 4724 1.
1211 4682 1267 4724 Tim.
1276 4694 1296 4723 r.
1306 4689 1326 4723 a.

324 4753 479 4806 illiteratus.
492 4770 570 4812 capa·
947 4755 1111 4809 (ellldnloriu.
1122 4753 1231 4794 l.i.e.xx.

329 4827 391 4883 vet.
409 4845 448 4883 ιιι.
1299 4808 1349 4880 *td
