3792 5550
621 945 995 1057 TRACTATUS
1028 953 1161 1058 xlv.

713 1333 765 1396 DE
789 1332 1072 1399 Pourttrurtrlt.

496 1973 673 2014 pannosarum.
729 2003 736 2016 .
802 1967 805 1974 ’
914 1959 1040 2014 deantius
1062 1965 1178 2026 μιιᾶηιω
1199 1966 1319 2031 dicunt,
1342 1981 1423 2034 quam
1441 1983 1503 2022 -nos

914 2047 1052 2112 possimus
1072 2050 1287 2116 resipiscentiam
1306 2053 1416 2115 dicere;
1437 2056 1504 2108 resi-

273 2195 274 2200 *
321 2127 880 2198 l.Poenitcntia-petnm-qencratim
912 2133 993 2199 piscit
1016 2135 1106 2200 onim,
1128 2149 1161 2189 ac
1183 2142 1302 2191 mentem
1326 2152 1404 2192 suam
1425 2140 1503 2206 quasi

289 2223 387 2277 dicitur
400 2221 483 2275 animi
504 2221 583 2300 dolor
599 2221 633 2273 dc
653 2221 743 2272 errato
771 2215 878 2282 aliqu0,
913 2218 947 2270 ah
962 2219 1067 2273 insania
1091 2222 1204 2288 recipit,
1223 2238 1304 2290 quem
1317 2225 1398 2278 errati
1414 2225 1502 2292 piget,

290 2323 343 2374 quo
365 2323 450 2364 sensu
471 2307 585 2370 verbum
605 2305 756 2374 penitendi
776 2301 879 2370 passim
913 2304 1081 2372 castigatque
1094 2307 1214 2376 seipsum
1226 2308 1505 2375 dementiae,etcon-

289 2395 360 2461 apud
382 2393 530 2460 scriptores
552 2393 683 2462 prolauos
709 2393 877 2456 usurpatur:
913 2389 1004 2444 firmat
1029 2391 1149 2445 animum
1163 2394 1197 2445 ad
1217 2394 1319 2447 rectius
1331 2394 1476 2448 vivendum
1496 2411 1502 2446 :

291 2499 303 2529 r
319 2479 505 2534 Alexandrum
527 2493 620 2552 regem
643 2477 786 2538 videmus,
805 2493 818 2520 a
840 2473 897 2526 ins
914 2482 972 2530 turn
983 2478 1049 2530 illud
1062 2479 1151 2544 ipsum
1161 2481 1278 2534 maxime
1292 2485 1370 2534 cavet
1381 2518 1389 2544 ,
1401 2494 1435 2534 ue
1445 2496 1504 2533 rur·

288 2565 345 2630 quit
368 2565 491 2626 Tullius,
517 2584 529 2609 u
553 2565 599 2628 qui
621 2575 683 2614 cum
698 2559 882 2612 interemisset
915 2576 963 2614 sus
991 2563 1019 2614 in
1044 2564 1157 2617 eosdem
1176 2564 1290 2627 laqueos
1303 2564 1455 2616 inducatur.
1472 2565 1505 2610 st

287 2652 392 2717 Clytum
408 2648 567 2702 familiarem
590 2660 669 2698 suum
680 2683 688 2708 ‚
700 2645 743 2698 vix
756 2656 771 2695 a
787 2656 882 2696 sema·
915 2651 1002 2713 Agere
1014 2647 1202 2712 poenitentiam
1217 2648 1289 2698 idern
1309 2652 1388 2699 sonat
1403 2660 1434 2701 ac
1449 2661 1507 2713 poe-

287 2727 879 2797 nusansttnuttztantavtsmitpoenitendt.»¹
916 2731 1022 2785 nitere:
1039 2751 1051 2778 α
1065 2736 1126 2799 agat
1142 2732 1329 2798 poenitentiam
1339 2732 1506 2799 poenitentiae

292 2822 370 2889 Apud
384 2818 508 2873 Ovidium
522 2819 637 2885 legimus
652 2832 659 2868 t
917 2831 975 2871 suae
992 2856 999 2881 ‚
1013 2835 1028 2864 n
1050 2819 1087 2870 ait
1098 2819 1208 2891 Plinius.
1223 2820 1289 2874 ilinc
1302 2819 1402 2873 lactum
1412 2825 1442 2872 ut
1455 2833 1506 2874 vox

323 2928 335 2954 «ι
358 2904 474 2959 Poenitet
493 2920 499 2955 :
519 2906 554 2957 0!
581 2902 604 2955 si
630 2902 696 2970 quid
719 2902 881 2955 miserorum
917 2906 1009 2957 draeca
1021 2927 1128 2967 pirent·
1143 2907 1183 2960 sic
1195 2906 1382 2960 redderetura
1397 2909 1506 2975 vulgato

359 2988 556 3052 crediturum,
917 2992 1084 3059 interprete,
1102 2994 1181 3060 cujus
1202 2992 1357 3047 versionem
1369 3006 1451 3045 nemo
1467 2993 1506 3045 id·

328 3078 443 3131 Poenitet
455 3091 462 3140 ;
472 3081 498 3129 et
512 3076 581 3129 iacto
593 3080 724 3141 torqueor
741 3074 799 3139 ipse
810 3085 881 3126 mco.
917 3078 991 3131 circo
1006 3068 1186 3146 carperejure
1206 3085 1306 3145 potest.
1321 3080 1453 3145 Equidem
1477 3079 1506 3131 in

259 3148 263 3157 ’
330 3166 453 3228 cumque
473 3161 509 3213 sit
524 3160 649 3221 exilium,
663 3159 750 3225 magis
763 3162 804 3209 est
818 3157 883 3208 mihi
918 3163 1071 3215 vernaculis
1089 3164 1263 3216 versionibus
1283 3176 1365 3217 voces
1376 3166 1506 3230 majorem

363 3249 460 3314 culpa,
473 3244 575 3306 dolori;
918 3247 1092 3309 habentvim‚
1105 3248 1153 3298 sed
1166 3254 1362 3312 quaecontextu
1374 3247 1508 3313 planctui·

327 3336 431 3399 listque
442 3331 497 3398 pati
509 3342 632 3397 poenam,
653 3338 735 3393 quam
753 3324 886 3377 meruisse
918 3330 1006 3393 citur,
1020 3334 1046 3382 et
1067 3331 1160 3383 sensui
1175 3331 1325 3383 christiano
1336 3336 1363 3383 et
1373 3333 1508 3385 constanti

319 3442 323 3450 ·
361 3416 511 3471 miuus.»⁸
920 3414 1329 3480 majorumnostrorumagendi
1341 3414 1439 3468 rationi
1453 3427 1509 3467 om-

328 3504 467 3558 lusonius
479 3501 581 3565 ,Graeci
596 3507 623 3554 et
642 3498 729 3552 Latini
742 3498 887 3554 vocabulo·
920 3498 987 3551 nino
1007 3498 1142 3567 congruit.
1161 3502 1239 3553 Juxta
1265 3500 1381 3554 sanioris
1402 3500 1509 3554 critices

294 3586 566 3652 rumvimexplicat:
920 3586 995 3652 leges
1032 3584 1105 3639 uocis
1128 3585 1291 3653 etymologia
1313 3586 1374 3639 usui
1400 3592 1508 3651 recepto

328 3692 345 3723 ι(
364 3674 430 3725 sum
443 3674 513 3736 liea,
532 3685 593 3738 quae
605 3671 683 3736 lacti,
698 3684 754 3725 non
770 3670 887 3739 factique
920 3670 1008 3733 cedit3
1022 3670 1139 3738 ideoque
1165 3670 1212 3739 qui
1233 3673 1314 3739 hujus
1335 3672 1509 3726 immemores

363 3756 443 3825 exigo
455 3770 566 3825 poenas,
920 3756 1046 3811 vimvoci
1068 3757 1177 3811 insitam
1206 3763 1350 3824 spectant,
1369 3759 1509 3823 ipsocon-

334 3844 438 3909 Nempe
461 3848 491 3896 ut
512 3844 660 3912 poeniteat,
687 3843 727 3897 sic
754 3844 885 3896 netanoea
920 3846 994 3894 textu
1017 3855 1096 3895 sacro
1119 3844 1261 3911 neglecto,
1283 3844 1356 3897 haud
1378 3842 1508 3909 optimam

363 3938 458 3983 vocor.
472 3924 508 3972 »⁸
921 3927 1116 3991 interpretandi
1125 3930 1259 3982 rationem
1270 3934 1430 3995 sequuntur.
1444 3930 1511 3980 Con·

330 4008 488 4065 Lactantius
501 4008 615 4074 pariter:
629 4008 763 4073 ‹isquem
773 4006 835 4059 lacti
846 4008 888 4059 sui
922 4016 976 4064 stat
998 4012 1098 4077 saepius
1123 4012 1281 4077 poenitentia
1319 4012 1455 4077 designari
1482 4011 1509 4062 in

301 4100 434 4164 poenitet,
458 4110 578 4158 errorem
597 4109 677 4148 suum
691 4095 835 4161 pristinum
848 4095 888 4146 in·
922 4095 1068 4161 scripturis
1089 4096 1173 4148 animi
1193 4097 1335 4159 dolorem,
1353 4094 1509 4160 cuiusindi·

303 4184 399 4251 telligit
410 4198 418 4237 z
431 4182 548 4249 ideoque
558 4181 643 4234 Graeci
652 4181 749 4233 melius
762 4187 789 4234 et
806 4179 888 4247 siqui·
922 4180 964 4234 cia
976 4181 1112 4247 prodeunt
1130 4181 1157 4233 in
1171 4181 1294 4246 corporis
1305 4179 1486 4232 afflictatione.
1500 4180 1510 4213 ⁸

323 4428 349 4481 (t)
360 4428 385 4469 ln
401 4428 557 4469 Tusculsnsir.
921 4427 965 4468 The
976 4426 1024 4466 lour
1032 4425 1122 4478 Gospcls
1132 4424 1182 4467 with
1192 4425 1330 4478 prettmlnsry
1345 4424 1493 4466 dissertatione
1504 4462 1511 4483 ‚

326 4497 353 4549 (t)
370 4498 394 4537 t.
403 4497 418 4536 i.
427 4497 453 4537 do
460 4498 527 4537 Ponto
537 4524 544 4548 ,
555 4507 589 4549 cp.
596 4496 611 4536 i.
623 4508 642 4538 r.
651 4500 683 4536 tr.
917 4496 1004 4537 dissert.
1014 4494 1042 4535 ri.
1060 4506 1082 4547 p.
1091 4493 1124 4533 iii.
1141 4494 1190 4547 lpse
1204 4499 1277 4534 tumen
1286 4493 1338 4534 stibi
1346 4493 1508 4535 animadvertit:

326 4569 355 4619 (a)
371 4565 481 4618 Epigram.
494 4566 523 4606 xi.
532 4566 559 4617 tt)
569 4565 709 4606 lnsticdivd.
719 4564 747 4605 ri.
755 4576 773 4605 c.
783 4560 836 4605 ixit.
918 4564 1031 4616 «Though
1042 4564 1078 4603 the
1093 4565 1163 4605 words
1172 4576 1209 4604 arc
1221 4566 1296 4615 Greel,
1308 4564 1387 4607 terrish
1404 4565 1511 4605 eruditiori

330 4638 359 4689 (ὅ)
373 4636 425 4676 Vide
434 4637 507 4677 Hatria.
525 4636 552 4676 xi.
572 4640 604 4676 lt.
613 4636 686 4676 xiitt.
696 4636 719 4676 ln
729 4633 888 4689 protestanticis
922 4637 941 4677 is
951 4636 975 4676 ol
982 4645 1041 4674 moro
1049 4633 1130 4674 service
1136 4634 1187 4673 than
1195 4633 1284 4674 Grecian
1292 4660 1298 4685 ,
1305 4632 1338 4673 ior
1344 4632 1446 4683 bringing
1454 4644 1480 4672 ns
1489 4638 1511 4671 to

299 4704 438 4746 versionibus
453 4706 533 4745 reddita
547 4711 579 4745 est
588 4717 627 4747 rox
640 4718 645 4754 ;
656 4720 667 4743 ι
677 4711 757 4757 repent.
767 4706 832 4745 stam
841 4716 890 4744 vero
924 4708 962 4749 the
974 4713 1022 4747 true
1035 4705 1167 4758 receptation
1181 4706 1206 4747 ol
1215 4706 1274 4746 them
1283 4705 1305 4744 in
1318 4704 1354 4743 tho
1370 4701 1445 4742 sacred
1462 4699 1509 4740 srri·

307 4774 416 4816 contendit
425 4775 534 4829 cumpbell
549 4774 677 4816 reddendum
687 4786 748 4817 esso:
759 4776 864 4816 srelorrn.
883 4790 892 4811 ι
926 4780 984 4829 singu
993 4793 1004 4818 s
1013 4780 1069 4820 nisu.
1079 4778 1094 4818 'n'
1108 4790 1129 4831 p.
1139 4777 1161 4817 ii.
