3792 5550
365 599 397 649 at
639 626 644 632 ·
661 604 665 612 '
736 607 852 659 Thaca.
874 608 915 659 td.
935 602 977 659 bii
996 601 1162 654 neldlslto.

365 713 412 779 qui
425 714 495 768 Petri
507 716 640 771 concione
652 718 685 771 ad
697 722 867 785 baptismum
879 735 956 787 quae.
989 716 1034 769 die
1054 716 1133 770 tertio
1145 720 1172 768 et
1184 712 1320 780 septimo,
1339 718 1367 767 et
1382 713 1422 767 sic
1434 715 1581 768 mundabi-

364 798 480 851 rcndum
502 802 568 854 moti
591 808 672 864 sunt,
694 803 757 857 licet
770 805 851 857 etiam
868 807 956 874 conji-
988 805 1041 852 tur.
1055 820 1068 847 ι
1083 799 1232 864 ‘aspersio
1253 800 1312 852 hoec
1330 800 1412 864 plane
1424 800 1579 866 baptismus

363 896 487 938 cereeos
507 898 562 939 non
582 888 666 940 fuisse
686 889 882 944 immersos:«
902 894 954 955 Qui
988 884 1023 936 ab
1050 890 1162 937 auctore
1192 884 1374 937 Ecclesiastlci
1405 885 1577 949 designatur.

364 982 429 1035 ergo
448 978 609 1035 receperunt
636 986 793 1027 sermonem
815 976 874 1041 ejus
904 976 952 1028 ha·
988 969 1032 1022 Sic
1043 982 1174 1021 manuum
1186 981 1274 1033 usque
1287 968 1320 1021 ad
1335 970 1415 1021 ulnas
1431 970 1497 1023 lotio
1516 983 1579 1035 quae

363 1056 455 1121 ptizati
474 1064 555 1121 sunt,
576 1064 603 1111 et
620 1060 754 1126 apposirae
778 1069 842 1113 sum
862 1061 890 1113 in
909 1062 954 1113 die
987 1054 1095 1107 uenata
1109 1053 1254 1105 Pharisaeis
1267 1061 1413 1119 antequam
1426 1068 1579 1108 mensaeac·

363 1142 522 1195 illaanimae
540 1144 648 1199 circiter
667 1146 876 1200 triamillia.»¹
898 1148 954 1199 Cae·
987 1141 1169 1202 cohiberent,
1198 1139 1351 1205 baptismus
1384 1139 1535 1192 dicebatur.
1565 1140 1576 1173 ⁵

363 1231 452 1278 terum
475 1227 542 1279 nihil
571 1230 638 1282 certi
663 1230 816 1295 affirmare,
853 1232 952 1285 silente
986 1226 1072 1289 Quum
1092 1225 1217 1277 Christus
1241 1225 1312 1277 ¹1³1ssss
1337 1224 1488 1291 negliges&
1508 1237 1574 1277 ⁰0¹¹·

362 1312 500 1376 scriptura
510 1352 519 1375 ,
530 1314 674 1376 volumus3
689 1316 771 1381 idque
784 1316 850 1369 salis
863 1318 952 1370 homi·
985 1311 1179 1373 suetudinem,
1193 1311 1227 1363 ad
1241 1310 1386 1376 prandium
1400 1310 1472 1376 apud
1484 1311 1574 1363 Phari·

362 1395 390 1447 ni
413 1396 562 1451 christiano
580 1412 643 1451 esse
664 1400 811 1463 duximus,
836 1401 952 1456 inlusio·
984 1410 1069 1449 seeum
1080 1396 1226 1459 invitatus,
1243 1396 1421 1449 «Pharisaeus
1435 1395 1517 1461 cepit
1529 1395 1573 1447 in-

361 1493 424 1533 ncm
451 1487 478 1535 et
510 1484 699 1550 aspersionem
730 1485 880 1538 adhibitam
907 1501 951 1540 ve·
984 1489 1213 1548 trasereputans
1229 1482 1435 1546 dicere‚quare
1452 1480 1573 1533 nonha-

361 1566 442 1618 tustls
465 1568 636 1633 temporibus
658 1570 769 1622 tandem
789 1569 948 1635 invaluisse,
983 1570 1099 1635 ptizatus
1119 1575 1192 1622 esset
1210 1576 1274 1623 ante
1291 1568 1446 1636 prandium.
1467 1568 1502 1615 »ι
1520 1571 1573 1620 Ba-

361 1650 495 1715 probanle
518 1654 657 1715 Ecclesia,
681 1654 847 1708 Praesulibus
879 1658 954 1722 Apo·¹
981 1656 1114 1719 ptismata
1134 1655 1266 1717 calicum,
1290 1655 1524 1715 clameciacum,
1543 1658 1571 1705 et

360 1735 493 1789 stolorum
512 1739 718 1793 successoribus
742 1741 947 1804 annuentibus,
982 1747 1209 1803 aeramentorum,
1226 1742 1395 1793 etleclorum
1409 1752 1572 1793 nouneces·

360 1819 460 1884 quihus
473 1822 632 1886 segehristus
640 1823 796 1876 adiuturum
811 1826 947 1891 promisit,
983 1828 1055 1879 sario
1079 1827 1180 1880 fiebant
1195 1827 1361 1894 mergendo,
1381 1826 1430 1879 sed
1450 1825 1571 1879 lotiones

359 1904 515 1971 baptizandi
537 1920 650 1961 munere
662 1908 838 1975 iungentibus
861 1925 948 1977 risque
982 1925 1154 1979 quacumque
1171 1912 1277 1967 ratione
1294 1912 1362 1965 iacta
1377 1910 1413 1964 ita
1432 1910 1572 1964 vocaban-

359 1992 393 2043 ad
411 1994 676 2048 consummationem
696 1996 800 2047 saeculi.
817 1998 882 2048 cum
895 2001 948 2050 hu·
982 2002 1034 2049 tur.
1055 2001 1219 2063 baptismata
1239 2000 1385 2063 Apostolus
1403 1998 1510 2050 vocavit
1526 2010 1572 2062 ge-

360 2078 470 2143 gastine
491 2078 582 2144 itaque
601 2079 718 2133 dicimus
739 2096 775 2131 τα
789 2081 949 2135 insolentis·
981 2082 1095 2134 neratim
1112 2083 1268 2133 ludaeorum
1289 2081 1484 2143 lustrationes,
1504 2095 1572 2146 qua·

360 2163 437 2216 simae
457 2164 570 2217 insaniae
583 2170 625 2217 est
640 2166 779 2231 disputare
797 2181 832 2220 an
849 2168 949 2221 facien·
981 2180 1041 2218 rum
1051 2166 1149 2230 aliquae
1163 2165 1262 2217 debant
1272 2164 1439 2229 aspersione.
1454 2166 1570 2219 constat

360 2248 426 2300 dum
444 2249 480 2301 sit
491 2249 563 2315 quod
579 2255 635 2303 tota
647 2264 696 2317 per
711 2252 807 2305 orbern
819 2253 948 2327 trequen-
981 2251 1062 2315 igitur
1074 2262 1168 2304 vocem
1180 2248 1268 2301 latiori
1279 2241 1363 2301 sensu
1376 2249 1449 2315 apud
1459 2249 1570 2303 ludaeos

363 2339 403 2387 tat
417 2335 546 2387 Ecclesia.
566 2334 604 2381 »ι
980 2334 1071 2397 sumi,
1101 2346 1267 2399 omnemque
1295 2334 1464 2388 ablutionem
1493 2348 1568 2388 com·

392 2420 448 2471 100.
468 2420 527 2483 dij.
545 2421 570 2472 2.
588 2422 751 2487 baptizandi
764 2437 816 2477 vox
834 2425 946 2483 santam
981 2418 1096 2487 plecti⁷

359 2507 525 2564 mersionem
538 2507 688 2573 significat,
695 2511 772 2575 juxta
786 2523 866 2561 usum
879 2509 946 2561 scri·
1013 2506 1068 2555 loa.
1081 2503 1139 2569 obj.
1153 2508 1170 2557 5
1193 2503 1238 2557 llis
1251 2504 1344 2568 vocis,
1357 2511 1438 2573 prout
1449 2506 1475 2558 in
1488 2517 1566 2558 man-

358 2597 485 2657 plorum,
499 2598 556 2644 tum
567 2594 761 2658 profanorum,
779 2601 836 2646 tum
853 2606 946 2647 sacro·
978 2588 1043 2641 dato
1064 2589 1163 2641 Christi
1188 2595 1357 2656 usurpatur,
1381 2604 1413 2642 ex
1432 2605 1483 2644 usu
1504 2590 1568 2643 nori

357 2689 428 2728 rum.
446 2677 515 2743 Ergo
530 2679 651 2731 Ecclesia
672 2679 738 2730 nihil
759 2680 848 2745 potuit
865 2679 945 2730 inno·
978 2678 1144 2731 Testamenti
1164 2679 1320 2733 delinienda
1337 2684 1388 2733 est.
1408 2681 1503 2747 liquet
1520 2693 1567 2732 au·

357 2772 421 2814 vare
446 2760 474 2814 in
496 2774 530 2816 eo
551 2764 625 2829 quod
649 2763 771 2818 Christus
789 2762 943 2816 iaciendum
979 2768 1033 2816 tem
1045 2777 1105 2816 eam
1117 2764 1152 2818 de
1162 2764 1339 2820 immersione
1349 2765 1484 2833 inteiligi3
1503 2779 1566 2818 nam

354 2846 445 2912 jussit.
977 2867 994 2898 a
1006 2850 1267 2914 baptizatuslesus,
1283 2851 1426 2904 confestim
1441 2851 1567 2904 ascendit

391 2935 448 2983 llll.
459 2933 539 2999 Reop.
557 2937 613 2988 vox
630 2941 708 2989 aare.
728 2946 743 2984 a
763 2944 816 2997 qua
837 2931 943 2986 deriva-
977 2935 1012 2988 de
1025 2949 1095 3002 aqua
1111 2952 1118 2988 :
1135 2936 1170 2983 »ι
1189 2943 1216 2989 ει
1228 2937 1294 2990 alias
1310 2951 1316 2987 :
1333 2955 1345 2982 (ι
1365 2935 1567 2990 descenderunt

357 3023 417 3082 tur,
433 3019 535 3086 lioperc
546 3019 695 3086 signifieat,
708 3029 770 3082 quae
783 3017 944 3084 plerumque
979 3025 1093 3086 uterque
1111 3020 1246 3086 inaquam
1259 3060 1264 3078 ,
1284 3019 1425 3085 Philippus
1437 3024 1464 3072 et
1477 3031 1564 3072 eunu-

332 3132 336 3136 -
356 3102 544 3174 iitmcrgendc
558 3122 565 3157 :
577 3106 675 3163 eante·
688 3100 886 3166 significatione
897 3140 905 3167 ,
915 3108 943 3157 et
977 3106 1069 3168 chus,
1083 3110 1109 3157 et
1118 3105 1263 3170 baptizavit
1273 3118 1345 3157 cum.
1360 3104 1395 3150 ιι

356 3202 409 3242 usu
431 3189 608 3258 frequentiori
627 3198 745 3255 inerperc
766 3191 825 3250 est;
846 3187 943 3242 sedet
1010 3189 1068 3241 lot.
1088 3191 1165 3254 Rcsp.
1185 3190 1232 3241 llla
1252 3188 1408 3242 testimonia
1429 3202 1485 3244 non
1505 3202 1565 3256 pro·

355 3274 474 3327 lotiones
493 3275 560 3326 alias
578 3285 611 3324 ex
630 3270 806 3334 judaicorum
825 3273 943 3339 scripto·
975 3275 1043 3327 hant
1069 3273 1275 3326 immersionem
1299 3273 1459 3341 designari,
1481 3288 1564 3340 quum

355 3374 417 3413 rum
445 3374 511 3423 usu,
533 3357 580 3423 qui
604 3356 741 3423 praecipue
758 3359 941 3415 attendendus
976 3360 1033 3414 lieri
1045 3360 1165 3426 poterit,
1183 3364 1212 3411 ut
1228 3358 1402 3411 descenderit
1418 3361 1446 3409 in
1465 3371 1564 3423 aquam

357 3453 417 3509 est,
433 3442 671 3510 complectebatur.
684 3443 760 3509 apud
771 3446 942 3498 Ecclesiasti·
974 3449 1072 3507 iesus,
1095 3446 1175 3510 eique
1192 3443 1219 3497 in
1239 3445 1315 3496 alveo
1337 3440 1456 3493 fluminis
1480 3442 1564 3494 stanti

356 3544 417 3590 oum
442 3529 558 3594 legimus
582 3544 589 3580 :
613 3532 776 3599 scarcellam
803 3531 848 3580 ιιι
874 3553 941 3600 inape
975 3543 1057 3582 uranu
1074 3528 1202 3581 infuderit
1220 3529 1567 3592 aquamloannes‚prout

356 3616 394 3666 sal
412 3629 480 3664 esan
498 3615 620 3676 ιπιμιη,
641 3623 720 3681 atrio,
738 3619 760 3666 η’
775 3618 853 3682 leue
872 3619 891 3666 tr
912 3629 941 3681 sp
976 3614 1127 3669 irrvetustis
1137 3597 1251 3690 picturis
1264 3612 1417 3664 exhibetur.
1431 3614 1563 3665 Caeterum

357 3718 449 3769 >arem
462 3705 526 3762 irat
545 3700 580 3747 ⁸«
600 3702 649 3766 Qui
669 3701 820 3768 baptizatur
837 3717 852 3756 a
867 3717 940 3756 m0r÷
975 3705 1035 3753 esto
1060 3700 1267 3764 immersionem
1286 3697 1324 3750 ibi
1348 3697 1479 3761 indicari,
1503 3698 1567 3772 quid

355 3793 420 3848 tuo,
439 3787 581 3840 etiterum
600 3787 690 3852 tangit
707 3800 784 3851 eum,
799 3788 864 3860 quid
877 3800 941 3853 pro·
974 3791 1048 3841 vetat
1069 3797 1165 3838 vocem
1191 3782 1338 3860 aliquando
1365 3796 1449 3836 sensu
1470 3781 1561 3834 latiori

356 3871 412 3925 licit
430 3872 528 3929 lavatio
542 3872 633 3927 illius?
647 3893 658 3919 ι
676 3871 753 3937 Lotio
773 3879 864 3924 autem
878 3885 940 3938 quae
975 3869 1066 3934 sumi,
1080 3874 1162 3944 prout
1175 3868 1315 3944 plerisque
1327 3867 1442 3921 vocibus
1456 3867 1566 3927 coutin-

324 3977 327 3984 ·
354 3959 414 4025 lege
425 3957 579 4026 praescripta
592 3963 650 4021 est,
661 3957 704 4009 his
713 3957 869 4010 enuntiatur
880 3970 940 4010 ver·
975 3956 1034 4023 git?

354 4045 398 4096 his
416 4060 422 4095 ε
440 4063 452 4089 α
471 4043 520 4106 Qui
538 4043 655 4110 tetigerit
673 4042 789 4095 cadaver
806 4040 941 4104 hominis,
1009 4041 1065 4092 litt.
1086 4037 1144 4104 obj.
1158 4040 1183 4090 ι.
1198 4036 1320 4103 apostoli
1334 4049 1436 4088 munus
1454 4034 1507 4088 sihi
1518 4033 1566 4086 dc·

356 4134 514 4194 eapropter
538 4129 591 4181 hoo
616 4133 721 4198 septem
743 4125 841 4178 diebus
861 4125 942 4178 fuerit
976 4124 1136 4177 mandatum
1168 4124 1270 4189 optime
1301 4121 1466 4174 intellexisse
1498 4132 1565 4172 cen·

356 4214 534 4278 immundus,
558 4218 717 4291 aspergetur
741 4224 773 4275 ex
798 4211 849 4272 hac
871 4224 942 4290 aqua
977 4208 1056 4276 sendi
1072 4215 1155 4279 sunt,
1174 4208 1221 4286 qui
1236 4213 1330 4270 tamen
1347 4217 1496 4280 numquam
1514 4203 1565 4256 alia

380 4474 409 4525 (ti
420 4475 464 4514 let.
478 4471 501 4513 ii.
511 4476 543 4521 ιι,
979 4476 1057 4508 manua
1069 4474 1134 4517 carpo
1142 4469 1214 4514 ιειιιιι,
1222 4461 1285 4514 aquia
1294 4471 1432 4512 emerserat·
1443 4459 1564 4512 Spencerus

379 4544 407 4595 (a)
418 4543 553 4597 Ep.c.1riii.
982 4537 1013 4576 lle
1020 4535 1105 4586 legibus
1114 4534 1252 4574 Hebraeorum
1261 4530 1375 4572 ritualibus
1384 4529 1397 4569 l.
1408 4529 1434 4570 iv.
1442 4539 1462 4568 c.
1471 4526 1498 4566 rii
1517 4526 1536 4579 g.
1546 4527 1567 4566 ii.

381 4618 409 4668 [ι]
418 4613 597 4658 aretinense
1004 4604 1032 4656 (tl)
1044 4605 1095 4653 Luc.
1104 4603 1132 4643 xi.
1142 4608 1175 4643 ts.
1244 4642 1246 4646 ,

382 4686 411 4736 (ι)
419 4687 482 4726 hum.
490 4685 531 4724 xix.
541 4686 571 4722 ιι.
1005 4674 1032 4725 (l)
1043 4674 1106 4713 Marc.
1117 4671 1154 4712 vii.
1163 4676 1182 4710 ι.

382 4757 411 4807 (lt)
427 4769 438 4794 u
455 4754 534 4795 ludaeis
553 4752 650 4793 solemne
668 4754 714 4790 erat
733 4759 789 4789 nunc
811 4724 942 4794 Wi'fffffl's
1007 4739 1175 4794 (munditie.

357 4836 413 4877 aqua
436 4825 504 4865 effusa
531 4833 608 4863 manus
624 4821 724 4871 abluere,
750 4806 943 4864 cunctantior,
1006 4809 1182 4866 [discumbas.
