3792 5550
638 1040 1013 1256 ralcrxrus
1047 1098 1179 1206 xvr.

584 1499 654 1595 'nx
691 1499 927 1566 axrxxxrt
962 1501 1229 1572 uxcrroxr.

518 2240 623 2294 cxrur
641 2242 660 2292 r.
922 2243 1033 2295 conant
1058 2243 1208 2297 conatuum
1227 2230 1414 2298 tridentinum
1433 2261 1439 2297 ε
1456 2265 1467 2293 a
1484 2248 1512 2300 si

922 2330 986 2392 <ptris
997 2327 1111 2392 dixerit,
1121 2332 1273 2382 Extremam
1287 2331 1444 2385 linctionem
1457 2345 1512 2386 non

419 2423 450 2461 or
463 2425 617 2464 sacnarrmrrr
635 2425 767 2465 vmrrxrr.
922 2426 985 2466 esse
1004 2427 1067 2466 vere
1088 2420 1116 2467 et
1134 2415 1244 2480 proprie
1269 2417 1473 2469 Sacramentum
1497 2431 1512 2469 a

922 2499 1030 2551 Christo
1054 2500 1169 2553 liomino
1188 2508 1283 2554 nostro
1304 2502 1473 2566 institutum,
1485 2510 1512 2556 el

332 2581 354 2630 l.
373 2581 505 2634 Extremo
518 2589 631 2636 vocatur
644 2585 738 2636 [irretio
759 2584 805 2636 illa
826 2598 887 2650 quae
906 2594 937 2657 ⁸a
948 2581 1031 2635 heato
1047 2584 1287 2650 tacobollpostolo
1300 2589 1511 2653 promulgatum,

297 2663 355 2716 lieri
368 2667 513 2719 consuevit
525 2669 635 2734 aegrotis
646 2669 673 2720 ln
684 2671 784 2722 mortis
793 2670 888 2723 discri-
923 2667 972 2719 sed
982 2667 1063 2719 ritum
1076 2671 1182 2720 tanturn
1195 2674 1337 2734 acceptum
1349 2685 1364 2723 a
1376 2672 1510 2734 Patribus,

296 2751 370 2804 mine
391 2753 555 2807 constitutis
593 2755 658 2807 Earn
683 2757 887 2809 sacramentam
922 2757 970 2805 aut
989 2753 1150 2819 figmentum
1175 2755 1344 2816 humanum
1366 2757 1510 2810 anathema

296 2849 358 2889 essa
369 2839 478 2905 negavit
490 2839 620 2893 audacter
627 2842 762 2894 lutherus
772 2880 780 2906 ,
790 2842 887 2896 Jacobi
922 2839 966 2891 sit.
980 2856 996 2887 a
1008 2840 1058 2893 «si
1066 2839 1130 2906 quis
1142 2842 1260 2905 dixerit,
1274 2855 1379 2896 sacram
1389 2842 1511 2897 infirmo-

297 2922 460 2988 epistolam,
474 2924 500 2977 in
514 2939 568 2991 qua
587 2928 804 2992 commendatur,
817 2936 886 2983 stra·
921 2938 983 2976 rum
996 2925 1154 2979 unctionem
1173 2940 1228 2980 non
1243 2927 1367 2980 conterre
1378 2928 1509 2995 gratiam,

297 3007 415 3061 mirream
428 3023 507 3074 esse,
527 3017 554 3064 et
571 3014 701 3079 apostolo
720 3027 833 3081 prorsus
845 3015 886 3069 in·
921 3024 972 3064 nec
997 3011 1135 3072 remittere
1154 3018 1284 3077 peccata,
1304 3026 1354 3066 nec
1382 3013 1510 3067 alleviare

294 3092 424 3159 dignam,
452 3096 598 3151 affirmans.
623 3120 635 3145 «
657 3101 756 3154 omitto
769 3103 841 3155 enim
853 3124 883 3166 ‚a
920 3096 1060 3158 infirmos3
1072 3097 1120 3150 sed
1128 3098 1185 3163 jam
1198 3110 1335 3163 cessasse,
1346 3100 1425 3164 quasi
1443 3098 1509 3151 olim

297 3177 417 3245 inquit«
429 3182 503 3246 quod
518 3183 589 3235 hanc
602 3183 745 3249 epistolam
759 3198 813 3239 non
824 3200 886 3240 esse
919 3188 1026 3234 tantum
1048 3181 1129 3234 luerit
1141 3183 1225 3247 gratia
1240 3183 1411 3235 curationum
1423 3197 1430 3243 ;
1443 3196 1510 3235 ana-

296 3267 419 3329 apostoli
440 3268 553 3331 iacobi,
566 3280 617 3320 nec
629 3269 779 3334 apostolico
790 3270 886 3335 spiritu
920 3268 1012 3319 thema
1025 3268 1069 3318 sit.
1085 3287 1097 3313 r
1111 3286 1123 3312 ι
1135 3267 1163 3318 Si
1175 3267 1237 3332 quis
1245 3266 1357 3329 dixerit,
1376 3270 1509 3319 Extremae

293 3350 407 3417 dignam
427 3354 505 3406 multi
524 3354 603 3407 valde
621 3355 888 3420 probabiliterasse-
921 3351 1062 3403 tinctionis
1081 3350 1162 3403 ritum
1175 3357 1203 3403 et
1213 3364 1399 3415 usum,quem
1414 3351 1510 3403 obser·

296 3442 370 3498 rant,
382 3438 446 3491 licet
465 3439 666 3493 consuetudine
676 3441 885 3505 authoritatem,
919 3435 1509 3501 vatsanetaRomanaEcolesia,repugnare

291 3523 494 3589 cuiuscumque
507 3524 558 3587 sit,
571 3524 730 3578 obtinuerit.
743 3528 844 3580 lemen
862 3529 885 3581 si
920 3521 1064 3575 sententiae
1081 3521 1257 3574 beatitacobi
1271 3520 1410 3586 Apostoli,
1433 3519 1509 3573 ideo·

298 3607 380 3659 etiam
402 3616 476 3661 esset
489 3610 627 3675 Apostoli,
646 3610 766 3664 dicerem
781 3624 835 3665 non
854 3614 885 3665 li·
919 3620 974 3674 que
987 3620 1050 3660 enm
1061 3608 1239 3667 mutandum,
1261 3608 1509 3673 possequeadnrl-

291 3703 360 3744 cere
377 3694 516 3759 apostolis
540 3708 589 3747 sua
615 3698 780 3751 authoritate
791 3701 885 3753 Sacra·
919 3693 1016 3747 silanis
1031 3694 1135 3760 absque
1148 3698 1258 3758 peccato
1278 3692 1434 3754 contemni;
1447 3706 1509 3747 ana·

296 3783 419 3831 mentum
430 3780 572 3833 instituere
582 3795 588 3831 ι
600 3781 653 3835 hoc
666 3783 738 3835 enim
756 3784 790 3836 ad
810 3785 885 3837 Chri·
919 3782 1011 3833 thema
1024 3779 1094 3832 sit.»
1111 3800 1123 3825 a
1140 3780 1167 3831 Si
1189 3779 1251 3845 quis
1268 3778 1384 3842 dixerit,
1397 3779 1509 3845 presby-

297 3865 368 3915 stum
386 3865 476 3917 solum
496 3866 657 3931 pertinebat.
667 3868 837 3922 >udalricus
847 3872 886 3922 di·
920 3871 994 3918 ieros
1022 3864 1166 3926 Ecclesiae,
1187 3876 1257 3929 quos
1277 3864 1373 3917 beatus
1393 3864 1509 3916 lacobus

296 3947 351 3999 cit:
369 3969 381 3995 ι
399 3950 519 4001 Tertium
541 3949 886 4005 fictitiumsacramentum
920 3949 1100 4003 adducendos
1127 3963 1189 4001 csso
1204 3950 1237 4001 ad
1256 3949 1508 4015 infirmumungen·

258 4094 262 4103 Ι
292 4040 339 4084 est
354 4036 479 4085 Extrema
493 4034 596 4086 tinctio.
617 4072 623 4085 .
645 4073 650 4085 .
673 4074 679 4085 .
698 4037 826 4102 Eiusdem
844 4052 886 4091 ra·
920 4036 986 4087 dum
998 4037 1130 4097 hortatur,
1149 4046 1205 4086 non
1222 4047 1282 4086 esse
1304 4035 1461 4087 sacerdotes
1474 4037 1508 4087 ab

297 4116 380 4171 tionis
399 4124 442 4171 est
458 4117 509 4170 ista
528 4119 638 4182 unctio,
665 4122 743 4187 cujus
756 4134 818 4174 esse
829 4136 886 4175 ma·
920 4122 1055 4187 Episcopo
1066 4120 1284 4182 ordinatos,sed
1294 4126 1374 4172 aetate
1383 4120 1508 4173 seniores

296 4214 382 4256 nuum
404 4204 607 4269 impositionem
620 4217 702 4270 supra
718 4205 886 4261 demonstra·
919 4208 948 4261 in
980 4206 1075 4273 quavis
1120 4205 1336 4267 communitate,
1362 4205 1398 4257 ob
1426 4205 1508 4272 idque

293 4286 405 4339 vimus:
420 4301 519 4354 nempe
539 4288 698 4342 histrionice
716 4291 883 4357 hypocrisis,
918 4292 1060 4359 proprium
1094 4294 1228 4342 Extrcmae
1263 4288 1404 4342 Unctionls
1432 4290 1507 4344 mini-

291 4384 349 4435 uua
363 4372 429 4426 citra
449 4374 584 4427 rationem
597 4379 624 4427 et
642 4373 703 4428 eine
715 4376 804 4429 fructu
814 4385 884 4444 llpo·
918 4386 1006 4432 strum
1031 4390 1087 4431 non
1116 4390 1178 4430 csse
1207 4376 1296 4429 solum
1319 4376 1507 4439 sacerdotem;

291 4457 383 4509 stolos
405 4458 505 4511 referre
523 4460 627 4513 volunt.
644 4458 678 4505 »¹
697 4463 809 4515 Errores
830 4463 881 4517 hos
917 4465 1062 4517 anathema
1081 4463 1125 4515 sit.
1141 4460 1176 4508 »i

320 4719 348 4767 (l.
362 4718 420 4760 L.de
428 4720 505 4773 captiv.
516 4722 617 4776 Babylon.
941 4726 969 4779 (1]
980 4726 1038 4769 Sars.
1047 4725 1088 4767 air.
1097 4736 1144 4767 can.
1164 4725 1180 4765 i.
1195 4726 1219 4766 ii.
1231 4727 1263 4768 iii.
1279 4726 1307 4769 ir.
1316 4726 1344 4767 dc
1361 4725 1460 4767 Extrema
1468 4726 1510 4767 lin-

320 4787 407 4837 (Elinoi.
417 4790 431 4830 l.
441 4792 469 4832 iv.
478 4804 497 4833 c.
506 4792 546 4833 xix.
555 4805 576 4833 n.
586 4800 617 4835 ts.
681 4828 684 4833 .
916 4796 997 4837 ctione.
