3792 5550
361 593 415 646 ³22
680 587 794 650 TllllCT.
813 588 888 638 livii.
906 587 948 638 bn
967 583 1078 636 sedilis
1097 578 1279 634 caelitibus.

400 711 442 762 dii.
455 711 532 774 serp.
544 710 603 760 Non
613 707 686 756 imus
695 703 956 769 indciasEpiscopos
990 709 1136 751 muncrum
1159 693 1335 755 discrimine,
1356 688 1433 756 quod
1452 688 1488 740 ab
1510 685 1587 739 initio

368 796 396 848 in
414 808 487 848 novo
505 795 680 846 Testamento
696 789 788 843 vocari
801 789 884 842 eiiam
896 801 958 853 pre·
990 783 1091 850 viguit,
1106 781 1216 833 nitatur.

365 882 504 948 sbyteros,
513 884 648 945 pastores,
660 881 687 928 et
697 875 837 927 ministros
847 873 956 926 christi:
1025 871 1067 921 67.
1087 867 1146 933 obj.
1166 867 1193 916 Ξ.
1211 866 1239 916 S.
1253 863 1379 914 Clemens
1391 861 1535 911 Romanus
1553 856 1586 908 de

368 980 432 1019 narn
450 962 610 1029 otnpostoli
624 961 664 1014 sic
674 966 875 1026 nuncupantur.
886 962 959 1011 Prae-
993 953 1132 1020 apostolis
1155 951 1240 1003 dicit:
1264 969 1277 994 α
1298 945 1487 999 Praedieantes
1509 942 1588 1008 igitur

368 1059 443 1105 terea
462 1050 490 1102 in
507 1048 636 1102 Ecclesiae
656 1045 814 1118 primordiis
835 1045 959 1111 plerique
996 1055 1045 1107 per
1055 1041 1182 1106 regiones
1194 1049 1225 1088 ae
1235 1035 1327 1096 urbes,
1336 1029 1475 1098 primitias
1486 1040 1589 1089 earum,

368 1138 405 1190 ab
422 1134 559 1201 Apostotis
577 1132 811 1197 electi-{constituti
824 1135 888 1184 sunt
900 1130 961 1195 Epi·
994 1127 1092 1192 spiritu
1113 1137 1176 1177 cum
1196 1121 1376 1189 probassent,
1397 1116 1426 1168 in
1439 1113 1589 1179 Episcopos

367 1221 445 1286 soopi
455 1256 463 1284 ,
473 1225 504 1272 nt
515 1225 628 1286 possent
640 1224 740 1284 praesio
752 1231 814 1270 esse
824 1218 857 1269 ad
868 1216 960 1269 omnia
994 1217 1021 1264 et
1039 1212 1173 1264 diaconos
1190 1219 1286 1260 eorum
1306 1203 1353 1269 qui
1366 1199 1500 1254 credituri
1515 1201 1589 1250 erant

370 1306 464 1358 munia
478 1318 556 1357 sacra
573 1304 721 1365 obeunda,
733 1307 761 1354 et
778 1302 961 1354 Ecclesrarum
995 1295 1205 1350 constituerunt.
1218 1290 1249 1337 ω’
1259 1290 1304 1342 sic
1318 1294 1345 1340 et
1355 1285 1401 1339 aiii
1411 1281 1589 1339 vetustissimi

369 1405 434 1458 qnae
447 1392 475 1444 in
489 1391 548 1444 dies
560 1390 745 1442 fundabantur
755 1386 882 1454 regimini
894 1397 961 1451 prae·
995 1385 1090 1434 Patres
1105 1379 1176 1432 dnos
1198 1378 1249 1428 bos
1265 1373 1378 1427 ordines
1395 1374 1505 1423 tantum
1518 1379 1589 1419 com-

372 1480 434 1543 fici,
451 1480 534 1546 plene
557 1478 683 1531 instructi
698 1476 870 1529 auctoritate.
893 1472 962 1525 llinc
996 1469 1166 1519 memorant:
1181 1459 1333 1528 presbyteri
1347 1454 1588 1524 igiturEpiscopo·

371 1568 465 1632 plures
485 1566 513 1617 in
537 1565 634 1617 eadem
655 1565 722 1616 urbe
743 1563 825 1616 simul
841 1565 964 1615 versatos
996 1565 1058 1605 rum
1071 1549 1182 1603 nomine
1195 1546 1318 1601 veniunt·

373 1650 549 1704 essemirum
564 1654 689 1712 nonest,
704 1647 829 1714 quamvis
849 1646 964 1711 nilpro-
1030 1639 1072 1690 68.
1095 1637 1174 1700 liesp.
1194 1632 1224 1685 ld
1254 1629 1358 1696 optime
1384 1629 1524 1680 consonat
1551 1619 1590 1673 llis

373 1739 421 1790 bet
437 1737 569 1790 omnibus
588 1739 692 1802 paritor
708 1736 767 1798 ejus
779 1746 875 1788 curam
892 1744 966 1784 corn·
999 1725 1075 1790 quii,
1089 1727 1151 1788 posi
1163 1718 1322 1779 Petalium,
1340 1714 1464 1767 diximus
1483 1711 1519 1762 de
1536 1708 1591 1774 ill&

374 1824 498 1877 missam,
517 1827 538 1875 E
559 1829 655 1877 contra
672 1822 791 1874 lacobus
814 1819 965 1884 Hierosoly·
999 1811 1092 1875 risque
1108 1806 1143 1859 ab
1157 1803 1295 1871 Apostolis
1314 1799 1475 1854 constitutis
1487 1793 1590 1860 Episco·

373 1923 484 1964 morum
507 1909 658 1975 Episcopus
680 1907 766 1959 luisse
788 1902 965 1971 singularisa
1000 1895 1056 1960 bist
1075 1892 1176 1959 (lilibus
1193 1889 1275 1942 eiiam
1293 1886 1410 1940 dabani·
1432 1883 1471 1934 ὓῑῑ
1484 1879 1592 1932 adnm

374 1993 569 2048 vetustissimis
596 1992 775 2058 scriptoribus
802 1991 919 2050 dicitur3
939 1993 966 2039 et
1000 1983 1026 2032 S·
1039 1977 1224 2044 Epiphanius,
1237 1973 1386 2026 diffluum
1403 1967 1439 2020 ad
1452 1973 1592 2018 ⁸³⁰¹”0lum

377 2081 469 2142 Titus,
487 2086 514 2132 et
531 2079 704 2137 Timotheus,
718 2075 904 2142 singularibus
916 2075 966 2125 Ec·
999 2078 1144 2118 munerum
1168 2063 1307 2116 decorem.
1336 2060 1426 2109 Penes
1444 2052 1594 2118 Episcopos

377 2165 470 2218 clesiis
497 2164 616 2231 praeieeti
646 2169 819 2224 noscuntur,
847 2159 966 2211 aliorum
1000 2157 1091 2204 autem
1111 2153 1169 2202 erat
1185 2145 1378 2213 presbyteros,
1394 2151 1441 2206 pro
1460 2134 1595 2189 Ecclesia·

375 2261 448 2313 qnos
463 2248 593 2300 creabant
610 2247 807 2310 Episcoporum
825 2257 891 2297 cura
912 2243 967 2294 illis
1001 2251 1061 2290 rum
1095 2235 1278 2293 necessitate,
1309 2228 1451 2283 ordinare.
1472 2221 1595 2274 Profecto

377 2330 542 2384 concredita.
558 2331 617 2382 Veri
628 2329 747 2382 nominis
758 2329 907 2394 Episcopos
918 2341 968 2392 op·
1001 2324 1126 2376 Clemens
1145 2320 1203 2386 ipse
1221 2319 1278 2384 jam
1299 2313 1382 2366 trium
1405 2309 1545 2378 graduum
1558 2303 1595 2356 di·

377 2415 492 2482 pidatim
512 2415 722 2468 constituendos
745 2427 761 2466 a
782 2414 842 2466 Tito
864 2412 968 2465 indicat
1002 2408 1175 2463 stinctionem
1190 2403 1359 2464 tradiderat,
1378 2398 1415 2450 ad
1437 2397 1530 2462 legem
1547 2395 1597 2444 llo·

378 2502 494 2563 Paulus,
513 2513 583 2566 quos
599 2501 775 2566 presbyteros
796 2499 970 2565 primumvo·
1002 2495 1070 2548 mini
1082 2507 1143 2547 eam
1155 2491 1298 2545 rcierensz'
1318 2483 1470 2548 «namqui
1481 2491 1597 2546 sequun-

376 2593 439 2651 cat,
451 2587 586 2640 uocabulo
606 2586 769 2652 dignitatern
789 2585 968 2651 designante,
1002 2588 1047 2634 tur
1056 2582 1132 2646 leges
1140 2575 1322 2638 Domini,non
1332 2571 1476 2624 aberrant.
1488 2569 1597 2618 Summo

376 2674 454 2740 quod
471 2673 607 2739 posterior
623 2685 690 2724 usus
706 2671 740 2723 ad
756 2671 913 2725 sacerdotes
925 2683 970 2722 se·
1003 2667 1105 2734 quippe
1130 2661 1268 2717 sacerdoti
1294 2671 1343 2712 sua
1374 2655 1473 2708 munia
1503 2651 1600 2704 tributa

377 2758 463 2811 cundi
493 2757 598 2810 ordinis
627 2756 801 2809 denotandos
835 2755 970 2824 delinivit.
1004 2756 1086 2815 sunt,
1104 2753 1132 2802 et
1151 2744 1343 2801 sacerdotibus
1367 2743 1450 2796 locus
1475 2735 1599 2805 proprius

380 2842 532 2905 Episcopus
543 2841 625 2892 etiam
638 2853 720 2893 veros
732 2840 911 2906 intelligimus
921 2853 971 2893 eos
992 2835 1160 2903 assignatus
1179 2839 1239 2895 est,
1258 2837 1285 2883 et
1311 2828 1403 2883 levitis
1431 2838 1484 2879 sua
1512 2821 1602 2876 munic

378 2937 453 2990 quos
465 2936 497 2975 eo
510 2925 622 2976 nomine
642 2926 741 2976 salutat
751 2926 850 2977 Paulus
862 2925 896 2976 ad
909 2926 972 2976 Pbi-
1004 2923 1115 2976 tributa.
1130 2920 1165 2967 »ιι

380 3011 522 3074 iippenses
538 3009 679 3070 scribens,
705 3020 776 3073 quos
802 3014 893 3060 tamen
912 3008 971 3074 pari
1036 3010 1079 3059 69.
1099 3006 1159 3073 obj.
1175 3010 1199 3059 5.
1218 3004 1268 3069 eri
1287 3000 1396 3056 caeteris
1418 3002 1559 3065 praeerant
1575 2995 1602 3045 in

382 3094 544 3147 auctoritate
562 3106 622 3145 eam
637 3094 741 3145 rexisse
762 3092 911 3145 Ecclesiam
932 3093 972 3145 nil
1004 3093 1126 3146 Ecclesia
1154 3091 1260 3151 veteri,
1279 3086 1394 3141 nonnisi
1423 3084 1509 3151 primi
1537 3083 1602 3134 inter

382 3180 500 3247 probat;
522 3179 589 3231 satis
614 3180 687 3231 enirn
704 3178 865 3244 intelligitur
884 3191 917 3230 ex
939 3178 973 3230 iis
1005 3190 1086 3243 pares
1106 3176 1301 3236 habebantur,
1321 3172 1445 3236 ideoque
1471 3170 1602 3229 decreta,

383 3277 446 3331 quae
455 3264 572 3316 diximus
581 3278 630 3316 our
639 3265 731 3329 plures
743 3264 825 3316 simul
834 3264 862 3315 in
875 3264 973 3317 eadem
1006 3261 1079 3313 haud
1101 3260 1231 3322 illorum,
1254 3257 1304 3311 sed
1331 3258 1468 3310 Ecclesiae
1495 3253 1604 3307 nomine

383 3350 452 3403 urbe
471 3350 618 3415 aliqnando
639 3356 823 3403 versarentur.
846 3349 973 3415 Episcopi
1006 3346 1168 3398 edebantur.
1196 3346 1242 3396 Sic
1272 3342 1390 3408 epistola
1423 3354 1439 3393 a
1468 3341 1605 3392 Clemente

385 3440 464 3487 erant
474 3435 521 3499 qui
539 3436 665 3499 Eplreso,
678 3436 761 3487 Paulo
779 3440 895 3487 vocante
906 3472 914 3497 ,
927 3434 973 3486 lli·
1006 3432 1129 3483 liomano
1140 3430 1173 3481 ad
1186 3427 1345 3481 Corinthios
1358 3426 1484 3490 scripta,
1499 3421 1604 3487 incipit:

385 3522 471 3571 letum
486 3524 619 3569 venerant
630 3558 636 3577 ,
649 3518 783 3583 regimine
799 3518 916 3582 praediti.
931 3518 972 3569 llil
1009 3534 1021 3561 r
1035 3515 1156 3567 Ecclesia
1168 3514 1215 3566 llei
1229 3526 1292 3579 quae
1303 3512 1400 3566 incolit
1410 3514 1548 3573 Romam,
1559 3509 1605 3559 Ec·

384 3601 484 3666 probat
497 3612 596 3651 nomen
608 3602 675 3651 iilud
688 3602 816 3653 omnibus
829 3602 972 3665 tributum,
1006 3599 1098 3652 clesiae
1108 3600 1154 3651 liei
1166 3610 1228 3664 qnae
1240 3597 1338 3651 incolit
1352 3597 1532 3649 Corinthum.
1545 3612 1562 3642 »

385 3684 433 3748 qni
442 3682 517 3735 verbi
527 3683 678 3735 ministerio
688 3684 880 3749 iungebantur,
888 3699 973 3750 quum
1040 3686 1081 3736 io.
1101 3686 1180 3750 liesp.
1200 3684 1331 3750 Episcopi
1354 3683 1525 3736 auctoritate
1544 3692 1604 3746 gnu-

385 3766 656 3834 proprinmvideatur
668 3780 777 3832 semper
785 3769 870 3821 inisse
878 3769 974 3823 eorum
1007 3769 1110 3822 debant
1130 3768 1250 3821 maxima
1271 3770 1299 3821 in
1314 3768 1384 3835 ipsis
1408 3766 1543 3821 Ecclesiae
1557 3762 1606 3830 pri-

385 3854 435 3919 qui
445 3852 603 3917 praefectura
615 3860 644 3906 et
653 3854 787 3920 regimine
799 3856 973 3922 gauderent.¹
1008 3856 1139 3918 mordiis,
1150 3856 1191 3907 uti
1205 3856 1295 3922 liquet
1308 3869 1342 3908 ex
1354 3853 1456 3921 ignatii
1469 3849 1606 3919 epistolis,

384 3941 521 3989 Gaeterum
540 3938 563 3989 si
580 3937 716 4003 quiscum
734 3942 761 3991 s.
773 3942 878 3994 loanne
890 3943 975 4009 Chry·
1007 3953 1069 4007 quae
1087 3941 1155 3992 nihil
1165 3940 1273 4006 absque
1282 3938 1492 4005 Episcoponcri
1500 3938 1605 4002 jubent.

387 4028 512 4075 sostomo
527 4028 638 4074 censeat
647 4023 771 4088 Episcopi
784 4026 974 4092 etpresbyteri
1008 4025 1084 4089 Quod
1094 4030 1186 4077 autem
1197 4026 1327 4077 Clemens
1337 4023 1472 4076 Ecclesiae
1481 4006 1608 4074 Romanae

386 4120 470 4159 uoces
488 4107 592 4171 absque
611 4108 769 4161 discrimine
791 4111 870 4164 initio
896 4125 975 4165 usur·
1009 4110 1280 4176 nominescripserit,
1292 4108 1398 4176 insigni
1411 4104 1609 4161 estmodestiae

387 4197 482 4255 putas,
502 4204 559 4244 non
588 4191 650 4244 ideo
671 4194 718 4258 qui
748 4207 821 4247 nnnc
848 4197 976 4261 Episcopi
1010 4201 1037 4248 et
1055 4194 1199 4259 sapientiae
1216 4186 1612 4261 argumcniozqnippebaud

388 4274 591 4338 designantnra
609 4276 774 4341 presbyteris
783 4279 856 4331 baud
867 4279 976 4333 differre
1011 4294 1059 4333 sua
1080 4286 1184 4333 tantum
1205 4280 1320 4346 placita,
1333 4280 1385 4331 sed
1398 4291 1463 4343 quae
1485 4274 1614 4329 omnibns

387 4360 518 4410 censendi
531 4368 606 4422 sunt,
615 4375 700 4425 quum
716 4376 815 4416 vocum
827 4364 976 4429 distinctio,
1012 4364 1125 4431 probata
1139 4364 1242 4416 luerint
1255 4378 1286 4417 se
1296 4362 1446 4417 enuntiare
1459 4360 1566 4423 innuit,
1581 4357 1613 4411 ad

388 4453 452 4503 (1¹1ae
478 4444 574 4493 saitem
598 4446 679 4508 paulo
703 4452 766 4510 post
791 4455 898 4502 servata
917 4456 976 4513 est,
1012 4448 1120 4502 animos
1138 4448 1347 4502 Corinthiorum
1362 4446 1568 4501 conciliandos.

419 4674 446 4727 (i)
458 4676 488 4715 ita
502 4684 574 4718 censet
592 4680 725 4732 Epiphanius
739 4686 792 4727 lroer.
802 4689 857 4732 lxxv.
866 4702 886 4733 c.
895 4704 916 4734 t.
926 4692 979 4733 Vide
1038 4690 1065 4741 (Ξ)
1077 4690 1094 4729 1·
1106 4690 1147 4741 ΕΡ·
1161 4700 1181 4729 0·
1192 4689 1240 4730 ¹¹55·
1249 4696 1269 4730 Ι·

391 4742 455 4810 plura
462 4749 523 4786 tract.
532 4748 559 4787 de
567 4750 622 4790 Ecei.
631 4762 651 4789 c·
659 4762 691 4792 xv.
698 4753 744 4793 Vol.
754 4754 770 4794 i.
777 4768 800 4807 p.
808 4762 854 4799 ert.
1038 4758 1066 4811 (a)
1081 4758 1097 4799 1.
1107 4758 1147 4810 llp.
1156 4769 1177 4799 c.
1187 4758 1215 4799 ιΙ.
1225 4765 1246 4799 t.
