3792 5550
345 560 395 613 4⁰2
685 558 799 609 tillet.
818 556 907 607 livill.
926 556 968 607 bil
985 554 1198 608 tttlnlltolito.

345 686 410 735 aunt
438 680 474 735 de
494 681 549 735 sita
564 680 606 733 vel
629 679 664 732 de
681 686 770 732 morte
793 678 938 743 ipsorum,
973 676 1129 730 trahuntiis
1141 670 1457 742 temporumintervallis
1469 678 1500 730 in
1512 693 1575 745 qrat-

349 769 412 823 licet
425 782 508 834 super
522 769 574 822 hoc
593 764 795 819 solicitudinem
809 764 940 817 adhibue·
973 762 1102 813 bossunt
1126 760 1172 814 sui
1191 768 1344 827 compotes.
1360 764 1524 817 consonant
1534 768 1574 819 le·

347 856 402 907 rint
414 854 572 920 diligentem
587 868 594 904 ε
610 858 636 904 et
656 864 705 917 pro
716 851 830 918 iuvenili
843 856 938 913 aetate,
974 860 1023 913 ges
1033 846 1163 899 civiles.⁸
1705 864 1723 914 0

346 952 396 993 sou
406 939 549 1006 fragilitate
567 936 675 999 camis,
689 941 828 1001 nequeunt
849 935 939 989 conti·
1009 934 1065 984 tot.
1081 932 1183 998 Amnes
1194 944 1250 985 non
1259 939 1377 998 possunt
1388 934 1571 989 matrimonio

345 1037 413 1076 nere
424 1061 432 1087 ,
445 1028 569 1089 petentes
590 1021 650 1073 aliis
669 1020 844 1074 matrimonio
854 1034 939 1087 copu-
973 1017 1104 1085 conJungi
1123 1018 1194 1070 intra
1209 1024 1337 1084 quartum
1348 1020 1468 1085 gradum
1482 1022 1524 1083 ,si
1536 1023 1576 1073 at·

348 1108 414 1171 lari;
440 1128 452 1154 υ
470 1106 611 1173 respondit
625 1122 655 1158 z«
674 1107 749 1171 Quod
761 1113 939 1173 quantocum-
972 1103 1064 1155 initas
1077 1104 1182 1156 oriatur
1199 1116 1232 1156 ea
1254 1105 1353 1169 copula
1375 1104 1469 1166 licita;
1482 1105 1495 1137 ⁸
1506 1106 1573 1158 sicr

346 1206 401 1260 que
419 1204 553 1245 annorum
574 1204 690 1246 numero
708 1192 745 1243 ita
764 1197 937 1255 remaneant,
972 1189 1077 1251 illicita,
1098 1189 1325 1255 impedimentum
1340 1190 1517 1257 restringitur
1531 1192 1571 1243 in·

345 1278 501 1333 viventibus
512 1276 578 1331 viris
588 1277 662 1341 suis,
685 1290 740 1330 non
763 1283 879 1342 possunt
902 1278 937 1331 ad
971 1280 1012 1327 tra
1025 1275 1181 1343 primumet
1198 1277 1352 1329 secundum
1365 1278 1520 1343 gradum,⁷
1533 1292 1570 1331 ne

347 1365 463 1418 aliorum
477 1364 645 1417 consortium
668 1363 798 1417 canonice
811 1362 938 1415 convola-
972 1361 1088 1413 occultis
1109 1361 1257 1413 dirimendi
1279 1362 1449 1414 matrimonii
1476 1364 1569 1416 causis

347 1462 398 1501 re:
418 1462 469 1501 nec
479 1449 640 1501 auctoritate
658 1448 786 1501 licclesiae
796 1448 937 1513 permittas
971 1448 1177 1512 multiplicatis,
1189 1448 1322 1501 incertum
1336 1449 1501 1513 saepeloret.
1517 1452 1567 1513 Qui

346 1534 527 1595 contrahere,
542 1534 632 1587 donec
645 1539 749 1586 certum
757 1533 886 1586 nuncium
898 1547 939 1587 re
971 1534 1096 1599 conjugis
1105 1534 1263 1586 alterutrius
1274 1534 1474 1600 consanguinei
1485 1542 1565 1597 sunt,

346 1620 448 1685 cipiunt
463 1619 498 1672 de
511 1624 599 1671 morte
616 1617 785 1672 virorum-¹
800 1620 886 1685 Leges
899 1619 936 1671 ci·
971 1618 1049 1671 alteri
1073 1627 1221 1672 censentur
1244 1619 1340 1672 affines
1354 1635 1360 1669 :
1375 1620 1426 1671 sed
1444 1621 1566 1685 offinitca

346 1704 415 1757 viles
440 1704 466 1756 in
492 1704 655 1769 quibusdam
686 1704 802 1757 statibus
827 1704 936 1757 triennii
971 1716 1026 1755 nort
1044 1705 1117 1769 parit
1134 1704 1313 1770 affinitatem,
1340 1705 1462 1770 ideoque
1471 1706 1567 1758 affines

348 1790 502 1842 absentiam
517 1803 628 1843 causam
653 1789 791 1856 ligaminis
810 1790 936 1842 solvendi
959 1789 1127 1850 =alterutrius
1135 1790 1260 1856 coniugis
1270 1801 1327 1841 non
1338 1790 1490 1842 suntalteri
1501 1804 1568 1855 quo

347 1874 482 1928 deliniunt
492 1914 500 1939 ‚
510 1882 537 1927 ct
550 1888 651 1927 novum
662 1875 822 1941 permittunt
841 1876 937 1927 matri·
971 1888 1024 1940 que
1047 1874 1150 1927 allinus.
1170 1875 1400 1941 impedimentum
1412 1877 1467 1929 hoc
1479 1876 1567 1928 oritur

349 1962 472 2015 monium
485 2000 492 2023 ,
504 1961 621 2015 divortio
633 1962 732 2013 vinculi
746 1960 909 2014 concesso.¹
972 1972 1005 2012 en
1022 1961 1083 2026 lege
1094 1961 1297 2023 ecclesiastica,
1307 1968 1335 2013 et
1351 1960 1509 2013 institutum
1522 1965 1567 2013 est

382 2046 703 2112 annumerarentur
721 2054 833 2099 vocatur
850 2046 938 2113 impe·
972 2044 1006 2096 ad
1032 2042 1124 2098 mores
1156 2045 1277 2111 integros
1306 2045 1458 2109 torrendos,
1479 2060 1566 2112 quum

349 2134 500 2187 dimentum
525 2139 614 2186 ortum
638 2146 671 2185 ex
695 2134 869 2200 sponsalibus
892 2147 938 2185 va·
972 2130 1067 2183 affines
1084 2132 1246 2196 plerumque
1274 2131 1330 2183 sint
1352 2131 1520 2195 familiares,
1539 2140 1567 2185 et

255 2208 258 2214 ’
348 2219 403 2271 lide
428 2219 502 2270 initis
524 2233 586 2272 cum
604 2232 721 2284 persona
734 2218 937 2285 consanguinea
972 2216 1171 2270 tentationibus
1180 2217 1283 2271 idcirco
1293 2217 1486 2279 obnoxii,nisi
1499 2230 1567 2282 spes

349 2304 377 2355 iu
390 2304 478 2369 primo
489 2304 593 2369 gradu,
609 2309 696 2355 matre
717 2304 820 2357 scilicet
838 2305 879 2357 vel
896 2316 938 2357 so
972 2302 1115 2355 tolleretur
1136 2302 1312 2353 matrimonii.
1331 2302 1566 2365 Quinetitascum

349 2391 551 2454 rnresponsae,
569 2389 611 2441 rel
625 2393 702 2454 patre
713 2389 756 2441 rel
769 2388 823 2441 lilio
832 2389 936 2453 sponsi.
971 2388 1184 2454 consanguineis
1196 2390 1240 2441 vel
1252 2387 1380 2440 aitlnibus
1398 2389 1496 2441 ineunt
1514 2401 1565 2439 nu-

347 2474 437 2527 Oritur
449 2475 573 2529 etiamen
587 2474 760 2527 matrimonio
776 2475 938 2539 ratn,qu0d
971 2472 1059 2539 ptius,
1073 2473 1217 2539 separandi
1236 2474 1438 2539 sunt,absque
1450 2486 1500 2539 spe
1509 2474 1566 2525 dis·
1638 2536 1641 2540 .
1714 2540 1721 2550 ·

346 2568 566 2613 consummatum
578 2560 802 2625 noniuerit,etad
813 2566 939 2626 quartum
973 2558 1283 2625 pensationis,·quam
1304 2558 1457 2611 tameneis
1477 2558 1567 2624 poeni·
1618 2551 1622 2553 ’
1700 2555 1717 2611 .’

347 2647 462 2712 gradum
473 2646 636 2699 extenditur.
648 2646 659 2679 ⁸
676 2646 855 2712 Sponsalibus
865 2648 939 2713 juste
973 2646 1094 2698 tentibus
1112 2646 1240 2698 concedit
1257 2658 1333 2711 saepe
1344 2645 1466 2711 benigna
1478 2648 1564 2698 ltater

348 2732 463 2796 solutis,
487 2739 579 2786 manet
604 2730 848 2798 impedimentum,
869 2733 938 2787 adeo
972 2730 1103 2784 Ecclesia.

350 2824 380 2869 ut
392 2818 548 2882 nequidem
558 2831 590 2870 ex
602 2831 712 2882 sponsae
728 2831 866 2871 consensu
878 2831 939 2884 pos·
1006 2819 1064 2870 tao.
1085 2817 1261 2871 clandestino
1274 2818 1450 2871 matrimonia
1468 2818 1567 2872 dicun-

348 2909 385 2954 sd
400 2914 520 2967 sponsus
534 2904 593 2967 ejus
607 2914 732 2954 sororem
744 2903 939 2962 ducere,abs·
971 2909 1017 2955 tur
1046 2916 1108 2969 quae
1137 2905 1207 2957 clam
1233 2911 1420 2968 attentantur,
1451 2906 1566 2958 remotis

347 2999 401 3052 que
414 2986 630 3050 dispensatione.
641 2986 695 3038 ‘lix
707 2988 882 3052 sponsalibus
892 3001 938 3040 au·
971 2989 1097 3054 arbitris,
1109 2991 1253 3056 seu,Ju1ta
1266 2989 1440 3056 disciplinam
1454 2991 1568 3044 'iriden-

345 3078 401 3125 tem
422 3073 550 3126 invalidis
576 3073 681 3125 nullum
703 3073 790 3126 oritur
822 3073 938 3139 impedi·
970 3074 1422 3142 tinam,·aliterquampraesente
1434 3077 1567 3141 parocho,

347 3164 480 3211 mentum.
970 3160 1013 3213 rel
1035 3160 1089 3213 alio
1110 3162 1253 3214 sacerdote
1276 3161 1311 3214 de
1332 3161 1421 3227 ipsius
1452 3162 1567 3227 parochi

384 3245 441 3297 lbi.
454 3248 557 3298 Ameria
576 3258 631 3298 non
646 3246 717 3300 valet
731 3244 936 3298 matrimonium
971 3248 1018 3296 aut
1033 3243 1170 3296 ordinarii
1189 3245 1318 3311 licentia,
1341 3252 1369 3300 et
1393 3247 1505 3300 duobus
1522 3247 1569 3300 vel

348 3327 418 3382 inire
442 3344 581 3384 :necesse
613 3331 685 3384 enim
714 3337 756 3384 est
771 3343 937 3385 consensum
969 3328 1219 3383 tribustestibus.·
1234 3331 1570 3398 llaecdisciplinaindioe·

346 3420 496 3480 praestare,
516 3423 612 3469 natura
638 3422 795 3470 contractus
817 3415 935 3482 cognita.
969 3414 1026 3468 cesi
1048 3417 1076 3466 S.
1095 3414 1223 3468 budorici
1237 3416 1361 3482 obtinet,
1376 3430 1409 3468 er
1432 3419 1567 3484 eoquod

346 3498 395 3560 Qui
408 3499 441 3551 ad
460 3505 568 3566 tempus
591 3501 750 3566 insaniunt,
773 3501 938 3555 validecon·
972 3499 1113 3552 decretum
1133 3500 1337 3567 promulgatum
1356 3502 1437 3555 luerit
1457 3503 1486 3555 in
1509 3508 1568 3556 tota

375 3774 402 3820 ii!
412 3774 464 3826 Cap.
474 3775 515 3815 air.
524 3774 704 3828 desponsalibus.
970 3779 1086 3819 nantariea
1095 3806 1102 3829 ,
1110 3779 1168 3819 miii.
1178 3780 1236 3820 beet.
1249 3781 1311 3821 mii.
1322 3792 1344 3821 n.
1354 3786 1399 3822 toti.
1406 3764 1465 3822 note.
1716 3758 1720 3887 1

376 3843 402 3895 (a)
412 3859 421 3880 ι
435 3843 458 3884 ln
469 3845 516 3886 ileu
526 3845 657 3900 llampahire
667 3875 674 3899 ,
687 3847 772 3900 joining
788 3847 824 3888 the
833 3848 937 3900 religione
996 3847 1025 3898 (t)
1036 3847 1088 3888 Vide
1095 3847 1118 3889 S.
1128 3848 1160 3888 rii
1169 3849 1193 3888 V.
1201 3848 1335 3890 coutitdd
1343 3849 1480 3901 Romanam,
1488 3856 1512 3890 et
1520 3860 1566 3903 cap.
1678 3826 1718 3913 *ἒ

348 3913 430 3966 society
438 3913 504 3954 nithe
513 3915 619 3968 Shahera,
629 3917 676 3959 who
686 3917 735 3958 hold
744 3917 891 3958 cohabitation
900 3929 936 3960 un·
968 3916 985 3959 l.
994 3917 1021 3958 de
1033 3917 1189 3970 spoautiae.
1696 3934 1712 3965 a

347 3982 420 4025 iawlul
430 3983 488 4033 ,and
502 3983 630 4037 continuing
651 3986 674 4026 in
683 3987 729 4026 that
747 3986 828 4040 society
838 3987 871 4028 icr
877 3988 938 4029 three
997 3988 1025 4039 (t)
1036 3988 1088 4028 llida
1105 3989 1166 4028 beor.
1176 3987 1198 4029 S.
1209 3987 1277 4039 cong.
1286 3987 1354 4029 Cone.
1363 3995 1375 4030 o
1383 3989 1436 4029 tulit
1444 3995 1493 4031 tota
1502 4017 1510 4041 ,
1518 4001 1567 4042 pro

348 4061 409 4101 reare
421 4051 454 4100 ,ia
464 4063 477 4092 a
486 4053 593 4094 sufficient
608 4065 673 4096 cauae
693 4055 726 4096 ior
734 4067 746 4095 a
754 4055 846 4097 dirorce.
854 4058 937 4110 byerr.
970 4056 1046 4098 batum
1053 4058 1169 4098 Alemlilll.

348 4119 501 4177 byer‚⁸New
516 4122 650 4174 Hampaba‘re
662 4124 768 4175 iteptrt.
787 4126 811 4166 ln
828 4126 940 4167 connecti·
997 4127 1085 4177 isichii
1095 4137 1184 4178 persona
1194 4127 1242 4168 who
1258 4127 1312 4168 hare
1325 4134 1364 4168 not
1375 4129 1413 4168 the
1431 4129 1568 4181 regniacum

350 4193 387 4228 cut
395 4188 514 4239 ‚divorcea
524 4192 608 4232 vineato
615 4191 698 4244 applica
707 4198 728 4232 to
736 4204 797 4234 caaee
806 4194 940 4248 oiadultery,
973 4194 998 4233 ot
1010 4195 1047 4236 the
1065 4195 1249 4247 understanding‚
1259 4197 1366 4237 audleient
1379 4203 1402 4238 to
1411 4198 1460 4238 deal
1468 4199 1520 4241 trith
1526 4198 1569 4239 dia·

354 4257 397 4296 and
406 4258 645 4311 iraudulentcontract,
659 4261 701 4300 and
711 4260 777 4302 wilini
786 4261 893 4304 desertinn
906 4264 940 4304 ior
974 4265 1056 4305 cretion
1074 4265 1096 4306 in
1112 4266 1149 4306 the
1157 4277 1257 4306 miramon
1274 4266 1349 4308 anatra
1367 4268 1393 4308 ol
1407 4269 1495 4319 liie,ae
1504 4269 1567 4309 idiota

353 4326 415 4364 three
423 4337 484 4376 genre
493 4355 499 4378 ‚
509 4327 559 4368 with
569 4329 620 4367 total
630 4329 713 4378 neglect
722 4329 746 4369 oi
752 4329 804 4382 duty
814 4358 820 4381 ‚
837 4343 862 4370 or
876 4341 939 4373 seren
972 4334 1015 4374 and
1028 4335 1121 4375 lunatice
1130 4363 1137 4387 ‚
1145 4341 1220 4386 except
1234 4335 1256 4375 in
1267 4337 1323 4377 their
1332 4337 1391 4377 incid
1401 4338 1506 4379 inter-vals
1515 4350 1568 4389 ,are

353 4403 415 4444 years
424 4393 515 4434 absence
525 4394 566 4433 and
574 4395 670 4436 unheard
679 4396 707 4436 ot.
716 4397 805 4439 Statate
815 4397 873 4439 dode
884 4405 939 4440 titt.
973 4401 1085 4454 incapabie
1102 4403 1127 4442 ot
1139 4403 1241 4454 agreeing
1258 4410 1280 4444 to
1296 4417 1339 4458 any
1353 4411 1464 4458 contram,
1481 4408 1528 4452 and
1545 4408 1570 4447 oi

355 4461 380 4502 ln
390 4461 446 4500 Ohio
456 4462 491 4501 the
502 4462 606 4513 Supreme
615 4464 681 4505 Court
689 4465 708 4507 ie
717 4467 841 4507 authoriaed
850 4473 872 4507 to
877 4475 940 4518 grant
973 4483 1050 4512 enneae
1065 4478 1086 4513 to
1101 4473 1148 4513 that
1161 4474 1186 4512 oi
1200 4474 1315 4526 marriage.
1326 4491 1336 4512 ι
1346 4477 1419 4517 lient'a
1430 4477 1568 4519 Commenta-

355 4531 462 4570 adirorce
471 4558 478 4580 ,
487 4531 505 4570 it
509 4531 578 4570 either
584 4539 646 4585 party
655 4534 697 4575 had
714 4545 727 4576 a
745 4537 825 4577 iornier
841 4538 939 4579 hushnnd
973 4540 1016 4581 rica
1027 4544 1068 4582 rot.
1078 4541 1101 4581 lt.
1109 4542 1167 4582 Lect.
1175 4543 1229 4582 xxvi.
1237 4555 1257 4583 n.
1267 4543 1282 4583 i.

355 4609 381 4640 or
394 4598 441 4640 wile
459 4599 526 4649 living
542 4604 565 4638 at
581 4600 618 4639 the
635 4611 694 4642 nme
708 4603 761 4662 time¹
775 4606 800 4645 oi
811 4607 848 4646 the
861 4607 939 4647 seeoml
997 4610 1026 4661 (a)
1037 4611 1146 4663 (lapiton
1162 4611 1277 4663 dedemus
1289 4613 1440 4666 Concangnin.

354 4666 477 4716 marriage,
490 4677 515 4705 or
533 4667 603 4708 nhere
619 4668 688 4708 either
704 4678 762 4725 part,
775 4672 794 4713 ia
802 4674 890 4726 wilinliy
903 4676 939 4715 ab·
998 4682 1024 4731 (tl
1032 4681 1098 4721 Cone.
1108 4682 1166 4722 Trid.
1175 4682 1233 4722 Seaa.
1245 4683 1299 4723 nir.
1307 4694 1356 4736 cap.
1366 4683 1395 4726 ir.
1404 4685 1432 4726 de
1441 4685 1479 4726 ret.
1488 4691 1541 4727 nat.

351 4739 401 4776 aeut
410 4733 465 4774 irom
475 4735 510 4774 the
518 4734 579 4774 other
588 4735 620 4774 lor
629 4735 688 4778 three
699 4750 768 4791 gears.
778 4742 867 4782 »lient's
875 4744 938 4784 Com·
996 4750 1025 4802 (a)
1034 4750 1115 4791 ibidem
1123 4762 1170 4805 cap.
1179 4764 1200 4793 r.

941 4881 958 4912 Θ

1695 5018 1714 5201 l
