3792 5550
374 522 409 577 et
714 523 830 574 Tuaen
849 522 901 573 llll.
920 522 963 573 DE
981 521 1253 575 (ΣΟΝΕΙΒΙΑΤΙΟΝΕ

375 642 500 711 Apostoli
511 639 609 695 Christi
620 636 742 699 nomine,
759 637 890 703 qnodque
908 650 967 689 sus·
999 638 1075 689 nium
1088 648 1183 703 ergoa
1200 636 1366 689 Praesnlibus
1387 636 1515 691 Ecclesiae
1527 649 1594 703 per·

378 732 512 797 ceperunt
531 724 626 777 bdeles
646 720 784 784 uniuersi,
805 721 891 789 grstia
908 720 966 787 Spi·
998 722 1112 791 agenda.

378 814 448 869 ritus
463 809 548 866 sancti
572 820 605 861 ea
625 807 731 860 ratione
748 805 821 860 ancti
838 810 866 859 et
883 805 965 859 robo·
1030 810 1056 861 9.
1074 807 1214 861 Probatur
1224 808 1250 860 2.
1267 822 1304 861 ex
1322 808 1463 863 Patribus.
1487 811 1515 862 S.
1539 811 1593 879 dy·

377 900 438 953 rati.
996 892 1125 959 prianns,
1148 894 1265 961 loquens
1278 894 1313 947 de
1328 894 1486 960 samaritis,
1501 895 1591 951 dicit:

411 986 436 1034 7.
454 978 574 1033 Dubitari
591 991 649 1035 non
665 984 758 1047 potest
777 992 878 1032 munus
895 976 962 1031 illud
1000 997 1012 1023 r
1031 978 1094 1045 quia
1107 978 1259 1045 legitimum
1275 983 1303 1031 el
1315 979 1531 1035 ecclesiasticum
1540 984 1594 1035 Ba·

375 1066 449 1135 qnod
484 1065 613 1120 obierunt
639 1066 760 1134 Apostoli
784 1078 848 1131 erga
867 1062 962 1115 fideles
996 1062 1128 1128 ptismum
1153 1064 1294 1117 consecuti
1312 1063 1436 1129 inerant,
1457 1066 1592 1132 baptizari

377 1165 475 1207 omnes
488 1152 595 1218 absque
611 1152 784 1214 discrimine,
794 1150 829 1203 ad
848 1150 963 1215 Aposto-
997 1162 1046 1204 eos
1066 1151 1136 1203 nitra
1155 1163 1211 1204 ncn
1228 1152 1386 1217 oportebat,
1401 1152 1450 1205 sed
1467 1158 1608 1209 tantum-v

377 1238 460 1291 licum
482 1238 668 1293 ministerium
686 1241 826 1304 spectare,
845 1232 962 1298 ideoque
997 1235 1081 1289 modo
1091 1236 1165 1302 quod
1177 1237 1281 1301 deerat,
1291 1237 1343 1289 ida
1355 1240 1436 1293 Petro
1445 1243 1473 1291 et
1483 1242 1593 1295 toanne

376 1324 514 1379 christum
530 1325 630 1377 habere
644 1328 797 1383 auctorem,
811 1322 839 1371 et
858 1317 962 1371 esseio
996 1321 1098 1375 factum
1119 1326 1175 1385 est,
1186 1326 1216 1375 ut
1228 1323 1352 1379 oratione
1365 1337 1415 1390 pro
1428 1326 1469 1379 eis
1478 1326 1590 1391 habita,

374 1409 495 1464 Ecclesia
515 1416 692 1478 perpetuum
713 1418 774 1472 quae
790 1402 863 1457 enirn
880 1402 964 1455 mini-
996 1412 1024 1460 ct
1043 1421 1126 1461 manu
1146 1407 1287 1475 imposita,
1307 1410 1482 1465 invocaretur
1499 1418 1527 1465 et
1544 1412 1592 1466 in·

378 1496 457 1550 sterit
478 1502 543 1549 sunt
565 1509 581 1549 a
599 1493 705 1547 cbristo
727 1489 884 1543 derivantur
901 1501 963 1554 per·
995 1492 1155 1547 funderetur
1170 1506 1253 1559 super
1265 1506 1314 1547 eos
1329 1494 1447 1561 spiritus
1464 1501 1600 1550 sanctus„

373 1587 457 1647 petuo
466 1582 609 1636 servanda.
620 1581 802 1643 Qunmantem
815 1588 848 1628 ea
856 1575 963 1628 ratione
996 1579 1073 1643 Quod
1090 1593 1163 1632 nunc
1182 1591 1293 1646 qnoque
1313 1579 1385 1645 apud
1405 1593 1457 1635 uos
1472 1583 1588 1647 geritur,

373 1666 490 1734 Spiritus
505 1671 615 1720 sanctus
632 1664 742 1716 daretur
761 1666 836 1715 certo
853 1666 881 1714 et
901 1661 963 1713 nni·
996 1670 1025 1719 nt
1042 1666 1088 1732 uui
1101 1665 1128 1719 in
1150 1666 1270 1719 Ecclesia
1286 1666 1467 1732 baptizantur,
1480 1682 1590 1735 praepo·

376 1768 471 1819 verse,
494 1768 557 1809 eum
585 1753 675 1805 adhuc
696 1748 756 1802 dari
780 1748 879 1802 eodem
908 1748 963 1800 ritu
995 1751 1056 1804 sitis
1065 1752 1193 1807 Ecclesiae
1203 1750 1398 1817 offerantur,et
1406 1768 1456 1820 per
1466 1760 1590 1809 nostram

376 1853 492 1895 necesse
508 1844 568 1901 est;
581 1843 609 1890 et
624 1834 740 1903 proinde
755 1833 960 1901 agnoscendum
995 1837 1147 1891 orationem
1180 1850 1213 1891 ac
1248 1851 1346 1891 manns
1380 1838 1588 1906 impositionem

374 1932 418 1981 est
427 1926 489 1981 novi
498 1919 661 1977 Testamenti
670 1922 887 1983 Sacramentum,
897 1931 963 1987 quo,
996 1924 1126 1992 Spiritum
1158 1930 1283 1984 sanctum
1309 1932 1535 1992 consequantur,
1560 1932 1590 1981 et

377 2011 512 2079 impositis
538 2006 678 2070 manibus,
700 2009 728 2057 et
749 2004 809 2058 fusa
828 2018 909 2070 prece
927 2004 962 2056 ab
995 2010 1137 2077 signaculo
1150 2010 1290 2064 dominico
1302 2016 1537 2065 consummentur.
1551 2010 1588 2059 »¹

375 2097 566 2165 Apostolorum
592 2090 820 2153 successoribus,
846 2088 963 2156 spiritus
994 2096 1110 2163 Agnovit
1121 2096 1202 2161 ipitnr
1211 2096 1360 2163 Cyprianus
1371 2097 1447 2150 illam
1456 2110 1587 2150 mannum

373 2188 485 2236 sanctus
517 2177 643 2230 fidelibus
675 2176 781 2242 absque
812 2188 895 2228 sexus
919 2176 961 2229 rel
995 2180 1199 2247 impositionem
1217 2193 1280 2233 cum
1298 2181 1423 2235 oratione
1442 2182 1589 2248 baptizatis

373 2265 538 2322 conditionis
555 2262 712 2316 discrimine
742 2261 841 2325 datur,
867 2260 962 2328 utiquo
995 2266 1112 2330 deesse,
1124 2271 1220 2332 utpote
1232 2280 1291 2319 rem
1303 2280 1365 2334 qnae
1377 2268 1411 2319 ad
1421 2280 1516 2322 eornm
1525 2280 1588 2333 pcr-

375 2359 406 2407 ut
419 2352 517 2407 divinis
533 2348 614 2404 donis
631 2347 815 2414 perficiantur.
994 2352 1140 2407 lectionem
1161 2352 1302 2418 spectabat
1328 2367 1335 2403 z
1363 2352 1500 2419 ritumque
1524 2364 1588 2405 esse

407 2442 432 2493 8.
453 2437 599 2504 Apostolus
620 2434 720 2487 Paulus
733 2434 856 2505 prolecto
875 2432 962 2499 impo·
994 2442 1057 2503 post
1076 2438 1269 2503 Apostolorum
1288 2443 1397 2491 estatem
1415 2440 1444 2491 in
1466 2438 1588 2493 Ecclesia

375 2524 503 2578 sitionem
520 2533 651 2573 mannum
665 2534 726 2573 oum
746 2518 884 2585 baptismo
896 2532 962 2572 oon·
995 2522 1085 2576 adhuc
1096 2522 1254 2588 vigentem,
1267 2524 1461 2590 qno-Spiritus
1476 2530 1591 2577 sanctus

371 2611 471 2679 jungit,
482 2605 565 2662 veluti
577 2605 737 2672 primarium
754 2605 847 2669 ritum,
859 2604 896 2657 de
905 2615 962 2670 uuo
995 2608 1196 2663 conferebatur.
1210 2612 1278 2663 bum
1291 2612 1496 2663 Sacramentum
1508 2614 1591 2665 vocat

374 2698 490 2749 edocere
502 2695 559 2760 jam
580 2704 636 2745 non
655 2692 799 2759 oportebat
816 2691 911 2744 tideles
922 2703 963 2743 sa·
995 2708 1050 2747 nna
1068 2708 1132 2749 oum
1149 2695 1288 2762 baptismo
1302 2710 1309 2747 :
1323 2714 1339 2745 n
1358 2698 1456 2749 Parum
1480 2700 1523 2749 est
1547 2696 1591 2749 eis

375 2783 429 2836 cris
450 2780 592 2832 imbutos:
609 2798 622 2825 u
640 2781 810 2845 Quapropter
831 2776 963 2831 intermit-
995 2795 1093 2835 manus
1105 2781 1247 2848 imponere
1268 2783 1302 2835 ad
1325 2781 1514 2847 accipiendum
1527 2783 1592 2848 spi·

373 2873 461 2920 tentes
475 2865 657 2918 inchoationis
674 2864 773 2918 Christi
785 2875 961 2927 sermonem,
995 2868 1079 2920 ritum
1104 2871 1244 2930 sanctum,
1263 2865 1317 2918 nisi
1342 2865 1476 2931 recipiant
1496 2869 1523 2917 et
1540 2867 1592 2922 Eo·

373 2954 408 3006 ad
434 2951 596 3018 perfectiora
616 2951 751 3014 feramur,
774 2963 829 3003 non
852 2960 961 3004 rursum
995 2953 1086 3006 clesiae
1109 2952 1286 3017 baptismum.
1307 2953 1382 3002 Tunc
1400 2949 1474 3003 enim
1495 2951 1585 3016 plene

371 3039 504 3106 jacientes
521 3037 729 3090 fundamentum
745 3037 912 3102 poenitentiae
925 3039 961 3092 ab
995 3035 1173 3099 sanctificari,
1196 3040 1222 3088 et
1243 3048 1305 3088 esse
1319 3035 1366 3086 lilii
1378 3035 1424 3088 lici
1450 3041 1586 3101 possum,

372 3122 502 3190 operibus
524 3121 655 3186 mortuis,
676 3128 703 3175 et
723 3121 786 3176 fidei
805 3123 840 3175 ad
856 3125 960 3186 beum3
996 3121 1019 3176 si
1043 3126 1159 3187 utroque
1183 3121 1358 3174 sacramento
1378 3125 1535 3174 nascantur.
1547 3120 1586 3169 »⁸

373 3206 568 3274 baptismatum
600 3207 750 3271 doctrinae,
777 3208 961 3274 impositionis
1028 3207 1069 3260 lb.
1098 3207 1125 3258 S.
1161 3207 1330 3274 Augustinus
1357 3205 1494 3259 christum
1523 3219 1587 3260 esso

374 3304 484 3358 qnoque
497 3305 637 3345 manuum.
648 3313 660 3339 ι
673 3292 682 3326 ¹
696 3296 897 3346 llaecmannum
909 3293 960 3346 im·
994 3295 1078 3346 mum
1091 3291 1189 3357 probat
1207 3304 1239 3344 ex
1259 3303 1293 3345 eo
1306 3292 1381 3358 quod
1393 3293 1586 3358 Apostolorum

372 3375 473 3443 positio
494 3378 659 3444 baptismum
676 3392 796 3446 sequens
813 3379 885 3432 inter
897 3380 961 3434 fidei
994 3377 1149 3431 ministerio
1171 3376 1280 3430 dederit
1301 3376 1431 3443 spiritum
1443 3381 1585 3429 sanctum:

370 3461 525 3514 rudimenta
545 3463 667 3528 ritusque
679 3464 778 3528 quibus
791 3463 887 3516 fideles
908 3463 960 3515 ini·
997 3461 1220 3527 «nequeenim,
1234 3461 1366 3528 stupuit,
1394 3481 1405 3508 s
1421 3461 1520 3527 aliquis
1545 3462 1588 3514 di·

369 3545 517 3606 tiabantur,
535 3552 702 3608 recensetur,
709 3547 827 3612 ideoque
834 3547 961 3600 habenda
993 3546 1160 3611 scipulorum
1167 3547 1226 3612 eius
1233 3545 1308 3598 dedit
1315 3545 1584 3612 Spiritnmsanctnm.
1601 3571 1604 3580 ·

370 3637 413 3686 est
439 3632 568 3686 omnibus
589 3633 763 3698 communis,
782 3638 881 3700 utpote
903 3647 960 3688 om·
994 3631 1373 3698 orabamqnippeutvoniret
1385 3632 1413 3684 in
1425 3633 1586 3701 eosquibns

372 3898 439 3940 olthe
449 3900 507 3939 lions
515 3897 597 3949 Gnosr,
609 3897 727 3939 endothis
742 3897 824 3940 intrerd
842 3897 963 3950 influenoe,
995 3908 1053 3938 orer.
1062 3911 1073 3935 ιι
1083 3896 1201 3950 subjungit
1209 3895 1293 3948 doctos,
1301 3908 1339 3940 seu
1358 3896 1468 3950 parochus
1487 3895 1587 3948 Aualites-

372 3980 417 4011 tres
426 3981 472 4010 nest
481 3975 503 4010 to
513 3970 549 4009 the
558 3967 663 4020 world,it
672 3968 760 4021 plessed
775 3968 820 4010 Gon
835 3973 858 4010 to
871 3969 963 4010 confirm
996 3979 1054 4010 nus:
1072 3983 1083 4008 n
1101 3967 1171 4017 Well,
1187 3968 1225 4008 the
1244 3967 1342 4020 promise
1358 3968 1383 4008 oi
1397 3973 1491 4020 support
1508 3972 1530 4008 to
1549 3967 1588 4008 the

371 4038 401 4088 it,
412 4038 455 4080 sud
463 4044 485 4079 to
497 4039 558 4079 show
568 4038 614 4078 thet
623 4037 660 4078 tbe
672 4037 781 4078 inbuence
797 4049 841 4080 tres
857 4038 919 4090 resl,
936 4037 963 4090 by
997 4027 1112 4090 Apostles,
1121 4037 1143 4077 in
1153 4037 1189 4077 tbe
1202 4036 1348 4089 perimmensa
1357 4035 1383 4076 ot'
1388 4036 1445 4077 their
1459 4035 1588 4076 ministeria!

376 4109 514 4162 permittirrg,
530 4109 553 4149 in
571 4119 633 4149 some
648 4119 723 4160 esses,
738 4109 801 4149 those
815 4119 844 4149 on
859 4109 930 4152 trhom
947 4108 966 4149 it
999 4106 1229 4158 duties‚ussequslly
1247 4105 1462 4158 perpetus130uurss
1474 4109 1548 4148 nesto
1560 4105 1589 4146 be

374 4176 626 4232 descendedtoperiorin
635 4179 706 4221 storius
714 4177 786 4221 which
795 4180 845 4232 they
853 4179 917 4220 could
926 4189 965 4224 nos
1002 4179 1135 4229 irrtbthem,
1144 4176 1239 4220 trebete
1254 4187 1318 4227 seen,
1335 4187 1360 4216 ss
1376 4175 1413 4215 the
1429 4175 1527 4216 teschers
1545 4175 1590 4216 end

373 4245 500 4298 haedoue,
507 4247 850 4289 Asdnotdoobeenvithtlrem
859 4249 919 4291 Thus
927 4250 965 4290 the
998 4247 1105 4302 bsptisers
1113 4247 1173 4288 oleti
1181 4244 1302 4294 ustrotm
1292 4245 1394 4298 Melete}
1412 4256 1468 4286 eren
1483 4249 1538 4286 uoto
1551 4245 1589 4286 the

373 4316 577 4374 feelimportence,
584 4317 711 4368 erectheo,
721 4315 745 4356 ol'
762 4316 964 4358 thesemirsculous
998 4317 1075 4358 endoi
1090 4314 1210 4358 mesortd.
1218 4314 1283 4355 sTbe
1299 4313 1475 4366 radisponensis
1492 4325 1591 4386 powers

373 4385 428 4436 gihs
435 4385 556 4428 consisted
550 4396 573 4425 ιιι
583 4385 640 4426 therr
653 4385 744 4436 bmrrng
752 4385 840 4426 witness
854 4391 876 4426 to
885 4386 963 4427 thein-
997 4386 1040 4428 end
1049 4395 1129 4436 amoos
1144 4385 1232 4435 others,
1240 4385 1264 4424 oi
1277 4383 1334 4425 their
1348 4395 1421 4436 aanor
1434 4361 1591 4434 procuremini

376 4454 642 4495 srsrdeuduoseenones
657 4454 727 4497 which
744 4455 789 4496 Gon
805 4455 851 4496 still
868 4456 963 4499 eborress
997 4453 1313 4504 thellourGuossonotbere,
1319 4451 1590 4506 wuettestedetfirstbp

374 4535 434 4576 upon
442 4525 476 4566 his
484 4525 580 4567 cbnroh.
588 4525 809 4578 »Reponitlosnncsz
819 4526 884 4568 «Auo
892 4526 964 4567 which
998 4525 1107 4568 miracles.
1116 4523 1201 4576 (Acts'
1182 4522 1228 4564 rrii.
1238 4521 1403 4574 sr,rs.)01tord
1414 4523 1502 4573 Trstts,
1513 4521 1562 4562 Vol.
1571 4521 1591 4562 l.

378 4594 515 4636 vedarenot
526 4606 622 4648 suppose
637 4600 659 4635 to
675 4595 826 4646 haresessed,
842 4595 966 4648 merelpbe-
998 4601 1073 4642 Meo.

375 4665 695 4718 censetheoutrrerdsipnsol
706 4667 765 4707 them
782 4666 830 4719 did,
847 4668 909 4709 eben
919 4667 966 4710 God
1023 4669 1050 4722 tt]
1063 4669 1117 4710 lieb-
1131 4667 1159 4708 ιι
1170 4674 1188 4706 t.
1202 4668 1230 4717 (tl
1241 4665 1426 4718 Epadlubeisn.

373 4733 466 4778 himself
472 4738 515 4779 had
531 4736 640 4792 promised
655 4737 702 4777 thet
718 4737 768 4790 they
777 4736 855 4779 should
872 4737 915 4779 lsst
930 4737 965 4779 dos
1024 4739 1050 4791 (s)
1061 4740 1100 4792 Ep.
1114 4737 1171 4778 lmii.
1180 4736 1208 4778 sd
1218 4735 1359 4788 Stephanum.
