<?xml version="1.0" encoding="UTF-8"?>
<!DOCTYPE html PUBLIC "-//W3C//DTD XHTML 1.0 Transitional//EN"
    "http://www.w3.org/TR/xhtml1/DTD/xhtml1-transitional.dtd">
<html xmlns="http://www.w3.org/1999/xhtml" xml:lang="en" lang="en">
 <head>
  <title>
</title>
<meta http-equiv="Content-Type" content="text/html;charset=utf-8" />
  <meta name='ocr-system' content='tesseract 3.04.00' />
  <meta name='ocr-capabilities' content='ocr_page ocr_carea ocr_par ocr_line ocrx_word'/>
</head>
<body>
  <div class='ocr_page' id='page_1' title='image "./theologiadogmat02kenrgoog_0246.png"; bbox 0 0 3792 5550; ppageno 0'>
   <div class='ocr_carea' id='block_1_1' title="bbox 370 581 1232 642">
    <p class='ocr_par' dir='ltr' id='par_1_1' title="bbox 370 581 1232 642">
     <span class='ocr_line' id='line_1_1' title="bbox 370 581 1232 642; baseline -0.003 -4"><span class='ocrx_word' id='word_1_1' title='bbox 370 581 423 638; x_wconf 62' lang='grc' dir='ltr'><strong>ΞΜ</strong></span> <span class='ocrx_word' id='word_1_2' title='bbox 682 609 684 616; x_wconf 44' lang='lat' dir='ltr'>v</span> <span class='ocrx_word' id='word_1_3' title='bbox 730 583 845 636; x_wconf 77' lang='lat' dir='ltr'><strong>ululet.</strong></span> <span class='ocrx_word' id='word_1_4' title='bbox 865 583 929 636; x_wconf 80' lang='lat' dir='ltr'><strong>llltt.</strong></span> <span class='ocrx_word' id='word_1_5' title='bbox 947 583 990 636; x_wconf 79' lang='lat' dir='ltr'><strong>bu</strong></span> <span class='ocrx_word' id='word_1_6' title='bbox 1007 581 1232 642; x_wconf 72' lang='lat' dir='ltr'><strong>toedtthhtlu.</strong></span> 
     </span>
    </p>
   </div>
   <div class='ocr_carea' id='block_1_2' title="bbox 260 696 1717 4445">
    <p class='ocr_par' dir='ltr' id='par_1_2' title="bbox 371 696 1591 1109">
     <span class='ocr_line' id='line_1_2' title="bbox 372 696 1589 769; baseline 0.003 -15"><span class='ocrx_word' id='word_1_7' title='bbox 372 701 477 754; x_wconf 91' lang='lat' dir='ltr'><strong>minum</strong></span> <span class='ocrx_word' id='word_1_8' title='bbox 495 713 574 768; x_wconf 73' lang='lat' dir='ltr'><strong>aequo</strong></span> <span class='ocrx_word' id='word_1_9' title='bbox 584 699 691 762; x_wconf 84' lang='lat' dir='ltr'><strong>ualent,</strong></span> <span class='ocrx_word' id='word_1_10' title='bbox 709 698 826 766; x_wconf 79' lang='lat' dir='ltr'><strong>ideoque</strong></span> <span class='ocrx_word' id='word_1_11' title='bbox 839 703 962 764; x_wconf 86' lang='lat' dir='ltr'><strong>potestas</strong></span> <span class='ocrx_word' id='word_1_12' title='bbox 995 697 1048 751; x_wconf 79' lang='lat' dir='ltr'><strong>Cur</strong></span> <span class='ocrx_word' id='word_1_13' title='bbox 1060 696 1253 764; x_wconf 82' lang='lat' dir='ltr'><strong>baptizatis,si</strong></span> <span class='ocrx_word' id='word_1_14' title='bbox 1265 710 1315 765; x_wconf 88' lang='lat' dir='ltr'><strong>per</strong></span> <span class='ocrx_word' id='word_1_15' title='bbox 1325 698 1463 755; x_wconf 86' lang='lat' dir='ltr'><strong>hominem</strong></span> <span class='ocrx_word' id='word_1_16' title='bbox 1474 706 1589 769; x_wconf 86' lang='lat' dir='ltr'><strong>peccata</strong></span> 
     </span>
     <span class='ocr_line' id='line_1_3' title="bbox 372 782 1590 855; baseline 0.002 -15"><span class='ocrx_word' id='word_1_17' title='bbox 372 787 546 854; x_wconf 78' lang='lat' dir='ltr'><strong>agnoscenda</strong></span> <span class='ocrx_word' id='word_1_18' title='bbox 555 790 597 840; x_wconf 88' lang='lat' dir='ltr'><strong>ost</strong></span> <span class='ocrx_word' id='word_1_19' title='bbox 604 789 714 852; x_wconf 84' lang='lat' dir='ltr'><strong>peccata</strong></span> <span class='ocrx_word' id='word_1_20' title='bbox 723 784 888 848; x_wconf 89' lang='lat' dir='ltr'><strong>dimittendi,</strong></span> <span class='ocrx_word' id='word_1_21' title='bbox 899 797 963 851; x_wconf 84' lang='lat' dir='ltr'><strong>quae</strong></span> <span class='ocrx_word' id='word_1_22' title='bbox 994 782 1096 836; x_wconf 87' lang='lat' dir='ltr'><strong>dimitti</strong></span> <span class='ocrx_word' id='word_1_23' title='bbox 1114 796 1170 838; x_wconf 90' lang='lat' dir='ltr'><strong>non</strong></span> <span class='ocrx_word' id='word_1_24' title='bbox 1190 784 1273 838; x_wconf 82' lang='lat' dir='ltr'><strong>licett</strong></span> <span class='ocrx_word' id='word_1_25' title='bbox 1294 785 1325 838; x_wconf 89' lang='lat' dir='ltr'><strong>lu</strong></span> <span class='ocrx_word' id='word_1_26' title='bbox 1340 785 1480 851; x_wconf 77' lang='lat' dir='ltr'><strong>capttsmo</strong></span> <span class='ocrx_word' id='word_1_27' title='bbox 1493 787 1590 855; x_wconf 76' lang='lat' dir='ltr'><strong>utique</strong></span> 
     </span>
     <span class='ocr_line' id='line_1_4' title="bbox 371 867 1591 938; baseline 0.001 -12"><span class='ocrx_word' id='word_1_28' title='bbox 371 871 418 926; x_wconf 88' lang='lat' dir='ltr'><strong>ltei</strong></span> <span class='ocrx_word' id='word_1_29' title='bbox 439 871 525 938; x_wconf 89' lang='lat' dir='ltr'><strong>ipsius</strong></span> <span class='ocrx_word' id='word_1_30' title='bbox 545 870 650 937; x_wconf 85' lang='lat' dir='ltr'><strong>judicio</strong></span> <span class='ocrx_word' id='word_1_31' title='bbox 672 869 859 924; x_wconf 87' lang='lat' dir='ltr'><strong>confirmetur.</strong></span> <span class='ocrx_word' id='word_1_32' title='bbox 886 871 962 924; x_wconf 84' lang='lat' dir='ltr'><strong>lianc</strong></span> <span class='ocrx_word' id='word_1_33' title='bbox 995 867 1123 922; x_wconf 83' lang='lat' dir='ltr'><strong>remissio</strong></span> <span class='ocrx_word' id='word_1_34' title='bbox 1135 875 1309 935; x_wconf 85' lang='lat' dir='ltr'><strong>peccatorum</strong></span> <span class='ocrx_word' id='word_1_35' title='bbox 1318 871 1443 926; x_wconf 89' lang='lat' dir='ltr'><strong>omnium</strong></span> <span class='ocrx_word' id='word_1_36' title='bbox 1454 878 1507 931; x_wconf 81' lang='lat' dir='ltr'><strong>ecl.</strong></span> <span class='ocrx_word' id='word_1_37' title='bbox 1518 873 1591 938; x_wconf 75' lang='lat' dir='ltr'><strong>Quid</strong></span> 
     </span>
     <span class='ocr_line' id='line_1_5' title="bbox 373 952 1591 1028; baseline 0.004 -18"><span class='ocrx_word' id='word_1_38' title='bbox 373 956 546 1010; x_wconf 89' lang='lat' dir='ltr'><strong>sacerdotum</strong></span> <span class='ocrx_word' id='word_1_39' title='bbox 571 952 670 1008; x_wconf 85' lang='lat' dir='ltr'><strong>christi</strong></span> <span class='ocrx_word' id='word_1_40' title='bbox 687 953 879 1020; x_wconf 81' lang='lat' dir='ltr'><strong>auctoritatem</strong></span> <span class='ocrx_word' id='word_1_41' title='bbox 900 967 965 1008; x_wconf 91' lang='lat' dir='ltr'><strong>cum</strong></span> <span class='ocrx_word' id='word_1_42' title='bbox 996 955 1110 1010; x_wconf 84' lang='lat' dir='ltr'><strong>interest</strong></span> <span class='ocrx_word' id='word_1_43' title='bbox 1123 963 1214 1010; x_wconf 92' lang='lat' dir='ltr'><strong>utrum</strong></span> <span class='ocrx_word' id='word_1_44' title='bbox 1228 971 1277 1024; x_wconf 87' lang='lat' dir='ltr'><strong>per</strong></span> <span class='ocrx_word' id='word_1_45' title='bbox 1287 958 1531 1025; x_wconf 71' lang='lat' dir='ltr'><strong>poeniteutiam,an</strong></span> <span class='ocrx_word' id='word_1_46' title='bbox 1540 972 1591 1028; x_wconf 85' lang='lat' dir='ltr'><strong>per</strong></span> 
     </span>
     <span class='ocr_line' id='line_1_6' title="bbox 374 1039 1582 1109; baseline 0.004 -13"><span class='ocrx_word' id='word_1_47' title='bbox 374 1055 406 1096; x_wconf 90' lang='lat' dir='ltr'><strong>oa</strong></span> <span class='ocrx_word' id='word_1_48' title='bbox 419 1052 481 1107; x_wconf 80' lang='lat' dir='ltr'><strong>uuae</strong></span> <span class='ocrx_word' id='word_1_49' title='bbox 490 1039 680 1094; x_wconf 88' lang='lat' dir='ltr'><strong>sacerdotibus</strong></span> <span class='ocrx_word' id='word_1_50' title='bbox 692 1039 831 1094; x_wconf 77' lang='lat' dir='ltr'><strong>turonicis</strong></span> <span class='ocrx_word' id='word_1_51' title='bbox 841 1039 869 1092; x_wconf 89' lang='lat' dir='ltr'><strong>in</strong></span> <span class='ocrx_word' id='word_1_52' title='bbox 878 1041 963 1106; x_wconf 73' lang='lat' dir='ltr'><strong>leprae</strong></span> <span class='ocrx_word' id='word_1_53' title='bbox 996 1040 1221 1105; x_wconf 82' lang='lat' dir='ltr'><strong>lavacrum,boc</strong></span> <span class='ocrx_word' id='word_1_54' title='bbox 1241 1044 1287 1109; x_wconf 86' lang='lat' dir='ltr'><strong>jus</strong></span> <span class='ocrx_word' id='word_1_55' title='bbox 1310 1043 1363 1098; x_wconf 88' lang='lat' dir='ltr'><strong>sibi</strong></span> <span class='ocrx_word' id='word_1_56' title='bbox 1387 1045 1484 1098; x_wconf 87' lang='lat' dir='ltr'><strong>datum</strong></span> <span class='ocrx_word' id='word_1_57' title='bbox 1504 1059 1582 1101; x_wconf 85' lang='lat' dir='ltr'><strong>sacer</strong></span> 
     </span>
    </p>

    <p class='ocr_par' dir='ltr' id='par_1_3' title="bbox 260 1125 1594 2134">
     <span class='ocr_line' id='line_1_7' title="bbox 260 1125 1592 1198; baseline 0.005 -22"><span class='ocrx_word' id='word_1_58' title='bbox 260 1167 265 1176; x_wconf 92' lang='lat'><em>.</em></span> <span class='ocrx_word' id='word_1_59' title='bbox 372 1127 499 1184; x_wconf 81' lang='lat' dir='ltr'><strong>oramina</strong></span> <span class='ocrx_word' id='word_1_60' title='bbox 511 1127 644 1190; x_wconf 87' lang='lat' dir='ltr'><strong>dabatur,</strong></span> <span class='ocrx_word' id='word_1_61' title='bbox 657 1126 772 1190; x_wconf 87' lang='lat' dir='ltr'><strong>conlert,</strong></span> <span class='ocrx_word' id='word_1_62' title='bbox 786 1126 884 1194; x_wconf 82' lang='lat' dir='ltr'><strong>utelus</strong></span> <span class='ocrx_word' id='word_1_63' title='bbox 895 1139 965 1193; x_wconf 76' lang='lat' dir='ltr'><strong>prm-</strong></span> <span class='ocrx_word' id='word_1_64' title='bbox 997 1125 1077 1180; x_wconf 82' lang='lat' dir='ltr'><strong>dotes</strong></span> <span class='ocrx_word' id='word_1_65' title='bbox 1103 1125 1266 1180; x_wconf 84' lang='lat' dir='ltr'><strong>vindiceutt</strong></span> <span class='ocrx_word' id='word_1_66' title='bbox 1296 1128 1386 1182; x_wconf 86' lang='lat' dir='ltr'><strong>linum</strong></span> <span class='ocrx_word' id='word_1_67' title='bbox 1412 1131 1443 1181; x_wconf 89' lang='lat' dir='ltr'><strong>in</strong></span> <span class='ocrx_word' id='word_1_68' title='bbox 1472 1136 1592 1198; x_wconf 76' lang='lat' dir='ltr'><strong>utroque</strong></span> 
     </span>
     <span class='ocr_line' id='line_1_8' title="bbox 369 1212 1583 1282; baseline 0.003 -16"><span class='ocrx_word' id='word_1_69' title='bbox 369 1213 502 1268; x_wconf 72' lang='lat' dir='ltr'><strong>&#39;stantiam</strong></span> <span class='ocrx_word' id='word_1_70' title='bbox 523 1212 671 1268; x_wconf 82' lang='lat' dir='ltr'><strong>ostendat:</strong></span> <span class='ocrx_word' id='word_1_71' title='bbox 688 1212 838 1279; x_wconf 76' lang='lat' dir='ltr'><strong>«corporis</strong></span> <span class='ocrx_word' id='word_1_72' title='bbox 858 1213 962 1278; x_wconf 86' lang='lat' dir='ltr'><strong>lepram</strong></span> <span class='ocrx_word' id='word_1_73' title='bbox 996 1212 1156 1280; x_wconf 76' lang='lat' dir='ltr'>mysterium</span> <span class='ocrx_word' id='word_1_74' title='bbox 1177 1218 1229 1268; x_wconf 89' lang='lat' dir='ltr'><strong>cst.</strong></span> <span class='ocrx_word' id='word_1_75' title='bbox 1244 1214 1297 1268; x_wconf 83' lang='lat' dir='ltr'><strong>sed</strong></span> <span class='ocrx_word' id='word_1_76' title='bbox 1309 1212 1381 1268; x_wconf 88' lang='lat' dir='ltr'><strong>dicis</strong></span> <span class='ocrx_word' id='word_1_77' title='bbox 1401 1215 1468 1282; x_wconf 83' lang='lat' dir='ltr'><strong>quia</strong></span> <span class='ocrx_word' id='word_1_78' title='bbox 1480 1216 1583 1272; x_wconf 78' lang='lat' dir='ltr'><strong>inlata</strong></span> 
     </span>
     <span class='ocr_line' id='line_1_9' title="bbox 374 1298 1592 1367; baseline 0.002 -14"><span class='ocrx_word' id='word_1_79' title='bbox 374 1313 510 1366; x_wconf 81' lang='lat' dir='ltr'><strong>purgare,</strong></span> <span class='ocrx_word' id='word_1_80' title='bbox 522 1313 571 1356; x_wconf 86' lang='lat' dir='ltr'><strong>seu</strong></span> <span class='ocrx_word' id='word_1_81' title='bbox 589 1299 681 1356; x_wconf 87' lang='lat' dir='ltr'><strong>verius</strong></span> <span class='ocrx_word' id='word_1_82' title='bbox 692 1299 782 1352; x_wconf 89' lang='lat' dir='ltr'><strong>dicam</strong></span> <span class='ocrx_word' id='word_1_83' title='bbox 793 1334 801 1363; x_wconf 89' lang='lat'><strong>,</strong></span> <span class='ocrx_word' id='word_1_84' title='bbox 812 1298 885 1352; x_wconf 92' lang='lat' dir='ltr'><strong>haud</strong></span> <span class='ocrx_word' id='word_1_85' title='bbox 901 1311 968 1364; x_wconf 91' lang='lat' dir='ltr'><strong>pur·</strong></span> <span class='ocrx_word' id='word_1_86' title='bbox 998 1310 1045 1353; x_wconf 88' lang='lat' dir='ltr'><strong>ero</strong></span> <span class='ocrx_word' id='word_1_87' title='bbox 1057 1303 1186 1364; x_wconf 88' lang='lat' dir='ltr'><strong>operatur</strong></span> <span class='ocrx_word' id='word_1_88' title='bbox 1204 1299 1398 1366; x_wconf 69' lang='lat' dir='ltr'><strong>mysteriorum</strong></span> <span class='ocrx_word' id='word_1_89' title='bbox 1410 1301 1507 1367; x_wconf 74' lang='lat' dir='ltr'><strong>gratia.</strong></span> <span class='ocrx_word' id='word_1_90' title='bbox 1521 1301 1592 1365; x_wconf 78' lang='lat' dir='ltr'><strong>Quid</strong></span> 
     </span>
     <span class='ocr_line' id='line_1_10' title="bbox 374 1382 1592 1452; baseline 0.003 -16"><span class='ocrx_word' id='word_1_91' title='bbox 374 1397 438 1452; x_wconf 68' lang='lat' dir='ltr'><strong>aare</strong></span> <span class='ocrx_word' id='word_1_92' title='bbox 456 1384 583 1450; x_wconf 88' lang='lat' dir='ltr'><strong>quidem,</strong></span> <span class='ocrx_word' id='word_1_93' title='bbox 597 1384 646 1437; x_wconf 88' lang='lat' dir='ltr'><strong>sed</strong></span> <span class='ocrx_word' id='word_1_94' title='bbox 669 1385 801 1450; x_wconf 76' lang='lat' dir='ltr'><strong>purgatos</strong></span> <span class='ocrx_word' id='word_1_95' title='bbox 826 1383 966 1449; x_wconf 84' lang='lat' dir='ltr'><strong>probare,</strong></span> <span class='ocrx_word' id='word_1_96' title='bbox 998 1382 1028 1435; x_wconf 90' lang='lat' dir='ltr'><strong>iu</strong></span> <span class='ocrx_word' id='word_1_97' title='bbox 1043 1383 1225 1449; x_wconf 69' lang='lat' dir='ltr'><strong>poenitentia?</strong></span> <span class='ocrx_word' id='word_1_98' title='bbox 1236 1387 1332 1438; x_wconf 78' lang='lat' dir='ltr'><strong>donne</strong></span> <span class='ocrx_word' id='word_1_99' title='bbox 1345 1385 1392 1438; x_wconf 85' lang='lat' dir='ltr'><strong>ltei</strong></span> <span class='ocrx_word' id='word_1_100' title='bbox 1405 1397 1510 1438; x_wconf 88' lang='lat' dir='ltr'><strong>nomen</strong></span> <span class='ocrx_word' id='word_1_101' title='bbox 1522 1399 1592 1452; x_wconf 83' lang='lat' dir='ltr'><strong>ope-</strong></span> 
     </span>
     <span class='ocr_line' id='line_1_11' title="bbox 373 1467 1593 1535; baseline 0 -10"><span class='ocrx_word' id='word_1_102' title='bbox 373 1471 530 1527; x_wconf 87' lang='lat' dir='ltr'><strong>tudaeorum</strong></span> <span class='ocrx_word' id='word_1_103' title='bbox 556 1470 745 1530; x_wconf 85' lang='lat' dir='ltr'><strong>sacerdotibus</strong></span> <span class='ocrx_word' id='word_1_104' title='bbox 765 1469 832 1523; x_wconf 88' lang='lat' dir='ltr'><strong>solis</strong></span> <span class='ocrx_word' id='word_1_105' title='bbox 854 1469 964 1524; x_wconf 90' lang='lat' dir='ltr'><strong>licebat.</strong></span> <span class='ocrx_word' id='word_1_106' title='bbox 998 1467 1120 1522; x_wconf 69' lang='lat' dir='ltr'><strong>raturtrl</strong></span> <span class='ocrx_word' id='word_1_107' title='bbox 1134 1470 1203 1522; x_wconf 89' lang='lat' dir='ltr'><strong>ltem</strong></span> <span class='ocrx_word' id='word_1_108' title='bbox 1216 1483 1224 1520; x_wconf 72' lang='grc' dir='ltr'><strong><em>ε</em></strong></span> <span class='ocrx_word' id='word_1_109' title='bbox 1237 1489 1249 1516; x_wconf 81' lang='grc' dir='ltr'>ι</span> <span class='ocrx_word' id='word_1_110' title='bbox 1263 1469 1593 1535; x_wconf 85' lang='lat' dir='ltr'><strong>impossibilevidebatur</strong></span> 
     </span>
     <span class='ocr_line' id='line_1_12' title="bbox 372 1554 1593 1623; baseline 0.001 -12"><span class='ocrx_word' id='word_1_111' title='bbox 372 1559 483 1612; x_wconf 73' lang='lat' dir='ltr'><strong>atvero</strong></span> <span class='ocrx_word' id='word_1_112' title='bbox 496 1556 599 1612; x_wconf 83' lang='lat' dir='ltr'><strong>nostris</strong></span> <span class='ocrx_word' id='word_1_113' title='bbox 615 1554 823 1616; x_wconf 82' lang='lat' dir='ltr'><strong>cacerdotibus,</strong></span> <span class='ocrx_word' id='word_1_114' title='bbox 837 1567 893 1608; x_wconf 92' lang='lat' dir='ltr'><strong>uon</strong></span> <span class='ocrx_word' id='word_1_115' title='bbox 902 1567 966 1608; x_wconf 87' lang='lat' dir='ltr'><strong>cor·</strong></span> <span class='ocrx_word' id='word_1_116' title='bbox 999 1567 1049 1622; x_wconf 85' lang='lat' dir='ltr'><strong>per</strong></span> <span class='ocrx_word' id='word_1_117' title='bbox 1062 1554 1248 1621; x_wconf 68' lang='lat' dir='ltr'><strong>paenitentiam</strong></span> <span class='ocrx_word' id='word_1_118' title='bbox 1266 1562 1378 1623; x_wconf 90' lang='lat' dir='ltr'><strong>peccata</strong></span> <span class='ocrx_word' id='word_1_119' title='bbox 1398 1556 1511 1609; x_wconf 90' lang='lat' dir='ltr'><strong>dimitti.</strong></span> <span class='ocrx_word' id='word_1_120' title='bbox 1523 1559 1593 1612; x_wconf 79' lang='lat' dir='ltr'><strong>cou-</strong></span> 
     </span>
     <span class='ocr_line' id='line_1_13' title="bbox 377 1639 1593 1709; baseline 0 -13"><span class='ocrx_word' id='word_1_121' title='bbox 377 1642 452 1708; x_wconf 88' lang='lat' dir='ltr'><strong>porls</strong></span> <span class='ocrx_word' id='word_1_122' title='bbox 473 1643 595 1708; x_wconf 91' lang='lat' dir='ltr'><strong>lepram,</strong></span> <span class='ocrx_word' id='word_1_123' title='bbox 614 1654 710 1696; x_wconf 84' lang='lat' dir='ltr'><strong>uerum</strong></span> <span class='ocrx_word' id='word_1_124' title='bbox 729 1641 828 1694; x_wconf 85' lang='lat' dir='ltr'><strong>animae</strong></span> <span class='ocrx_word' id='word_1_125' title='bbox 849 1639 969 1704; x_wconf 77' lang='lat' dir='ltr'><strong>sordeo,</strong></span> <span class='ocrx_word' id='word_1_126' title='bbox 999 1639 1142 1693; x_wconf 87' lang='lat' dir='ltr'><strong>cessithoc</strong></span> <span class='ocrx_word' id='word_1_127' title='bbox 1153 1640 1277 1694; x_wconf 85' lang='lat' dir='ltr'><strong>christus</strong></span> <span class='ocrx_word' id='word_1_128' title='bbox 1285 1641 1425 1706; x_wconf 81' lang='lat' dir='ltr'><strong>Apostolis</strong></span> <span class='ocrx_word' id='word_1_129' title='bbox 1435 1641 1506 1706; x_wconf 91' lang='lat' dir='ltr'><strong>suis,</strong></span> <span class='ocrx_word' id='word_1_130' title='bbox 1516 1641 1593 1709; x_wconf 79' lang='lat' dir='ltr'><strong>quod</strong></span> 
     </span>
     <span class='ocr_line' id='line_1_14' title="bbox 375 1724 1594 1794; baseline 0 -13"><span class='ocrx_word' id='word_1_131' title='bbox 375 1740 431 1782; x_wconf 90' lang='lat' dir='ltr'><strong>non</strong></span> <span class='ocrx_word' id='word_1_132' title='bbox 453 1727 516 1782; x_wconf 86' lang='lat' dir='ltr'><strong>dico</strong></span> <span class='ocrx_word' id='word_1_133' title='bbox 537 1731 667 1794; x_wconf 75' lang='lat' dir='ltr'><strong>purgatas</strong></span> <span class='ocrx_word' id='word_1_134' title='bbox 685 1725 822 1794; x_wconf 87' lang='lat' dir='ltr'><strong>probare,</strong></span> <span class='ocrx_word' id='word_1_135' title='bbox 841 1725 889 1780; x_wconf 85' lang='lat' dir='ltr'><strong>sed</strong></span> <span class='ocrx_word' id='word_1_136' title='bbox 902 1739 968 1792; x_wconf 86' lang='lat' dir='ltr'><strong>pur-</strong></span> <span class='ocrx_word' id='word_1_137' title='bbox 1000 1724 1035 1778; x_wconf 89' lang='lat' dir='ltr'><strong>ab</strong></span> <span class='ocrx_word' id='word_1_138' title='bbox 1061 1725 1200 1791; x_wconf 82' lang='lat' dir='ltr'><strong>Apostolis</strong></span> <span class='ocrx_word' id='word_1_139' title='bbox 1225 1726 1261 1780; x_wconf 89' lang='lat' dir='ltr'><strong>ad</strong></span> <span class='ocrx_word' id='word_1_140' title='bbox 1291 1726 1469 1782; x_wconf 69' lang='lat' dir='ltr'><strong>sacerdotum</strong></span> <span class='ocrx_word' id='word_1_141' title='bbox 1503 1726 1594 1782; x_wconf 80' lang='lat' dir='ltr'><strong>cilicia</strong></span> 
     </span>
     <span class='ocr_line' id='line_1_15' title="bbox 378 1808 1314 1880; baseline -0.002 -14"><span class='ocrx_word' id='word_1_142' title='bbox 378 1825 443 1880; x_wconf 67' lang='lat' dir='ltr'><strong>aare</strong></span> <span class='ocrx_word' id='word_1_143' title='bbox 455 1823 742 1879; x_wconf 79' lang='lat' dir='ltr'><strong>prorsusconoessum</strong></span> <span class='ocrx_word' id='word_1_144' title='bbox 756 1815 830 1864; x_wconf 78' lang='lat' dir='ltr'><strong>est.»</strong></span> <span class='ocrx_word' id='word_1_145' title='bbox 844 1808 853 1843; x_wconf 85' lang='lat'>¹</span> <span class='ocrx_word' id='word_1_146' title='bbox 867 1809 968 1863; x_wconf 86' lang='lat' dir='ltr'><strong>verbis</strong></span> <span class='ocrx_word' id='word_1_147' title='bbox 1001 1809 1194 1864; x_wconf 86' lang='lat' dir='ltr'><strong>transmissum</strong></span> <span class='ocrx_word' id='word_1_148' title='bbox 1215 1816 1267 1864; x_wconf 86' lang='lat' dir='ltr'><strong>est.</strong></span> <span class='ocrx_word' id='word_1_149' title='bbox 1280 1809 1314 1857; x_wconf 74' lang='grc' dir='ltr'><strong>ι·</strong></span> 
     </span>
     <span class='ocr_line' id='line_1_16' title="bbox 372 1891 1594 1963; baseline 0 -11"><span class='ocrx_word' id='word_1_150' title='bbox 372 1898 536 1954; x_wconf 85' lang='lat' dir='ltr'><strong>clarioribus</strong></span> <span class='ocrx_word' id='word_1_151' title='bbox 554 1897 654 1950; x_wconf 81' lang='lat' dir='ltr'><strong>animae</strong></span> <span class='ocrx_word' id='word_1_152' title='bbox 679 1895 839 1960; x_wconf 88' lang='lat' dir='ltr'><strong>mundatio,</strong></span> <span class='ocrx_word' id='word_1_153' title='bbox 863 1891 925 1962; x_wconf 84' lang='lat' dir='ltr'><strong>qu&#39;ae</strong></span> <span class='ocrx_word' id='word_1_154' title='bbox 937 1894 968 1950; x_wconf 88' lang='lat' dir='ltr'><strong>tit</strong></span> <span class='ocrx_word' id='word_1_155' title='bbox 1035 1897 1076 1947; x_wconf 82' lang='lat' dir='ltr'><strong>ll.</strong></span> <span class='ocrx_word' id='word_1_156' title='bbox 1096 1897 1124 1947; x_wconf 88' lang='lat' dir='ltr'><strong>s.</strong></span> <span class='ocrx_word' id='word_1_157' title='bbox 1146 1895 1279 1949; x_wconf 78' lang='lat' dir='ltr'><strong>Parianus</strong></span> <span class='ocrx_word' id='word_1_158' title='bbox 1299 1909 1307 1948; x_wconf 90' lang='lat'>:</span> <span class='ocrx_word' id='word_1_159' title='bbox 1324 1914 1337 1946; x_wconf 84' lang='grc' dir='ltr'>ι</span> <span class='ocrx_word' id='word_1_160' title='bbox 1354 1898 1500 1963; x_wconf 82' lang='lat' dir='ltr'><strong>llunqnam</strong></span> <span class='ocrx_word' id='word_1_161' title='bbox 1521 1899 1594 1952; x_wconf 81' lang='lat' dir='ltr'><strong>liena</strong></span> 
     </span>
     <span class='ocr_line' id='line_1_17' title="bbox 374 1981 1594 2050; baseline 0.003 -14"><span class='ocrx_word' id='word_1_162' title='bbox 374 1987 486 2050; x_wconf 87' lang='lat' dir='ltr'><strong>peccata</strong></span> <span class='ocrx_word' id='word_1_163' title='bbox 514 1982 708 2046; x_wconf 77' lang='lat' dir='ltr'><strong>remittendo,</strong></span> <span class='ocrx_word' id='word_1_164' title='bbox 737 1981 875 2036; x_wconf 90' lang='lat' dir='ltr'><strong>enuntiari</strong></span> <span class='ocrx_word' id='word_1_165' title='bbox 911 1994 969 2035; x_wconf 90' lang='lat' dir='ltr'><strong>nou</strong></span> <span class='ocrx_word' id='word_1_166' title='bbox 1001 1994 1057 2036; x_wconf 91' lang='lat' dir='ltr'><strong>non</strong></span> <span class='ocrx_word' id='word_1_167' title='bbox 1092 1982 1237 2048; x_wconf 88' lang='lat' dir='ltr'><strong>poenitenti</strong></span> <span class='ocrx_word' id='word_1_168' title='bbox 1270 1983 1505 2048; x_wconf 75' lang='lat' dir='ltr'><strong>comminaretur,</strong></span> <span class='ocrx_word' id='word_1_169' title='bbox 1538 1984 1594 2040; x_wconf 86' lang='lat' dir='ltr'><strong>nisi</strong></span> 
     </span>
     <span class='ocr_line' id='line_1_18' title="bbox 378 2065 1594 2134; baseline 0.001 -12"><span class='ocrx_word' id='word_1_170' title='bbox 378 2068 476 2134; x_wconf 87' lang='lat' dir='ltr'><strong>poluit.</strong></span> <span class='ocrx_word' id='word_1_171' title='bbox 1002 2065 1156 2134; x_wconf 75' lang='lat' dir='ltr'><strong>ignosceret</strong></span> <span class='ocrx_word' id='word_1_172' title='bbox 1175 2067 1327 2134; x_wconf 87' lang='lat' dir='ltr'><strong>poeuiteuti.</strong></span> <span class='ocrx_word' id='word_1_173' title='bbox 1353 2070 1435 2123; x_wconf 87' lang='lat' dir='ltr'><strong>Solus</strong></span> <span class='ocrx_word' id='word_1_174' title='bbox 1452 2070 1523 2134; x_wconf 89' lang='lat' dir='ltr'><strong>boc,</strong></span> <span class='ocrx_word' id='word_1_175' title='bbox 1549 2070 1594 2124; x_wconf 87' lang='lat' dir='ltr'><strong>iu·</strong></span> 
     </span>
    </p>

    <p class='ocr_par' dir='ltr' id='par_1_4' title="bbox 375 2152 1629 2821">
     <span class='ocr_line' id='line_1_19' title="bbox 410 2152 1595 2220; baseline 0.005 -16"><span class='ocrx_word' id='word_1_176' title='bbox 410 2154 452 2204; x_wconf 73' lang='grc'><strong>12.</strong></span> <span class='ocrx_word' id='word_1_177' title='bbox 471 2155 497 2204; x_wconf 87' lang='lat' dir='ltr'><strong>S.</strong></span> <span class='ocrx_word' id='word_1_178' title='bbox 513 2153 648 2206; x_wconf 80' lang='lat' dir='ltr'><strong>Hilarius:</strong></span> <span class='ocrx_word' id='word_1_179' title='bbox 667 2154 710 2205; x_wconf 82' lang='grc' dir='ltr'><strong>ιο</strong></span> <span class='ocrx_word' id='word_1_180' title='bbox 731 2153 829 2206; x_wconf 85' lang='lat' dir='ltr'><strong>beatus</strong></span> <span class='ocrx_word' id='word_1_181' title='bbox 848 2153 911 2206; x_wconf 88' lang='lat' dir='ltr'><strong>coeli</strong></span> <span class='ocrx_word' id='word_1_182' title='bbox 926 2153 970 2220; x_wconf 82' lang='lat' dir='ltr'><strong>ja·</strong></span> <span class='ocrx_word' id='word_1_183' title='bbox 1002 2152 1098 2218; x_wconf 77' lang='lat' dir='ltr'><strong>pullos,</strong></span> <span class='ocrx_word' id='word_1_184' title='bbox 1109 2155 1182 2206; x_wconf 84' lang='lat' dir='ltr'><strong>heus</strong></span> <span class='ocrx_word' id='word_1_185' title='bbox 1194 2153 1305 2219; x_wconf 90' lang='lat' dir='ltr'><strong>poterit.</strong></span> <span class='ocrx_word' id='word_1_186' title='bbox 1319 2156 1419 2208; x_wconf 81' lang='lat' dir='ltr'><strong>Verum</strong></span> <span class='ocrx_word' id='word_1_187' title='bbox 1430 2159 1488 2209; x_wconf 87' lang='lat' dir='ltr'><strong>est:</strong></span> <span class='ocrx_word' id='word_1_188' title='bbox 1501 2155 1551 2209; x_wconf 87' lang='lat' dir='ltr'><strong>sed</strong></span> <span class='ocrx_word' id='word_1_189' title='bbox 1564 2158 1595 2210; x_wconf 89' lang='lat' dir='ltr'><strong>et</strong></span> 
     </span>
     <span class='ocr_line' id='line_1_20' title="bbox 378 2237 1596 2307; baseline 0.007 -18"><span class='ocrx_word' id='word_1_190' title='bbox 378 2237 469 2290; x_wconf 85' lang='lat' dir='ltr'><strong>nitor!</strong></span> <span class='ocrx_word' id='word_1_191' title='bbox 484 2239 562 2303; x_wconf 81' lang='lat' dir='ltr'><strong>cujus</strong></span> <span class='ocrx_word' id='word_1_192' title='bbox 574 2237 687 2294; x_wconf 81' lang='lat' dir='ltr'><strong>arbitrio</strong></span> <span class='ocrx_word' id='word_1_193' title='bbox 700 2239 791 2292; x_wconf 85' lang='lat' dir='ltr'><strong>claves</strong></span> <span class='ocrx_word' id='word_1_194' title='bbox 809 2237 970 2292; x_wconf 81' lang='lat' dir='ltr'><strong>oeterniadi-</strong></span> <span class='ocrx_word' id='word_1_195' title='bbox 1002 2237 1076 2303; x_wconf 84' lang='lat' dir='ltr'><strong>quod</strong></span> <span class='ocrx_word' id='word_1_196' title='bbox 1090 2252 1138 2304; x_wconf 87' lang='lat' dir='ltr'><strong>pur</strong></span> <span class='ocrx_word' id='word_1_197' title='bbox 1150 2239 1308 2293; x_wconf 79' lang='lat' dir='ltr'><strong>sacerdotes</strong></span> <span class='ocrx_word' id='word_1_198' title='bbox 1325 2253 1392 2294; x_wconf 87' lang='lat' dir='ltr'><strong>suos</strong></span> <span class='ocrx_word' id='word_1_199' title='bbox 1411 2240 1596 2307; x_wconf 83' lang='lat' dir='ltr'><strong>lacit,ipsiua</strong></span> 
     </span>
     <span class='ocr_line' id='line_1_21' title="bbox 376 2321 1629 2394; baseline 0.006 -21"><span class='ocrx_word' id='word_1_200' title='bbox 376 2321 591 2380; x_wconf 82' lang='lat' dir='ltr'><strong>tustraduntur.</strong></span> <span class='ocrx_word' id='word_1_201' title='bbox 605 2322 683 2388; x_wconf 80' lang='lat' dir='ltr'><strong>culus</strong></span> <span class='ocrx_word' id='word_1_202' title='bbox 697 2328 825 2376; x_wconf 85' lang='lat' dir='ltr'><strong>terrestre</strong></span> <span class='ocrx_word' id='word_1_203' title='bbox 834 2323 969 2390; x_wconf 85' lang='lat' dir='ltr'><strong>judicium</strong></span> <span class='ocrx_word' id='word_1_204' title='bbox 1003 2329 1125 2389; x_wconf 88' lang='lat' dir='ltr'><strong>potestas</strong></span> <span class='ocrx_word' id='word_1_205' title='bbox 1143 2330 1195 2378; x_wconf 89' lang='lat' dir='ltr'><strong>est.</strong></span> <span class='ocrx_word' id='word_1_206' title='bbox 1209 2327 1275 2378; x_wconf 88' lang='lat' dir='ltr'><strong>llam</strong></span> <span class='ocrx_word' id='word_1_207' title='bbox 1287 2325 1354 2392; x_wconf 85' lang='lat' dir='ltr'><strong>quid</strong></span> <span class='ocrx_word' id='word_1_208' title='bbox 1375 2331 1418 2380; x_wconf 88' lang='lat' dir='ltr'><strong>est</strong></span> <span class='ocrx_word' id='word_1_209' title='bbox 1429 2326 1499 2380; x_wconf 86' lang='lat' dir='ltr'><strong>illud</strong></span> <span class='ocrx_word' id='word_1_210' title='bbox 1519 2326 1595 2394; x_wconf 82' lang='lat' dir='ltr'><strong>quod</strong></span> <span class='ocrx_word' id='word_1_211' title='bbox 1617 2370 1629 2388; x_wconf 88' lang='lat'>.</span> 
     </span>
     <span class='ocr_line' id='line_1_22' title="bbox 375 2402 1592 2478; baseline 0.006 -20"><span class='ocrx_word' id='word_1_212' title='bbox 375 2405 553 2470; x_wconf 87' lang='lat' dir='ltr'><strong>praejrrdioata</strong></span> <span class='ocrx_word' id='word_1_213' title='bbox 573 2407 725 2460; x_wconf 83' lang='lat' dir='ltr'><strong>authoritas</strong></span> <span class='ocrx_word' id='word_1_214' title='bbox 746 2408 822 2462; x_wconf 89' lang='lat' dir='ltr'><strong>sitin</strong></span> <span class='ocrx_word' id='word_1_215' title='bbox 840 2409 971 2470; x_wconf 85' lang='lat' dir='ltr'><strong>coelo;ut</strong></span> <span class='ocrx_word' id='word_1_216' title='bbox 1002 2402 1261 2474; x_wconf 73' lang='lat' dir='ltr'><strong>Apostolis&#39;dicitzc</strong></span> <span class='ocrx_word' id='word_1_217' title='bbox 1275 2410 1592 2478; x_wconf 55' lang='lat' dir='ltr'><strong>quellpaveriusmtc.»</strong></span> 
     </span>
     <span class='ocr_line' id='line_1_23' title="bbox 377 2493 1596 2562; baseline 0.006 -17"><span class='ocrx_word' id='word_1_218' title='bbox 377 2505 439 2557; x_wconf 76' lang='lat' dir='ltr'><strong>quae</strong></span> <span class='ocrx_word' id='word_1_219' title='bbox 449 2506 476 2544; x_wconf 90' lang='lat' dir='ltr'><strong>m</strong></span> <span class='ocrx_word' id='word_1_220' title='bbox 490 2493 569 2546; x_wconf 87' lang='lat' dir='ltr'><strong>terris</strong></span> <span class='ocrx_word' id='word_1_221' title='bbox 581 2499 629 2548; x_wconf 90' lang='lat' dir='ltr'><strong>aut</strong></span> <span class='ocrx_word' id='word_1_222' title='bbox 640 2493 722 2561; x_wconf 77' lang='lat' dir='ltr'><strong>ligata</strong></span> <span class='ocrx_word' id='word_1_223' title='bbox 734 2494 803 2559; x_wconf 89' lang='lat' dir='ltr'><strong>sint,</strong></span> <span class='ocrx_word' id='word_1_224' title='bbox 815 2499 862 2548; x_wconf 91' lang='lat' dir='ltr'><strong>aut</strong></span> <span class='ocrx_word' id='word_1_225' title='bbox 870 2496 970 2559; x_wconf 88' lang='lat' dir='ltr'><strong>soluta,</strong></span> <span class='ocrx_word' id='word_1_226' title='bbox 1001 2496 1057 2547; x_wconf 85' lang='lat' dir='ltr'><strong>cur</strong></span> <span class='ocrx_word' id='word_1_227' title='bbox 1067 2494 1135 2558; x_wconf 89' lang='lat' dir='ltr'><strong>hoc,</strong></span> <span class='ocrx_word' id='word_1_228' title='bbox 1146 2494 1170 2550; x_wconf 85' lang='lat' dir='ltr'><strong>si</strong></span> <span class='ocrx_word' id='word_1_229' title='bbox 1182 2494 1267 2562; x_wconf 74' lang='lat' dir='ltr'><strong>ligare</strong></span> <span class='ocrx_word' id='word_1_230' title='bbox 1279 2495 1437 2550; x_wconf 88' lang='lat' dir='ltr'><strong>bominibus</strong></span> <span class='ocrx_word' id='word_1_231' title='bbox 1447 2497 1596 2552; x_wconf 77' lang='lat' dir='ltr'><strong>accoluere</strong></span> 
     </span>
     <span class='ocr_line' id='line_1_24' title="bbox 377 2577 1232 2645; baseline -0.004 -14"><span class='ocrx_word' id='word_1_232' title='bbox 377 2577 472 2632; x_wconf 88' lang='lat' dir='ltr'><strong>statuti</strong></span> <span class='ocrx_word' id='word_1_233' title='bbox 488 2579 611 2645; x_wconf 88' lang='lat' dir='ltr'><strong>ejusdem</strong></span> <span class='ocrx_word' id='word_1_234' title='bbox 625 2579 811 2634; x_wconf 88' lang='lat' dir='ltr'><strong>conditionem</strong></span> <span class='ocrx_word' id='word_1_235' title='bbox 827 2581 971 2634; x_wconf 85' lang='lat' dir='ltr'><strong>obtineant</strong></span> <span class='ocrx_word' id='word_1_236' title='bbox 1003 2592 1060 2634; x_wconf 89' lang='lat' dir='ltr'><strong>nou</strong></span> <span class='ocrx_word' id='word_1_237' title='bbox 1072 2580 1232 2634; x_wconf 73' lang='lat' dir='ltr'><strong>licebati»⁸</strong></span> 
     </span>
     <span class='ocr_line' id='line_1_25' title="bbox 387 2664 1596 2733; baseline 0.004 -17"><span class='ocrx_word' id='word_1_238' title='bbox 387 2671 414 2718; x_wconf 84' lang='lat' dir='ltr'><strong>rt</strong></span> <span class='ocrx_word' id='word_1_239' title='bbox 425 2664 453 2716; x_wconf 93' lang='lat' dir='ltr'><strong>ln</strong></span> <span class='ocrx_word' id='word_1_240' title='bbox 465 2667 545 2720; x_wconf 86' lang='lat' dir='ltr'><strong>coelo.</strong></span> <span class='ocrx_word' id='word_1_241' title='bbox 560 2665 588 2713; x_wconf 66' lang='grc' dir='ltr'><strong>υ*</strong></span> <span class='ocrx_word' id='word_1_242' title='bbox 1036 2665 1077 2719; x_wconf 77' lang='lat' dir='ltr'><strong>lb.</strong></span> <span class='ocrx_word' id='word_1_243' title='bbox 1096 2668 1123 2718; x_wconf 88' lang='lat' dir='ltr'><strong>s.</strong></span> <span class='ocrx_word' id='word_1_244' title='bbox 1137 2664 1336 2733; x_wconf 79' lang='lat' dir='ltr'><strong>Hieronymus:</strong></span> <span class='ocrx_word' id='word_1_245' title='bbox 1357 2685 1370 2712; x_wconf 81' lang='lat' dir='ltr'><strong>r</strong></span> <span class='ocrx_word' id='word_1_246' title='bbox 1391 2664 1487 2728; x_wconf 81' lang='lat' dir='ltr'><strong>lbsit,</strong></span> <span class='ocrx_word' id='word_1_247' title='bbox 1508 2670 1540 2720; x_wconf 90' lang='lat' dir='ltr'><strong>ut</strong></span> <span class='ocrx_word' id='word_1_248' title='bbox 1558 2664 1596 2721; x_wconf 87' lang='lat' dir='ltr'><strong>de</strong></span> 
     </span>
     <span class='ocr_line' id='line_1_26' title="bbox 415 2749 1596 2821; baseline 0.001 -17"><span class='ocrx_word' id='word_1_249' title='bbox 415 2753 456 2805; x_wconf 76' lang='lat' dir='ltr'><strong>ld.</strong></span> <span class='ocrx_word' id='word_1_250' title='bbox 476 2754 502 2805; x_wconf 85' lang='lat' dir='ltr'><strong>S.</strong></span> <span class='ocrx_word' id='word_1_251' title='bbox 516 2753 677 2807; x_wconf 72' lang='lat' dir='ltr'><strong>umbrosius</strong></span> <span class='ocrx_word' id='word_1_252' title='bbox 695 2755 779 2807; x_wconf 84' lang='lat' dir='ltr'><strong>ileum</strong></span> <span class='ocrx_word' id='word_1_253' title='bbox 801 2753 842 2809; x_wconf 91' lang='lat' dir='ltr'><strong>sic</strong></span> <span class='ocrx_word' id='word_1_254' title='bbox 854 2752 970 2821; x_wconf 83' lang='lat' dir='ltr'><strong>alloqui·</strong></span> <span class='ocrx_word' id='word_1_255' title='bbox 1003 2749 1047 2804; x_wconf 88' lang='lat' dir='ltr'><strong>bis</strong></span> <span class='ocrx_word' id='word_1_256' title='bbox 1070 2750 1220 2818; x_wconf 82' lang='lat' dir='ltr'><strong>quidquam</strong></span> <span class='ocrx_word' id='word_1_257' title='bbox 1242 2750 1383 2805; x_wconf 89' lang='lat' dir='ltr'><strong>sinistrum</strong></span> <span class='ocrx_word' id='word_1_258' title='bbox 1409 2751 1527 2818; x_wconf 84' lang='lat' dir='ltr'><strong>loquar,</strong></span> <span class='ocrx_word' id='word_1_259' title='bbox 1546 2750 1596 2819; x_wconf 82' lang='lat' dir='ltr'><strong>qul</strong></span> 
     </span>
    </p>

    <p class='ocr_par' dir='ltr' id='par_1_5' title="bbox 379 2836 1717 4108">
     <span class='ocr_line' id='line_1_27' title="bbox 381 2836 1596 2903; baseline 0 -12"><span class='ocrx_word' id='word_1_260' title='bbox 381 2844 440 2900; x_wconf 90' lang='lat' dir='ltr'><strong>tur,</strong></span> <span class='ocrx_word' id='word_1_261' title='bbox 455 2839 664 2893; x_wconf 75' lang='lat' dir='ltr'><strong>donatianorum</strong></span> <span class='ocrx_word' id='word_1_262' title='bbox 694 2845 794 2893; x_wconf 89' lang='lat' dir='ltr'><strong>notans</strong></span> <span class='ocrx_word' id='word_1_263' title='bbox 819 2852 941 2894; x_wconf 87' lang='lat' dir='ltr'><strong>errorem</strong></span> <span class='ocrx_word' id='word_1_264' title='bbox 961 2853 970 2891; x_wconf 76' lang='lat' dir='ltr'><strong>e</strong></span> <span class='ocrx_word' id='word_1_265' title='bbox 1003 2837 1154 2903; x_wconf 89' lang='lat' dir='ltr'><strong>apostolico</strong></span> <span class='ocrx_word' id='word_1_266' title='bbox 1172 2836 1269 2903; x_wconf 82' lang='lat' dir='ltr'><strong>gradui</strong></span> <span class='ocrx_word' id='word_1_267' title='bbox 1281 2837 1478 2898; x_wconf 86' lang='lat' dir='ltr'><strong>succedentes,</strong></span> <span class='ocrx_word' id='word_1_268' title='bbox 1496 2836 1596 2891; x_wconf 83' lang='lat' dir='ltr'><strong>Christi</strong></span> 
     </span>
     <span class='ocr_line' id='line_1_28' title="bbox 383 2921 1596 2989; baseline 0.002 -16"><span class='ocrx_word' id='word_1_269' title='bbox 383 2942 395 2973; x_wconf 72' lang='grc' dir='ltr'>ι</span> <span class='ocrx_word' id='word_1_270' title='bbox 415 2922 492 2986; x_wconf 78' lang='lat' dir='ltr'><strong>Quod</strong></span> <span class='ocrx_word' id='word_1_271' title='bbox 513 2936 579 2989; x_wconf 77' lang='lat' dir='ltr'><strong>ergo</strong></span> <span class='ocrx_word' id='word_1_272' title='bbox 601 2923 646 2977; x_wconf 88' lang='lat' dir='ltr'><strong>isti</strong></span> <span class='ocrx_word' id='word_1_273' title='bbox 664 2930 781 2989; x_wconf 86' lang='lat' dir='ltr'><strong>possunt</strong></span> <span class='ocrx_word' id='word_1_274' title='bbox 798 2924 970 2979; x_wconf 85' lang='lat' dir='ltr'><strong>consortium</strong></span> <span class='ocrx_word' id='word_1_275' title='bbox 1003 2933 1105 2987; x_wconf 87' lang='lat' dir='ltr'><strong>corpus</strong></span> <span class='ocrx_word' id='word_1_276' title='bbox 1117 2934 1196 2975; x_wconf 91' lang='lat' dir='ltr'><strong>sacro</strong></span> <span class='ocrx_word' id='word_1_277' title='bbox 1208 2934 1257 2975; x_wconf 88' lang='lat' dir='ltr'><strong>ore</strong></span> <span class='ocrx_word' id='word_1_278' title='bbox 1274 2921 1440 2983; x_wconf 85' lang='lat' dir='ltr'><strong>coniiciunt;</strong></span> <span class='ocrx_word' id='word_1_279' title='bbox 1458 2935 1509 2987; x_wconf 85' lang='lat' dir='ltr'><strong>per</strong></span> <span class='ocrx_word' id='word_1_280' title='bbox 1525 2933 1596 2987; x_wconf 81' lang='lat' dir='ltr'><strong>quos</strong></span> 
     </span>
     <span class='ocr_line' id='line_1_29' title="bbox 380 3006 1597 3077; baseline 0.002 -18"><span class='ocrx_word' id='word_1_281' title='bbox 380 3011 469 3061; x_wconf 85' lang='lat' dir='ltr'><strong>tecum</strong></span> <span class='ocrx_word' id='word_1_282' title='bbox 491 3008 606 3071; x_wconf 88' lang='lat' dir='ltr'><strong>habero,</strong></span> <span class='ocrx_word' id='word_1_283' title='bbox 624 3008 671 3075; x_wconf 83' lang='lat' dir='ltr'><strong>qui</strong></span> <span class='ocrx_word' id='word_1_284' title='bbox 694 3010 785 3063; x_wconf 83' lang='lat' dir='ltr'><strong>claues</strong></span> <span class='ocrx_word' id='word_1_285' title='bbox 811 3010 888 3077; x_wconf 73' lang='lat' dir='ltr'><strong>regni</strong></span> <span class='ocrx_word' id='word_1_286' title='bbox 913 3023 971 3064; x_wconf 90' lang='lat' dir='ltr'><strong>non</strong></span> <span class='ocrx_word' id='word_1_287' title='bbox 1004 3010 1032 3059; x_wconf 88' lang='lat' dir='ltr'><strong>et</strong></span> <span class='ocrx_word' id='word_1_288' title='bbox 1048 3018 1101 3060; x_wconf 85' lang='lat' dir='ltr'><strong>nos</strong></span> <span class='ocrx_word' id='word_1_289' title='bbox 1120 3006 1267 3060; x_wconf 77' lang='lat' dir='ltr'><strong>Christiani</strong></span> <span class='ocrx_word' id='word_1_290' title='bbox 1287 3018 1383 3059; x_wconf 84' lang='lat' dir='ltr'><strong>sumus</strong></span> <span class='ocrx_word' id='word_1_291' title='bbox 1405 3020 1413 3057; x_wconf 78' lang='grc' dir='ltr'><strong><em>ε</em></strong></span> <span class='ocrx_word' id='word_1_292' title='bbox 1432 3006 1482 3071; x_wconf 90' lang='lat' dir='ltr'><strong>qui</strong></span> <span class='ocrx_word' id='word_1_293' title='bbox 1504 3006 1597 3061; x_wconf 80' lang='lat' dir='ltr'><strong>darec</strong></span> 
     </span>
     <span class='ocr_line' id='line_1_30' title="bbox 382 3082 1597 3161; baseline 0 -14"><span class='ocrx_word' id='word_1_294' title='bbox 382 3082 550 3160; x_wconf 86' lang='lat' dir='ltr'><strong>suscipiunt,</strong></span> <span class='ocrx_word' id='word_1_295' title='bbox 574 3099 706 3161; x_wconf 77' lang='lat' dir='ltr'><strong>negantes</strong></span> <span class='ocrx_word' id='word_1_296' title='bbox 732 3094 806 3161; x_wconf 84' lang='lat' dir='ltr'><strong>qnod</strong></span> <span class='ocrx_word' id='word_1_297' title='bbox 834 3095 972 3149; x_wconf 86' lang='lat' dir='ltr'><strong>dimittere</strong></span> <span class='ocrx_word' id='word_1_298' title='bbox 1005 3090 1597 3159; x_wconf 72' lang='lat' dir='ltr'><strong>regnicoelorumlrabentes,quodammodo</strong></span> 
     </span>
     <span class='ocr_line' id='line_1_31' title="bbox 382 3175 1430 3246; baseline -0.004 -13"><span class='ocrx_word' id='word_1_299' title='bbox 382 3184 493 3246; x_wconf 89' lang='lat' dir='ltr'><strong>peccata</strong></span> <span class='ocrx_word' id='word_1_300' title='bbox 514 3178 651 3233; x_wconf 77' lang='lat' dir='ltr'><strong>debcant?</strong></span> <span class='ocrx_word' id='word_1_301' title='bbox 669 3180 746 3243; x_wconf 77' lang='lat' dir='ltr'><strong>Quod</strong></span> <span class='ocrx_word' id='word_1_302' title='bbox 763 3179 873 3246; x_wconf 85' lang='lat' dir='ltr'><strong>quidem</strong></span> <span class='ocrx_word' id='word_1_303' title='bbox 896 3186 972 3235; x_wconf 88' lang='lat' dir='ltr'><strong>recte</strong></span> <span class='ocrx_word' id='word_1_304' title='bbox 1004 3176 1152 3231; x_wconf 88' lang='lat' dir='ltr'><strong>antediem</strong></span> <span class='ocrx_word' id='word_1_305' title='bbox 1167 3175 1430 3243; x_wconf 74' lang='lat' dir='ltr'><strong>iudiciijudioaut.i</strong></span> 
     </span>
     <span class='ocr_line' id='line_1_32' title="bbox 386 3261 1599 3330; baseline -0.002 -11"><span class='ocrx_word' id='word_1_306' title='bbox 386 3266 421 3319; x_wconf 87' lang='lat' dir='ltr'><strong>de</strong></span> <span class='ocrx_word' id='word_1_307' title='bbox 440 3279 470 3318; x_wconf 87' lang='lat' dir='ltr'><strong>se</strong></span> <span class='ocrx_word' id='word_1_308' title='bbox 484 3264 602 3319; x_wconf 88' lang='lat' dir='ltr'><strong>latentur</strong></span> <span class='ocrx_word' id='word_1_309' title='bbox 617 3280 624 3317; x_wconf 76' lang='grc' dir='ltr'><strong><em>ε</em></strong></span> <span class='ocrx_word' id='word_1_310' title='bbox 637 3277 693 3319; x_wconf 93' lang='lat' dir='ltr'><strong>non</strong></span> <span class='ocrx_word' id='word_1_311' title='bbox 703 3265 805 3321; x_wconf 85' lang='lat' dir='ltr'><strong>habeut</strong></span> <span class='ocrx_word' id='word_1_312' title='bbox 818 3266 891 3319; x_wconf 90' lang='lat' dir='ltr'><strong>enim</strong></span> <span class='ocrx_word' id='word_1_313' title='bbox 900 3266 972 3321; x_wconf 86' lang='lat' dir='ltr'><strong>Petri</strong></span> <span class='ocrx_word' id='word_1_314' title='bbox 1039 3265 1080 3317; x_wconf 76' lang='lat' dir='ltr'><strong>ld</strong></span> <span class='ocrx_word' id='word_1_315' title='bbox 1099 3265 1127 3315; x_wconf 89' lang='lat' dir='ltr'><strong>s.</strong></span> <span class='ocrx_word' id='word_1_316' title='bbox 1145 3262 1334 3330; x_wconf 71' lang='lat' dir='ltr'><strong>Augustinus:</strong></span> <span class='ocrx_word' id='word_1_317' title='bbox 1349 3282 1363 3309; x_wconf 76' lang='lat' dir='ltr'><strong>r</strong></span> <span class='ocrx_word' id='word_1_318' title='bbox 1375 3267 1474 3316; x_wconf 73' lang='lat' dir='ltr'><strong>Annon</strong></span> <span class='ocrx_word' id='word_1_319' title='bbox 1491 3261 1599 3330; x_wconf 64' lang='lat' dir='ltr'><strong>nonita·</strong></span> 
     </span>
     <span class='ocr_line' id='line_1_33' title="bbox 382 3347 1598 3417; baseline -0.003 -12"><span class='ocrx_word' id='word_1_320' title='bbox 382 3352 596 3415; x_wconf 70' lang='lat' dir='ltr'><strong>hereditatem,</strong></span> <span class='ocrx_word' id='word_1_321' title='bbox 627 3350 675 3417; x_wconf 83' lang='lat' dir='ltr'><strong>qui</strong></span> <span class='ocrx_word' id='word_1_322' title='bbox 704 3352 775 3404; x_wconf 79' lang='lat' dir='ltr'><strong>Petri</strong></span> <span class='ocrx_word' id='word_1_323' title='bbox 804 3350 886 3405; x_wconf 87' lang='lat' dir='ltr'><strong>tidem</strong></span> <span class='ocrx_word' id='word_1_324' title='bbox 915 3363 973 3405; x_wconf 88' lang='lat' dir='ltr'><strong>non</strong></span> <span class='ocrx_word' id='word_1_325' title='bbox 1006 3362 1155 3413; x_wconf 88' lang='lat' dir='ltr'><strong>mus‚cum</strong></span> <span class='ocrx_word' id='word_1_326' title='bbox 1165 3349 1199 3401; x_wconf 94' lang='lat' dir='ltr'><strong>ad</strong></span> <span class='ocrx_word' id='word_1_327' title='bbox 1213 3348 1329 3403; x_wconf 88' lang='lat' dir='ltr'><strong>istorum</strong></span> <span class='ocrx_word' id='word_1_328' title='bbox 1339 3347 1523 3415; x_wconf 81' lang='lat' dir='ltr'><strong>periculorum</strong></span> <span class='ocrx_word' id='word_1_329' title='bbox 1534 3360 1598 3414; x_wconf 85' lang='lat' dir='ltr'><strong>pcr-</strong></span> 
     </span>
     <span class='ocr_line' id='line_1_34' title="bbox 381 3433 1599 3504; baseline -0.003 -13"><span class='ocrx_word' id='word_1_330' title='bbox 381 3433 497 3501; x_wconf 88' lang='lat' dir='ltr'><strong>hahent,</strong></span> <span class='ocrx_word' id='word_1_331' title='bbox 511 3451 592 3504; x_wconf 85' lang='lat' dir='ltr'><strong>quam</strong></span> <span class='ocrx_word' id='word_1_332' title='bbox 614 3436 699 3504; x_wconf 89' lang='lat' dir='ltr'><strong>impia</strong></span> <span class='ocrx_word' id='word_1_333' title='bbox 719 3437 855 3492; x_wconf 88' lang='lat' dir='ltr'><strong>divisione</strong></span> <span class='ocrx_word' id='word_1_334' title='bbox 867 3437 973 3491; x_wconf 85' lang='lat' dir='ltr'><strong>discer—</strong></span> <span class='ocrx_word' id='word_1_335' title='bbox 1005 3434 1112 3488; x_wconf 89' lang='lat' dir='ltr'><strong>venitur</strong></span> <span class='ocrx_word' id='word_1_336' title='bbox 1123 3438 1262 3498; x_wconf 80' lang='lat' dir='ltr'><strong>extrema,</strong></span> <span class='ocrx_word' id='word_1_337' title='bbox 1275 3447 1326 3488; x_wconf 90' lang='lat' dir='ltr'><strong>nec</strong></span> <span class='ocrx_word' id='word_1_338' title='bbox 1339 3437 1382 3487; x_wconf 89' lang='lat' dir='ltr'><strong>est</strong></span> <span class='ocrx_word' id='word_1_339' title='bbox 1398 3438 1523 3499; x_wconf 88' lang='lat' dir='ltr'><strong>potestas</strong></span> <span class='ocrx_word' id='word_1_340' title='bbox 1540 3434 1599 3487; x_wconf 85' lang='lat' dir='ltr'><strong>ulla</strong></span> 
     </span>
     <span class='ocr_line' id='line_1_35' title="bbox 381 3517 1598 3589; baseline -0.004 -14"><span class='ocrx_word' id='word_1_341' title='bbox 381 3529 459 3589; x_wconf 91' lang='lat' dir='ltr'><strong>punt.</strong></span> <span class='ocrx_word' id='word_1_342' title='bbox 473 3524 526 3577; x_wconf 87' lang='lat' dir='ltr'><strong>sed</strong></span> <span class='ocrx_word' id='word_1_343' title='bbox 543 3524 597 3577; x_wconf 83' lang='lat' dir='ltr'><strong>lucc</strong></span> <span class='ocrx_word' id='word_1_344' title='bbox 613 3520 752 3587; x_wconf 83' lang='lat' dir='ltr'><strong>improbe,</strong></span> <span class='ocrx_word' id='word_1_345' title='bbox 765 3521 973 3588; x_wconf 81' lang='lat' dir='ltr'><strong>quodetiamin</strong></span> <span class='ocrx_word' id='word_1_346' title='bbox 1006 3520 1148 3588; x_wconf 70' lang='lat' dir='ltr'><strong>fugiendi,</strong></span> <span class='ocrx_word' id='word_1_347' title='bbox 1176 3524 1297 3585; x_wconf 82' lang='lat' dir='ltr'><strong>quantus</strong></span> <span class='ocrx_word' id='word_1_348' title='bbox 1326 3518 1355 3572; x_wconf 88' lang='lat' dir='ltr'><strong>in</strong></span> <span class='ocrx_word' id='word_1_349' title='bbox 1385 3518 1509 3572; x_wconf 80' lang='lat' dir='ltr'><strong>Ecclesia</strong></span> <span class='ocrx_word' id='word_1_350' title='bbox 1536 3517 1598 3571; x_wconf 77' lang='lat' dir='ltr'><strong>deri</strong></span> 
     </span>
     <span class='ocr_line' id='line_1_36' title="bbox 379 3598 1717 3675; baseline -0.005 -12"><span class='ocrx_word' id='word_1_351' title='bbox 379 3610 502 3663; x_wconf 86' lang='lat' dir='ltr'><strong>ttcclesla</strong></span> <span class='ocrx_word' id='word_1_352' title='bbox 514 3608 612 3662; x_wconf 88' lang='lat' dir='ltr'><strong>donari</strong></span> <span class='ocrx_word' id='word_1_353' title='bbox 632 3613 742 3674; x_wconf 87' lang='lat' dir='ltr'><strong>peccata</strong></span> <span class='ocrx_word' id='word_1_354' title='bbox 758 3613 860 3675; x_wconf 75' lang='lat' dir='ltr'><strong>negant</strong></span> <span class='ocrx_word' id='word_1_355' title='bbox 870 3620 974 3673; x_wconf 87' lang='lat' dir='ltr'><strong>posse,</strong></span> <span class='ocrx_word' id='word_1_356' title='bbox 1005 3605 1093 3659; x_wconf 88' lang='lat' dir='ltr'><strong>soleat</strong></span> <span class='ocrx_word' id='word_1_357' title='bbox 1104 3605 1139 3658; x_wconf 90' lang='lat' dir='ltr'><strong>ab</strong></span> <span class='ocrx_word' id='word_1_358' title='bbox 1153 3610 1271 3671; x_wconf 83' lang='lat' dir='ltr'><strong>utroque</strong></span> <span class='ocrx_word' id='word_1_359' title='bbox 1282 3618 1364 3667; x_wconf 80' lang='lat' dir='ltr'><strong>sexu,</strong></span> <span class='ocrx_word' id='word_1_360' title='bbox 1376 3607 1460 3669; x_wconf 81' lang='lat' dir='ltr'><strong>atque</strong></span> <span class='ocrx_word' id='word_1_361' title='bbox 1471 3604 1508 3657; x_wconf 91' lang='lat' dir='ltr'><strong>ab</strong></span> <span class='ocrx_word' id='word_1_362' title='bbox 1520 3603 1599 3657; x_wconf 86' lang='lat' dir='ltr'><strong>omui</strong></span> <span class='ocrx_word' id='word_1_363' title='bbox 1715 3598 1717 3601; x_wconf 48' lang='lat'><em>⁴</em></span> 
     </span>
     <span class='ocr_line' id='line_1_37' title="bbox 382 3687 1717 3755; baseline -0.007 -6"><span class='ocrx_word' id='word_1_364' title='bbox 382 3707 445 3749; x_wconf 87' lang='lat' dir='ltr'><strong>oum</strong></span> <span class='ocrx_word' id='word_1_365' title='bbox 465 3697 543 3748; x_wconf 79' lang='lat' dir='ltr'><strong>Petro</strong></span> <span class='ocrx_word' id='word_1_366' title='bbox 564 3692 668 3747; x_wconf 91' lang='lat' dir='ltr'><strong>dictum</strong></span> <span class='ocrx_word' id='word_1_367' title='bbox 690 3692 725 3745; x_wconf 89' lang='lat' dir='ltr'><strong>sit</strong></span> <span class='ocrx_word' id='word_1_368' title='bbox 749 3707 756 3743; x_wconf 75' lang='grc' dir='ltr'><strong>ε</strong></span> <span class='ocrx_word' id='word_1_369' title='bbox 778 3712 791 3739; x_wconf 78' lang='lat' dir='ltr'><strong>r</strong></span> <span class='ocrx_word' id='word_1_370' title='bbox 814 3691 874 3745; x_wconf 79' lang='lat' dir='ltr'><strong>Tibi</strong></span> <span class='ocrx_word' id='word_1_371' title='bbox 901 3691 974 3746; x_wconf 89' lang='lat' dir='ltr'><strong>daho</strong></span> <span class='ocrx_word' id='word_1_372' title='bbox 1006 3695 1086 3743; x_wconf 88' lang='lat' dir='ltr'><strong>aetate</strong></span> <span class='ocrx_word' id='word_1_373' title='bbox 1097 3702 1258 3754; x_wconf 88' lang='lat' dir='ltr'><strong>concursus,</strong></span> <span class='ocrx_word' id='word_1_374' title='bbox 1267 3689 1328 3743; x_wconf 88' lang='lat' dir='ltr'><strong>aliis</strong></span> <span class='ocrx_word' id='word_1_375' title='bbox 1339 3688 1507 3755; x_wconf 81' lang='lat' dir='ltr'><strong>baptismum</strong></span> <span class='ocrx_word' id='word_1_376' title='bbox 1520 3687 1600 3755; x_wconf 73' lang='lat' dir='ltr'><strong>dagi-</strong></span> <span class='ocrx_word' id='word_1_377' title='bbox 1715 3708 1717 3711; x_wconf 45' lang='lat'><em>⁴</em></span> 
     </span>
     <span class='ocr_line' id='line_1_38' title="bbox 382 3746 1717 3847; baseline -0.001 -18"><span class='ocrx_word' id='word_1_378' title='bbox 382 3796 398 3828; x_wconf 69' lang='lat' dir='ltr'><strong>a</strong></span> <span class='ocrx_word' id='word_1_379' title='bbox 417 3778 591 3847; x_wconf 78' lang='lat' dir='ltr'><strong>clavesregni</strong></span> <span class='ocrx_word' id='word_1_380' title='bbox 601 3778 743 3840; x_wconf 85' lang='lat' dir='ltr'><strong>coelorum3</strong></span> <span class='ocrx_word' id='word_1_381' title='bbox 754 3784 782 3831; x_wconf 92' lang='lat' dir='ltr'><strong>et</strong></span> <span class='ocrx_word' id='word_1_382' title='bbox 793 3791 975 3845; x_wconf 73' lang='lat' dir='ltr'><strong>quacumque</strong></span> <span class='ocrx_word' id='word_1_383' title='bbox 1007 3776 1146 3839; x_wconf 89' lang='lat' dir='ltr'><strong>lantibus,</strong></span> <span class='ocrx_word' id='word_1_384' title='bbox 1160 3775 1220 3828; x_wconf 88' lang='lat' dir='ltr'><strong>aliis</strong></span> <span class='ocrx_word' id='word_1_385' title='bbox 1240 3774 1511 3838; x_wconf 89' lang='lat' dir='ltr'><strong>reconciliationem,</strong></span> <span class='ocrx_word' id='word_1_386' title='bbox 1535 3772 1600 3828; x_wconf 85' lang='lat' dir='ltr'><strong>aliis</strong></span> <span class='ocrx_word' id='word_1_387' title='bbox 1715 3746 1717 3841; x_wconf 60' lang='lat' dir='ltr'><strong>l</strong></span> 
     </span>
     <span class='ocr_line' id='line_1_39' title="bbox 382 3860 1602 3935; baseline -0.002 -20"><span class='ocrx_word' id='word_1_388' title='bbox 382 3889 395 3915; x_wconf 73' lang='grc' dir='ltr'>ι</span> <span class='ocrx_word' id='word_1_389' title='bbox 415 3864 542 3935; x_wconf 78' lang='lat' dir='ltr'><strong>ligaveris</strong></span> <span class='ocrx_word' id='word_1_390' title='bbox 564 3878 647 3932; x_wconf 86' lang='lat' dir='ltr'><strong>super</strong></span> <span class='ocrx_word' id='word_1_391' title='bbox 668 3870 786 3928; x_wconf 90' lang='lat' dir='ltr'><strong>terram,</strong></span> <span class='ocrx_word' id='word_1_392' title='bbox 800 3864 974 3931; x_wconf 80' lang='lat' dir='ltr'><strong>eruntligata</strong></span> <span class='ocrx_word' id='word_1_393' title='bbox 1006 3861 1088 3917; x_wconf 87' lang='lat' dir='ltr'><strong>etiam</strong></span> <span class='ocrx_word' id='word_1_394' title='bbox 1102 3861 1269 3928; x_wconf 84' lang='lat' dir='ltr'><strong>poenitentiae</strong></span> <span class='ocrx_word' id='word_1_395' title='bbox 1282 3860 1602 3927; x_wconf 84' lang='lat' dir='ltr'><strong>ipsiusaeticnem,ont·</strong></span> 
     </span>
     <span class='ocr_line' id='line_1_40' title="bbox 381 3947 1602 4016; baseline -0.01 -7"><span class='ocrx_word' id='word_1_396' title='bbox 381 3975 393 4001; x_wconf 78' lang='grc' dir='ltr'>ι</span> <span class='ocrx_word' id='word_1_397' title='bbox 413 3959 441 4009; x_wconf 91' lang='lat' dir='ltr'><strong>et</strong></span> <span class='ocrx_word' id='word_1_398' title='bbox 462 3953 490 4005; x_wconf 92' lang='lat' dir='ltr'><strong>in</strong></span> <span class='ocrx_word' id='word_1_399' title='bbox 512 3953 582 4006; x_wconf 87' lang='lat' dir='ltr'><strong>coelo</strong></span> <span class='ocrx_word' id='word_1_400' title='bbox 597 3966 604 4003; x_wconf 93' lang='lat'>:</span> <span class='ocrx_word' id='word_1_401' title='bbox 618 3955 645 4005; x_wconf 89' lang='lat' dir='ltr'><strong>et</strong></span> <span class='ocrx_word' id='word_1_402' title='bbox 663 3962 844 4016; x_wconf 74' lang='lat' dir='ltr'><strong>quaecumque</strong></span> <span class='ocrx_word' id='word_1_403' title='bbox 856 3949 973 4004; x_wconf 86' lang='lat' dir='ltr'><strong>solveris</strong></span> <span class='ocrx_word' id='word_1_404' title='bbox 1006 3947 1087 4001; x_wconf 87' lang='lat' dir='ltr'><strong>nibus</strong></span> <span class='ocrx_word' id='word_1_405' title='bbox 1095 3947 1346 4001; x_wconf 88' lang='lat' dir='ltr'><strong>consolationomet</strong></span> <span class='ocrx_word' id='word_1_406' title='bbox 1358 3947 1602 3998; x_wconf 85' lang='lat' dir='ltr'><strong>sacramentorum</strong></span> 
     </span>
     <span class='ocr_line' id='line_1_41' title="bbox 384 4028 1603 4108; baseline -0.011 -13"><span class='ocrx_word' id='word_1_407' title='bbox 384 4059 400 4090; x_wconf 80' lang='lat' dir='ltr'><strong>u</strong></span> <span class='ocrx_word' id='word_1_408' title='bbox 418 4044 633 4108; x_wconf 88' lang='lat' dir='ltr'><strong>superterram,</strong></span> <span class='ocrx_word' id='word_1_409' title='bbox 658 4042 739 4089; x_wconf 87' lang='lat' dir='ltr'><strong>erunt</strong></span> <span class='ocrx_word' id='word_1_410' title='bbox 767 4036 859 4089; x_wconf 90' lang='lat' dir='ltr'><strong>soluta</strong></span> <span class='ocrx_word' id='word_1_411' title='bbox 889 4040 917 4088; x_wconf 91' lang='lat' dir='ltr'><strong>et</strong></span> <span class='ocrx_word' id='word_1_412' title='bbox 945 4034 973 4087; x_wconf 95' lang='lat' dir='ltr'><strong>in</strong></span> <span class='ocrx_word' id='word_1_413' title='bbox 1007 4032 1206 4087; x_wconf 89' lang='lat' dir='ltr'><strong>conlectionem</strong></span> <span class='ocrx_word' id='word_1_414' title='bbox 1234 4037 1263 4086; x_wconf 92' lang='lat' dir='ltr'><strong>et</strong></span> <span class='ocrx_word' id='word_1_415' title='bbox 1285 4030 1484 4097; x_wconf 75' lang='lat' dir='ltr'><strong>erogationem.</strong></span> <span class='ocrx_word' id='word_1_416' title='bbox 1504 4028 1542 4077; x_wconf 77' lang='lat'><strong>»⁸</strong></span> <span class='ocrx_word' id='word_1_417' title='bbox 1566 4031 1603 4083; x_wconf 82' lang='lat' dir='ltr'><strong>lit</strong></span> 
     </span>
    </p>

    <p class='ocr_par' dir='ltr' id='par_1_6' title="bbox 385 4115 1603 4188">
     <span class='ocr_line' id='line_1_42' title="bbox 385 4115 1603 4188; baseline -0.007 -13"><span class='ocrx_word' id='word_1_418' title='bbox 385 4149 397 4175; x_wconf 78' lang='lat' dir='ltr'><strong>tt</strong></span> <span class='ocrx_word' id='word_1_419' title='bbox 416 4128 503 4183; x_wconf 87' lang='lat' dir='ltr'><strong>coelis.</strong></span> <span class='ocrx_word' id='word_1_420' title='bbox 522 4123 559 4173; x_wconf 80' lang='lat'><strong>»⁸</strong></span> <span class='ocrx_word' id='word_1_421' title='bbox 577 4118 910 4188; x_wconf 80' lang='lat' dir='ltr'><strong>Redarguitllovatiunos,</strong></span> <span class='ocrx_word' id='word_1_422' title='bbox 927 4118 974 4185; x_wconf 83' lang='lat' dir='ltr'><strong>qui</strong></span> <span class='ocrx_word' id='word_1_423' title='bbox 1008 4117 1094 4171; x_wconf 84' lang='lat' dir='ltr'><strong>alias:</strong></span> <span class='ocrx_word' id='word_1_424' title='bbox 1114 4120 1222 4170; x_wconf 81' lang='lat' dir='ltr'><strong>«demo</strong></span> <span class='ocrx_word' id='word_1_425' title='bbox 1240 4116 1294 4169; x_wconf 92' lang='lat' dir='ltr'><strong>sibi</strong></span> <span class='ocrx_word' id='word_1_426' title='bbox 1305 4116 1400 4169; x_wconf 83' lang='lat' dir='ltr'><strong>dicat:</strong></span> <span class='ocrx_word' id='word_1_427' title='bbox 1418 4115 1530 4169; x_wconf 87' lang='lat' dir='ltr'><strong>0cculte</strong></span> <span class='ocrx_word' id='word_1_428' title='bbox 1545 4122 1603 4182; x_wconf 71' lang='lat' dir='ltr'><strong>ago</strong></span> 
     </span>
    </p>

    <p class='ocr_par' dir='ltr' id='par_1_7' title="bbox 384 4198 1606 4271">
     <span class='ocr_line' id='line_1_43' title="bbox 384 4198 1606 4271; baseline -0.011 -4"><span class='ocrx_word' id='word_1_429' title='bbox 384 4214 521 4267; x_wconf 88' lang='lat' dir='ltr'><strong>neminem</strong></span> <span class='ocrx_word' id='word_1_430' title='bbox 537 4208 676 4263; x_wconf 86' lang='lat' dir='ltr'><strong>dimittere</strong></span> <span class='ocrx_word' id='word_1_431' title='bbox 697 4218 779 4271; x_wconf 88' lang='lat' dir='ltr'><strong>posse</strong></span> <span class='ocrx_word' id='word_1_432' title='bbox 798 4209 910 4271; x_wconf 88' lang='lat' dir='ltr'><strong>peccata</strong></span> <span class='ocrx_word' id='word_1_433' title='bbox 926 4216 975 4256; x_wconf 89' lang='lat' dir='ltr'><strong>ne-</strong></span> <span class='ocrx_word' id='word_1_434' title='bbox 1008 4202 1196 4269; x_wconf 86' lang='lat' dir='ltr'><strong>poenitentlam</strong></span> <span class='ocrx_word' id='word_1_435' title='bbox 1215 4216 1222 4253; x_wconf 93' lang='lat'><strong>:</strong></span> <span class='ocrx_word' id='word_1_436' title='bbox 1241 4200 1313 4268; x_wconf 92' lang='lat' dir='ltr'><strong>apud</strong></span> <span class='ocrx_word' id='word_1_437' title='bbox 1325 4203 1410 4255; x_wconf 84' lang='lat' dir='ltr'><strong>lieum</strong></span> <span class='ocrx_word' id='word_1_438' title='bbox 1426 4212 1480 4267; x_wconf 76' lang='lat' dir='ltr'><strong>ago</strong></span> <span class='ocrx_word' id='word_1_439' title='bbox 1499 4215 1506 4251; x_wconf 74' lang='grc' dir='ltr'>ε</span> <span class='ocrx_word' id='word_1_440' title='bbox 1522 4198 1606 4253; x_wconf 79' lang='lat' dir='ltr'><strong>novit</strong></span> 
     </span>
    </p>

    <p class='ocr_par' dir='ltr' id='par_1_8' title="bbox 383 4282 1606 4365">
     <span class='ocr_line' id='line_1_44' title="bbox 383 4282 1606 4365; baseline -0.011 -13"><span class='ocrx_word' id='word_1_441' title='bbox 383 4305 447 4365; x_wconf 73' lang='lat' dir='ltr'><strong>pant</strong></span> <span class='ocrx_word' id='word_1_442' title='bbox 460 4313 467 4349; x_wconf 92' lang='lat'>:</span> <span class='ocrx_word' id='word_1_443' title='bbox 482 4314 498 4345; x_wconf 76' lang='lat' dir='ltr'><strong>a</strong></span> <span class='ocrx_word' id='word_1_444' title='bbox 509 4295 585 4348; x_wconf 87' lang='lat' dir='ltr'><strong>llulla</strong></span> <span class='ocrx_word' id='word_1_445' title='bbox 607 4292 634 4345; x_wconf 89' lang='lat' dir='ltr'><strong>iu</strong></span> <span class='ocrx_word' id='word_1_446' title='bbox 654 4290 696 4343; x_wconf 83' lang='lat' dir='ltr'><strong>llis</strong></span> <span class='ocrx_word' id='word_1_447' title='bbox 715 4288 835 4343; x_wconf 87' lang='lat' dir='ltr'><strong>hominis</strong></span> <span class='ocrx_word' id='word_1_448' title='bbox 852 4294 975 4355; x_wconf 87' lang='lat' dir='ltr'><strong>potestas</strong></span> <span class='ocrx_word' id='word_1_449' title='bbox 1009 4290 1080 4342; x_wconf 81' lang='lat' dir='ltr'><strong>licus</strong></span> <span class='ocrx_word' id='word_1_450' title='bbox 1092 4287 1140 4354; x_wconf 83' lang='lat' dir='ltr'><strong>qui</strong></span> <span class='ocrx_word' id='word_1_451' title='bbox 1161 4287 1229 4340; x_wconf 83' lang='lat' dir='ltr'><strong>milri</strong></span> <span class='ocrx_word' id='word_1_452' title='bbox 1242 4286 1361 4355; x_wconf 70' lang='lat' dir='ltr'><strong>ignoscit</strong></span> <span class='ocrx_word' id='word_1_453' title='bbox 1379 4285 1446 4353; x_wconf 88' lang='lat' dir='ltr'><strong>quid</strong></span> <span class='ocrx_word' id='word_1_454' title='bbox 1464 4282 1606 4347; x_wconf 82' lang='lat' dir='ltr'><strong>incordc</strong></span> 
     </span>
    </p>

    <p class='ocr_par' dir='ltr' id='par_1_9' title="bbox 386 4372 1605 4445">
     <span class='ocr_line' id='line_1_45' title="bbox 386 4372 1605 4445; baseline -0.011 -8"><span class='ocrx_word' id='word_1_455' title='bbox 386 4389 429 4437; x_wconf 89' lang='lat' dir='ltr'><strong>est</strong></span> <span class='ocrx_word' id='word_1_456' title='bbox 440 4423 447 4445; x_wconf 90' lang='lat'><strong>,</strong></span> <span class='ocrx_word' id='word_1_457' title='bbox 460 4380 506 4434; x_wconf 91' lang='lat' dir='ltr'><strong>ubi</strong></span> <span class='ocrx_word' id='word_1_458' title='bbox 519 4378 604 4432; x_wconf 88' lang='lat' dir='ltr'><strong>divini</strong></span> <span class='ocrx_word' id='word_1_459' title='bbox 624 4375 745 4431; x_wconf 87' lang='lat' dir='ltr'><strong>muueris</strong></span> <span class='ocrx_word' id='word_1_460' title='bbox 757 4376 844 4443; x_wconf 75' lang='lat' dir='ltr'><strong>gratia</strong></span> <span class='ocrx_word' id='word_1_461' title='bbox 856 4374 975 4442; x_wconf 71' lang='lat' dir='ltr'><strong>viret...</strong></span> <span class='ocrx_word' id='word_1_462' title='bbox 1008 4387 1070 4429; x_wconf 87' lang='lat' dir='ltr'><strong>meo</strong></span> <span class='ocrx_word' id='word_1_463' title='bbox 1087 4386 1148 4441; x_wconf 80' lang='lat' dir='ltr'><strong>ago.</strong></span> <span class='ocrx_word' id='word_1_464' title='bbox 1160 4375 1232 4441; x_wconf 78' lang='lat' dir='ltr'><strong>drgo</strong></span> <span class='ocrx_word' id='word_1_465' title='bbox 1244 4373 1304 4428; x_wconf 90' lang='lat' dir='ltr'><strong>sine</strong></span> <span class='ocrx_word' id='word_1_466' title='bbox 1317 4386 1402 4427; x_wconf 89' lang='lat' dir='ltr'><strong>causa</strong></span> <span class='ocrx_word' id='word_1_467' title='bbox 1418 4372 1605 4427; x_wconf 73' lang='lat' dir='ltr'><strong>dictumest:</strong></span> 
     </span>
    </p>
   </div>
   <div class='ocr_carea' id='block_1_3' title="bbox 412 4634 1372 4859">
    <p class='ocr_par' dir='ltr' id='par_1_10' title="bbox 412 4634 1372 4859">
     <span class='ocr_line' id='line_1_46' title="bbox 412 4634 1372 4719; baseline -0.008 -16"><span class='ocrx_word' id='word_1_468' title='bbox 412 4665 439 4719; x_wconf 84' lang='lat' dir='ltr'><strong>(l)</strong></span> <span class='ocrx_word' id='word_1_469' title='bbox 449 4664 473 4705; x_wconf 82' lang='lat' dir='ltr'><strong>L.</strong></span> <span class='ocrx_word' id='word_1_470' title='bbox 482 4662 514 4701; x_wconf 88' lang='lat' dir='ltr'><strong>rii.</strong></span> <span class='ocrx_word' id='word_1_471' title='bbox 523 4660 549 4701; x_wconf 84' lang='lat' dir='ltr'><strong>dc</strong></span> <span class='ocrx_word' id='word_1_472' title='bbox 557 4657 687 4701; x_wconf 80' lang='lat' dir='ltr'><strong>sacerdotio.</strong></span> <span class='ocrx_word' id='word_1_473' title='bbox 696 4658 723 4710; x_wconf 71' lang='lat' dir='ltr'><strong>(a)</strong></span> <span class='ocrx_word' id='word_1_474' title='bbox 731 4657 783 4699; x_wconf 82' lang='lat' dir='ltr'><strong>can.</strong></span> <span class='ocrx_word' id='word_1_475' title='bbox 791 4656 834 4698; x_wconf 85' lang='lat' dir='ltr'><strong>xri.</strong></span> <span class='ocrx_word' id='word_1_476' title='bbox 843 4656 864 4697; x_wconf 89' lang='lat' dir='ltr'><strong>in</strong></span> <span class='ocrx_word' id='word_1_477' title='bbox 872 4634 946 4698; x_wconf 55' lang='lat' dir='ltr'><strong>ldattlr,</strong></span> <span class='ocrx_word' id='word_1_478' title='bbox 1033 4655 1060 4711; x_wconf 79' lang='lat' dir='ltr'><strong>(tl</strong></span> <span class='ocrx_word' id='word_1_479' title='bbox 1069 4656 1108 4709; x_wconf 83' lang='lat' dir='ltr'><strong>lip.</strong></span> <span class='ocrx_word' id='word_1_480' title='bbox 1117 4655 1131 4696; x_wconf 89' lang='lat' dir='ltr'><strong>l.</strong></span> <span class='ocrx_word' id='word_1_481' title='bbox 1141 4654 1168 4696; x_wconf 84' lang='lat' dir='ltr'><strong>ad</strong></span> <span class='ocrx_word' id='word_1_482' title='bbox 1184 4654 1372 4709; x_wconf 74' lang='lat' dir='ltr'><strong>symproniuuum.</strong></span> 
     </span>
     <span class='ocr_line' id='line_1_47' title="bbox 413 4724 1334 4785; baseline -0.008 -13"><span class='ocrx_word' id='word_1_483' title='bbox 413 4734 440 4785; x_wconf 72' lang='lat' dir='ltr'><strong>lt)</strong></span> <span class='ocrx_word' id='word_1_484' title='bbox 450 4732 497 4771; x_wconf 69' lang='lat' dir='ltr'><strong>Lm.</strong></span> <span class='ocrx_word' id='word_1_485' title='bbox 506 4728 532 4769; x_wconf 88' lang='lat' dir='ltr'><strong>de</strong></span> <span class='ocrx_word' id='word_1_486' title='bbox 541 4728 615 4780; x_wconf 80' lang='lat' dir='ltr'><strong>poenit.</strong></span> <span class='ocrx_word' id='word_1_487' title='bbox 624 4738 643 4767; x_wconf 89' lang='lat' dir='ltr'><strong>c.</strong></span> <span class='ocrx_word' id='word_1_488' title='bbox 652 4726 682 4770; x_wconf 80' lang='lat' dir='ltr'><strong>ri.</strong></span> <span class='ocrx_word' id='word_1_489' title='bbox 695 4727 722 4780; x_wconf 79' lang='lat' dir='ltr'><strong>(t)</strong></span> <span class='ocrx_word' id='word_1_490' title='bbox 739 4725 820 4769; x_wconf 81' lang='lat' dir='ltr'><strong>ibidem</strong></span> <span class='ocrx_word' id='word_1_491' title='bbox 829 4737 849 4768; x_wconf 84' lang='lat' dir='ltr'><strong>c.</strong></span> <span class='ocrx_word' id='word_1_492' title='bbox 861 4725 900 4768; x_wconf 82' lang='lat' dir='ltr'><strong>rii.</strong></span> <span class='ocrx_word' id='word_1_493' title='bbox 1035 4726 1063 4778; x_wconf 82' lang='lat' dir='ltr'><strong>(l)</strong></span> <span class='ocrx_word' id='word_1_494' title='bbox 1078 4727 1116 4781; x_wconf 75' lang='lat' dir='ltr'><strong>dp.</strong></span> <span class='ocrx_word' id='word_1_495' title='bbox 1126 4725 1141 4765; x_wconf 87' lang='lat' dir='ltr'><strong>i.</strong></span> <span class='ocrx_word' id='word_1_496' title='bbox 1150 4725 1176 4766; x_wconf 79' lang='lat' dir='ltr'><strong>nd</strong></span> <span class='ocrx_word' id='word_1_497' title='bbox 1185 4724 1334 4765; x_wconf 80' lang='lat' dir='ltr'><strong>Heliodorum.</strong></span> 
     </span>
     <span class='ocr_line' id='line_1_48' title="bbox 415 4794 1370 4859; baseline -0.004 -18"><span class='ocrx_word' id='word_1_498' title='bbox 415 4800 444 4859; x_wconf 67' lang='grc' dir='ltr'><strong>β)</strong></span> <span class='ocrx_word' id='word_1_499' title='bbox 453 4799 532 4841; x_wconf 84' lang='lat' dir='ltr'><strong>ibidem</strong></span> <span class='ocrx_word' id='word_1_500' title='bbox 540 4796 556 4839; x_wconf 84' lang='lat' dir='ltr'><strong>i.</strong></span> <span class='ocrx_word' id='word_1_501' title='bbox 563 4795 611 4837; x_wconf 77' lang='lat' dir='ltr'><strong>inc</strong></span> <span class='ocrx_word' id='word_1_502' title='bbox 628 4796 651 4839; x_wconf 87' lang='lat' dir='ltr'><strong>ri.</strong></span> <span class='ocrx_word' id='word_1_503' title='bbox 1033 4794 1062 4847; x_wconf 70' lang='lat' dir='ltr'><strong>(tl</strong></span> <span class='ocrx_word' id='word_1_504' title='bbox 1072 4794 1370 4849; x_wconf 71' lang='lat' dir='ltr'><strong>Ep.tlmtdflcnoratun·</strong></span> 
     </span>
    </p>
   </div>
   <div class='ocr_carea' id='block_1_4' title="bbox 0 0 1921 5550">
    <p class='ocr_par' dir='ltr' id='par_1_11' title="bbox 0 0 1921 5550">
     <span class='ocr_line' id='line_1_49' title="bbox 0 0 1921 5550; baseline 0 0"><span class='ocrx_word' id='word_1_505' title='bbox 0 0 1921 5550; x_wconf 95' lang='lat' dir='ltr'><strong> </strong></span> 
     </span>
    </p>
   </div>
  </div>
 </body>
</html>
