3792 5550
644 551 713 602 CAP.
733 551 774 602 Vi.
793 551 836 604 bb
853 546 1061 602 subleuauit
1079 545 1230 599 RATIONE.
1497 550 1546 602 ata
1630 595 1633 599 .

328 667 474 724 absoluere
503 665 619 720 affirmat
645 666 798 731 sacerdos,
822 664 922 723 Christi
957 661 1155 718 clarstrsniam
1164 660 1246 714 tribui
1259 663 1472 728 poenitentibus:
1488 677 1548 718 earn

327 755 447 821 iungens
474 750 646 806 auctoritate.
672 771 684 800 «
705 753 743 806 i'e
765 752 889 817 1111111,
907 770 924 800 s
957 749 1031 804 enirn
1050 749 1097 803 bel
1116 748 1227 802 nomine
1247 762 1312 802 vere
1329 749 1452 816 largitur.
1472 751 1549 814 Quod

327 838 469 906 praecipua
497 837 691 902 anniversa,
716 851 780 904 quae
808 851 923 904 prorsus
957 835 992 893 ud
1014 835 1196 903 quorumdam
1221 835 1293 890 inter
1313 841 1421 891 ueteres
1448 838 1551 890 scholae

327 923 486 979 neccssaria
504 927 586 987 sunt,
600 927 627 976 ct
638 923 714 991 juata
736 924 839 978 multos
852 923 923 979 sulii·
958 921 1085 980 ductores
1108 921 1258 976 sententias
1273 921 1388 986 attinet,
1402 921 1449 988 qui
1461 936 1550 976 saeer-

329 1011 426 1075 ciunt,
442 1009 568 1077 quamvis
589 1010 646 1064 sint
666 1010 714 1077 qui
735 1014 868 1066 censeant
880 1023 923 1063 «a
957 1009 1051 1064 dotem
1064 1009 1204 1064 declarare
1218 1001 1409 1064 tantummodo
1422 1009 1550 1062 dicebant

329 1094 451 1162 peccatis
470 1095 542 1158 tuis,
560 1115 574 1142 a
588 1095 624 1148 ad
636 1094 692 1150 uim
705 1095 849 1152 sententiae
861 1095 924 1149 dcti-
957 1099 1133 1162 pcccatorum
1154 1093 1279 1160 veniam,
1294 1094 1427 1160 loquendi
1441 1095 1548 1148 ratione

330 1181 461 1236 niendam
489 1179 603 1247 requiri.
633 1183 733 1237 omues
756 1179 923 1237 conueniunt
956 1193 1087 1248 peccasse
1110 1179 1252 1244 videntur,
1267 1180 1358 1246 potius
1380 1193 1463 1246 quam
1485 1193 1550 1232 sen-

330 1273 417 1322 totam
431 1268 563 1333 sormam,
577 1281 658 1334 quam
670 1267 821 1334 praescrihit
831 1267 923 1321 111111·
956 1267 1041 1322 tentia
1052 1305 1060 1332 ‚
1071 1267 1174 1334 quippe
1186 1266 1233 1333 qui
1250 1279 1351 1318 munus
1368 1277 1424 1320 uon
1437 1277 1488 1320 suo
1499 1265 1550 1318 sod

331 1353 389 1419 sia,
404 1367 466 1409 esse
483 1367 515 1406 ex
536 1358 674 1420 praecepto
689 1353 868 1407 recitandam.
884 1354 929 1429 Ex*
956 1352 1003 1406 liei
1019 1352 1131 1408 nomine
1149 1366 1165 1405 a
1189 1351 1333 1406 sacerdote
1345 1351 1438 1417 peragi
1451 1349 1550 1403 intelli-

330 1439 406 1494 varia
420 1439 506 1498 torma
518 1439 605 1504 liquet
617 1438 652 1492 ad
666 1437 923 1504 disciplinamque
957 1442 1060 1506 gerent.
1075 1439 1208 1492 Caeterum
1222 1442 1348 1490 nostrum
1365 1448 1422 1490 non
1437 1435 1552 1490 interest

330 1524 435 1592 pendet
446 1538 479 1578 ex
490 1523 619 1581 ccclesiae
631 1523 755 1588 arbitrio,
767 1523 921 1590 pertinere,
957 1535 1053 1578 eorum
1069 1523 1213 1578 uindicare.
1224 1523 1332 1588 piacita.

329 1617 423 1664 utrum
442 1611 534 1665 verbis
546 1609 721 1677 deprecantis
732 1610 775 1662 vei
788 1608 925 1663 affirmau-
989 1609 1048 1660 225.
1067 1608 1216 1664 consueuit
1235 1608 1387 1675 antiquitus
1409 1605 1548 1663 absolutio

330 1697 366 1752 tis
379 1695 925 1760 sententiaexprimatur.caeterumutro
959 1693 1090 1747 canonica
1122 1694 1234 1748 nonnisi
1262 1693 1422 1759 poenitentia
1450 1691 1549 1746 iunctis

331 1796 387 1850 que
399 1782 482 1836 inodo
495 1779 645 1846 estjudicii
656 1779 760 1843 instar,
771 1779 820 1833 sed
831 1778 924 1833 uerbis
958 1778 1090 1843 concedi,
1112 1779 1139 1831 ni
1157 1778 1254 1832 mortis
1274 1779 1427 1832 immineret
1442 1772 1548 1844 pericu·

330 1867 507 1934 deprecantis
519 1866 570 1919 rite
587 1864 763 1929 enuntiatur,
776 1865 841 1930 quia
852 1877 868 1917 a
880 1877 924 1918 sa·
958 1867 1031 1930 lum,
1053 1869 1101 1920 aut
1127 1864 1218 1932 gravis
1241 1865 1294 1918 alia
1317 1871 1428 1932 urgeret
1445 1877 1549 1918 causa:

330 1953 463 2015 cerdote,
486 1963 543 2008 nou
560 1963 612 2006 suo
632 1952 762 2014 nomine,
785 1950 835 2007 sed
858 1949 924 2019 liei,
958 1951 1162 2006 absolutionem
1198 1956 1290 2003 autem
1324 1949 1550 2002 sacramentalem

330 2038 428 2093 lectur.
450 2036 518 2090 ilinc
540 2038 567 2088 S.
586 2038 642 2089 Leo
662 2035 849 2101 deprecationi
868 2035 924 2090 1111
958 2049 1120 2094 concessam
1146 2035 1231 2088 luisse
1259 2033 1311 2088 rite
1334 2031 1551 2100 poenitentibus,

332 2123 458 2180 sdrendi
474 2121 585 2175 tribuit:
601 2141 613 2168 ι
627 2122 742 2174 ttultum
762 2120 835 2175 enim
857 2120 925 2175 utile
958 2123 1071 2178 arbitrio
1085 2120 1262 2185 confessarii,
1275 2125 1339 2174 ante
1351 2123 1489 2186 peractam
1502 2132 1551 2183 pu·

331 2223 364 2266 ac
376 2209 564 2266 necessarium
577 2212 661 2262 estut
675 2212 923 2276 peccatorumrea·
958 2209 1058 2263 blicam
1082 2206 1272 2274 poenitentiam
1300 2204 1458 2261 verosimile
1483 2209 1550 2258 est:

332 2300 378 2352 tus
387 2300 451 2349 ante
463 2294 590 2348 ultimum
602 2293 675 2347 diem
686 2291 850 2348 sacerdotali
862 2305 926 2359 sup·
958 2309 1010 2350 nec
1018 2295 1090 2350 enim
1102 2295 1157 2347 ulia
1169 2292 1367 2360 suppetiis-atio
1376 2305 1425 2348 cur
1433 2291 1552 2344 Ecclesia

332 2379 480 2446 plicatione
498 2377 675 2436 11111111.»ι
958 2383 1125 2451 paenitentes
1153 2379 1260 2434 auxiliis
1285 2379 1380 2446 qratiae
1406 2378 1553 2434 destitutos

365 2465 425 2521 ²22·
445 2485 458 2511 a
476 2464 505 2518 si
528 2465 590 2531 quis
616 2463 733 2529 dixerit,
751 2481 768 2512 n
797 2463 926 2531 inquiunt
952 2465 1550 2534 'relinqueretsalutisdiscriminiobnoxios.

332 2553 427 2606 Patres
444 2550 610 2613 tridentini,
626 2570 638 2596 r
659 2549 862 2604 absolutionem
885 2561 925 2603 sa·
958 2553 1165 2608 absolutionem
1178 2550 1482 2616 sacramentaliumque
1494 2563 1551 2615 poe-

332 2636 529 2691 cramantalem
544 2647 601 2688 nou
622 2647 685 2688 esse
703 2640 795 2688 actum
811 2634 923 2701 judicia·
960 2639 1081 2691 nitentes
1092 2640 1147 2690 beo
1164 2634 1427 2696 reconciliabantur,
1440 2645 1455 2688 a
1468 2635 1553 2686 dano·

331 2723 404 2784 iem,
421 2720 470 2772 sed
487 2719 591 2772 nudum
607 2718 791 2772 ministerium
803 2731 928 2786 pronun·
961 2723 1032 2788 nica,
1049 2736 1102 2789 qua
1113 2720 1242 2775 Ecclesiae
1254 2718 1469 2775 restituebantur
1480 2729 1553 2770 com·

331 2804 475 2868 tiandi,et
487 2804 644 2858 declarandi
663 2804 778 2859 remissa
790 2818 927 2871 essepec·
960 2808 1102 2872 munioni,
1122 2814 1150 2862 11
1172 2806 1293 2860 fidelium
1312 2805 1441 2873 juribus,
1459 2810 1553 2871 aperte

335 2895 397 2947 cata
419 2890 578 2954 confitenti,
598 2891 683 2945 modo
707 2896 813 2945 mutum
832 2892 927 2945 credat
960 2891 1552 2963 distinguitsozomenus,Poeuitentiariimu·

334 2989 365 3029 ae
381 2988 444 3030 esse
465 2976 623 3032 absolutum
642 3014 650 3030 .
679 3014 686 3028 .
714 3017 720 3030 .
750 3016 757 3029 .
779 2978 926 3031 anathema
960 2995 1013 3037 nus
1026 2983 1187 3037 describens
1200 2998 1207 3035 ι
1222 2982 1377 3048 «adquam
1390 2979 1552 3035 accedentes

334 3060 379 3114 Sit·
391 3081 404 3107 ³²
416 3060 428 3095 ²
439 3062 573 3127 liquidem
586 3076 671 3127 (tuum
690 3067 747 3116 1013
758 3064 926 3117 sacramenti
959 3072 978 3123 ii
999 3070 1045 3137 qui
1062 3070 1254 3137 deliquerant,
1268 3074 1344 3123 actus
1357 3080 1426 3121 suos
1439 3065 1553 3121 confite·

334 3145 403 3201 ratio
422 3146 458 3200 sit
481 3146 568 3201 instar
581 3147 697 3212 judicii,
716 3148 855 3203 absolutio
876 3161 926 3202 seu
960 3158 1076 3217 banton
1089 3157 1136 3209 ille
1152 3168 1217 3210 uero
1236 3168 1286 3221 pro
1306 3150 1551 3221 cujusquedelicto

334 3234 471 3288 sententia
502 3233 656 3287 sacerdotis
687 3233 857 3286 absolventis
884 3239 927 3287 est
961 3240 1027 3307 quid
1054 3245 1100 3292 aut
1124 3240 1215 3293 iacere
1238 3239 1383 3305 singulos,
1403 3240 1450 3289 aut
1475 3236 1551 3287 luere

334 3324 415 3375 ictui
426 3317 667 3386 pianejudicialis‚
679 3329 735 3383 quo
747 3316 927 3382 iioelliissniem
961 3330 1113 3391 oporteret,
1127 3336 1217 3390 poenae
1230 3326 1292 3377 ioco
1313 3323 1452 3385 indicens,
1464 3321 1553 3374 absol-

335 3405 421 3459 leiiiae
431 3404 537 3471 issdiffli
557 3402 928 3467 id⁰¹¹0¹1¹¹¹2011fflti1¹0⁸⁰liii
960 3410 1043 3464 vebat
1062 3408 1226 3463 coniltentes
1244 3406 1372 3473 aseipsis
1388 3418 1484 3472 poenas
1499 3405 1554 3457 ori·

334 3492 479 3558 culparum
496 3488 691 3557 ligaminibus,
708 3500 773 3541 acre
786 3486 927 3542 remittens
961 3494 1066 3549 minum
1080 3500 1234 3550 exacturos.
1248 3492 1283 3541 ni
1297 3495 1336 3545 tin
1349 3490 1552 3547 absolutionem

334 3577 384 3631 bei
405 3576 520 3630 immine
537 3580 659 3642 biwalt·
673 3574 854 3628 militellum
866 3574 928 3641 qui-
961 3564 1188 3637 sacramentalem
1201 3584 1263 3633 ante
1278 3576 1465 3645 paenitentiam
1476 3588 1553 3643 pera·

334 3663 401 3717 dem
411 3664 519 3715 exercet
529 3660 670 3725 sacerdos
681 3660 729 3715 aad
742 3671 799 3714 non
811 3659 926 3713 nudum:
962 3672 1043 3721 cram.
1056 3668 1093 3721 ne
1110 3666 1285 3721 absolutione
1302 3664 1433 3721 canonica
1452 3662 1553 3717 interu-

335 3751 421 3803 babet
440 3747 514 3802 enim
536 3753 702 3815 potestatem
722 3760 815 3802 veram
833 3748 928 3801 remiis
961 3752 1051 3821 qenda
1075 3756 1140 3806 sunt
1161 3765 1223 3819 quae
1249 3752 1380 3819 deinceps
1405 3751 1489 3805 refert
1516 3750 1552 3803 de

336 3832 927 3899 1111111111,1011111111111111111
961 3839 1076 3893 aliarum
1103 3839 1286 3892 Ecclesiamm
1314 3837 1448 3892 moribus.
1472 3856 1484 3882 a
1503 3834 1553 3887 Ubi

335 3931 371 3973 ea
393 3930 457 3973 esse
481 3904 607 3971 remissa.
629 3918 750 3972 clavium
769 3919 929 3984 metaphora
961 3934 1028 3977 varo
1037 3922 1207 3989 praestitutus
1216 3922 1275 3978 dias
1285 3922 1405 3985 advenit,
1413 3926 1553 3985 tamquam

256 4037 260 4043 ·
335 4002 929 4070 pausatamneramaperienoasoeirjanu„
963 4006 1555 4073 debitoquodampersoluto,apoenacom·

336 4092 513 4156 peccatorum
532 4086 612 4141 uenia
627 4086 749 4141 denotat.
769 4090 878 4141 Patrum
891 4094 930 4142 te·
964 4091 1043 4145 missi
1060 4092 1172 4145 sceleris
1187 4092 1336 4156 liberatur,
1350 4096 1377 4144 et
1387 4089 1494 4155 reliquo
1505 4090 1555 4142 bc·

336 4172 467 4230 sononia
481 4174 552 4228 bano
560 4171 615 4227 uim
626 4172 779 4227 sacerdotis
788 4173 931 4227 sentcntiae
965 4174 1055 4229 oiosiae
1073 4176 1175 4242 populo
1195 4175 1324 4230 sociatur.
1345 4178 1408 4228 ilaec
1431 4173 1554 4240 episcopi

338 4259 432 4315 inesse
448 4259 530 4326 plane
547 4257 694 4325 probant.⁸
709 4259 774 4324 iiius
794 4257 930 4313 beneflcio
966 4260 1046 4315 Urbis
1067 4263 1160 4315 Romae
1180 4262 1215 4315 ab
1234 4260 1331 4314 ultima
1358 4264 1495 4316 vetustate
1518 4260 1554 4315 ad

335 4342 391 4396 trui
409 4348 551 4409 nequeunt
568 4355 639 4411 quos
657 4348 833 4410 peccatorum
858 4344 931 4397 baud
965 4350 1090 4400 nostram
1110 4360 1198 4414 usque
1223 4350 1332 4401 aetatem
1358 4344 1524 4400 custodiunt.
1538 4363 1555 4394 n

338 4427 522 4497 poenitet3scd
533 4428 933 4485 nonideosaeerdosmerede·
965 4431 1062 4499 Liquet
1073 4432 1155 4501 igitur
1164 4447 1215 4489 nec
1228 4433 1314 4499 ipsam
1332 4432 1454 4500 priorum
1471 4444 1557 4487 saecu·

368 4692 398 4744 (1)
408 4691 495 4769 111111.
995 4696 1023 4748 ia)
1034 4696 1086 4737 Vide
1097 4708 1163 4751 supra
1176 4709 1197 4751 p.
1211 4698 1342 4752 11111111,

368 4760 396 4812 la)
407 4758 513 4802 8111111.
522 4769 570 4800 can.
579 4759 608 4800 ir.
995 4767 1021 4819 iai
1030 4766 1086 4807 ilisa.
1095 4768 1152 4810 Ecel.
1160 4770 1172 4809 i.
1184 4768 1219 4810 rii.
1229 4779 1248 4809 c.
1258 4768 1299 4809 xri.

375 4830 437 4879 voc.
455 4841 494 4878 ru.
1427 4835 1461 4885 it
