3792 5550
666 1080 1038 1191 TRACTATUS
1071 1087 1207 1194 ΧΙΧ.

595 1538 949 1609 obstetricabitis
969 1543 1012 1609 IN
1034 1545 1286 1616 UNIVERSUM.

540 2330 718 2371 ΡΒΕΝΟΤᾸΜᾸ·
960 2339 1082 2397 nuliam,
1098 2339 1128 2386 ut
1139 2332 1264 2395 uidetur,
1288 2330 1495 2397 impertiebatur
1510 2328 1552 2395 ju·

960 2424 1072 2479 stitiam.
1085 2422 1106 2471 E
1117 2424 1212 2472 contra
1225 2416 1379 2482 Baptismus
1389 2413 1476 2466 abluit
1485 2426 1552 2479 pec·
1598 2443 1601 2454 ·

368 2488 393 2541 ¹·
413 2488 499 2553 Quum
521 2486 555 2539 de
581 2487 697 2553 Sissdlffis
720 2489 857 2555 ederimus
876 2492 926 2543 Sa·
961 2514 1040 2568 cata,
1059 2515 1214 2567 nouamque
1237 2500 1331 2553 tribuit
1342 2499 1370 2551 iu
1389 2498 1496 2551 cbristo
1513 2498 1551 2549 ri·

332 2571 496 2633 crementis,
508 2571 565 2638 jam
577 2584 638 2637 quae
651 2572 788 2625 adomnia
800 2580 926 2639 spectant
961 2600 1028 2646 tam,

335 2655 465 2707 inunum
487 2655 641 2721 colligenda
663 2660 743 2716 sunt,
769 2663 796 2709 et
817 2670 848 2712 ea
871 2664 926 2711 sta·

323 2740 436 2806 'tuenda
447 2739 580 2806 principia
602 2753 664 2806 quae
683 2740 813 2796 omuibus
830 2756 927 2798 couve-
1184 2734 1288 2788 CAPUT
1309 2734 1331 2788 ¹·

335 2824 926 2896 niuntverasacramentinovaetegisnotio

334 2914 378 2962 est
398 2922 478 2976 quam
501 2910 535 2961 ab
557 2909 635 2963 initio
653 2911 835 2978 tradidimus,
857 2913 926 2968 ritus
992 2946 995 2950 -
1061 2922 1092 2960 or
1110 2919 1323 2960 sicutnumerus
1341 2916 1452 2968 rursm.

334 2995 440 3048 scilicet
454 3009 468 3048 a
490 2995 597 3050 cbristo
617 2996 777 3061 institutus,
788 2999 887 3066 pignus
899 3005 927 3054 et

335 3071 545 3132 instrumentum
560 3082 653 3148 gratiae
672 3098 678 3133 :
704 3084 785 3136 habet
799 3085 873 3138 enim
893 3099 927 3138 ex
994 3081 1020 3130 2.
1039 3082 1149 3144 Septem
1175 3091 1237 3131 csse
1256 3073 1431 3140 novaelegis
1456 3073 1553 3125 Sacra·

337 3164 429 3218 divina
458 3165 631 3220 institutione
660 3168 714 3221 uim
739 3169 792 3221 sibi
818 3171 927 3223 insitam
962 3158 1552 3218 mentaexTridentinicoucititauctoritate

334 3248 472 3302 efficiendi
485 3251 655 3304 sanctitatem
667 3253 928 3320 etjustitiamquam
962 3248 1145 3311 tradidimus,
1164 3254 1191 3300 et
1213 3247 1336 3312 singula,
1362 3242 1500 3308 Scriptura
1526 3248 1554 3294 et

335 3332 487 3400 significat,
505 3336 543 3388 uti
559 3343 632 3389 recte
648 3337 729 3390 docet
741 3339 928 3393 catechismus
964 3334 1109 3387 traditione
1121 3333 1187 3395 uixi,
1200 3331 1376 3410 probavimus
1397 3331 1476 3381 iuvat
1488 3340 1553 3380 vero

337 3419 485 3472 Romanus.
498 3421 583 3482 Quam
602 3422 684 3486 longe
706 3426 928 3488 praestctveteris
962 3420 1050 3486 ipsam
1074 3418 1262 3472 definitionem
1278 3414 1463 3468 Tridentiuam
1484 3412 1555 3465 rcci-

337 3504 417 3572 Legis
437 3505 554 3568 ritibus,
568 3506 614 3572 qui
629 3519 827 3572 nonnunquam
838 3521 927 3562 sacra·
963 3511 1037 3568 tare,
1049 3511 1076 3558 et
1094 3503 1269 3567 generalibus
1290 3499 1454 3567 quibusdam
1474 3510 1554 3563 argu-

337 3596 429 3644 menta
444 3597 591 3652 vocantur,
607 3591 671 3643 indo
682 3592 767 3657 liquet
778 3607 785 3643 ε
798 3606 861 3645 nam
874 3595 928 3648 uim
963 3590 1062 3644 mentis
1070 3589 1243 3652 confirmare,
1252 3592 1281 3638 ui
1294 3598 1349 3638 uno
1358 3582 1441 3638 ueluti
1454 3582 1554 3634 iutuitu

337 3676 441 3728 nuttam
459 3675 635 3728 intrinsecam
647 3676 857 3740 praebibisse
871 3693 928 3745 per·
962 3677 1053 3732 omnia
1071 3677 1189 3730 babeant
1205 3675 1322 3727 lectores
1334 3673 1486 3736 perspecta.
1502 3686 1514 3712 ι
1527 3665 1554 3716 Si

338 3760 462 3814 tinebant
475 3761 509 3813 ad
529 3761 574 3814 bei
589 3763 707 3825 cultum,
722 3768 749 3816 ot
764 3776 928 3818 commemo·
964 3763 1026 3830 quis
1048 3762 1164 3826 dixerit,
1181 3763 1356 3814 Sacramenta
1374 3744 1453 3809 noua}
1474 3750 1553 3816 Legis

339 3846 437 3899 rabant
459 3859 657 3912 nonnunquam
678 3849 810 3902 diuinitus
832 3851 930 3903 collata
964 3862 1019 3902 nou
1039 3848 1124 3900 tuisse
1145 3847 1238 3899 omnia
1256 3858 1271 3897 a
1288 3846 1354 3896 iesu
1374 3840 1481 3895 cbristo
1505 3837 1553 3888 bo-

341 3931 496 3994 beneficia,
525 3931 606 3982 simut
633 3931 780 3986 iudicantia
809 3932 930 3985 futurum
964 3933 1039 3986 mino
1064 3938 1159 3984 nostro
1177 3929 1320 3989 instituta,
1338 3931 1385 3978 aut
1402 3920 1554 3985 esseplura

341 4015 550 4080 Redemptorem
573 4030 613 4064 :u
641 4015 712 4070 Finis
742 4015 814 4068 euim
842 4017 929 4084 tegis,
963 4016 1006 4069 uei
1019 4015 1149 4082 pauciora
1171 4026 1253 4078 quam
1278 4016 1400 4076 septem,
1419 4005 1553 4066 videlicet,

338 4100 473 4156 Christus.
483 4100 516 4151 ad
526 4099 662 4166 justitiam
676 4099 751 4151 omni
763 4099 928 4153 credenti.»¹
964 4100 1150 4166 baptismum,
1170 4097 1429 4154 confirmationem,
1452 4091 1555 4143 ducha-

337 4184 515 4239 Circumcisio
528 4184 643 4236 Abrabae
656 4183 776 4250 injuncta
789 4185 928 4260 poputum
963 4187 1084 4247 ristiam,
1108 4183 1310 4245 poenitentiam,
1330 4184 1483 4234 Extremam
1502 4177 1554 4228 tin-

339 4271 386 4324 bei
398 4284 412 4323 a
423 4271 530 4324 caeteris
548 4269 722 4323 discernebat
746 4270 888 4336 gentibus,
902 4276 929 4323 et
963 4271 1082 4324 ctionem
1096 4308 1103 4334 ,
1117 4269 1264 4330 Ordinem,
1285 4274 1313 4320 et
1333 4262 1553 4323 Matrimonium,

338 4369 417 4422 spem
436 4357 627 4422 Redemptoris
649 4367 794 4419 exgenere
815 4354 928 4407 Abrahae
963 4363 1010 4410 aut
1032 4356 1114 4410 etiam
1137 4355 1248 4420 aliquod
1265 4355 1362 4406 borum
1375 4355 1479 4416 septem
1498 4359 1555 4400 non

339 4439 448 4494 fouebat
462 4454 468 4490 ε
482 4443 583 4492 namin
598 4439 703 4492 somine
721 4439 835 4493 Abrabae
847 4440 929 4500 bene·
964 4455 1026 4496 esse
1046 4455 1110 4494 uere
1136 4446 1164 4493 et
1189 4439 1300 4506 proprie
1327 4437 1553 4493 Sacramentum,

338 4524 550 4577 diceudaeeraut
565 4537 661 4578 omnes
676 4530 787 4590 gentes3
802 4530 930 4578 caeterum
966 4528 1112 4580 anathema
1122 4526 1168 4577 sit.
1182 4524 1216 4571 »¹

367 4789 395 4841 (²)
411 4789 472 4828 ¹³⁰2
482 4797 501 4826 ¹·
511 4793 531 4827 ⁴·
991 4791 1018 4844 (t)
1029 4790 1088 4831 Seu.
1097 4787 1135 4829 rii.
1145 4787 1172 4828 dc
1182 4787 1230 4829 See.
1239 4796 1286 4826 can.
1296 4783 1321 4824 ii.
1363 4753 1365 4757 Ι
