3792 5550
437 444 449 479 i

413 662 455 715 50.
485 653 573 709 solutu
593 632 716 695 concione

377 749 458 803 iesus
469 738 534 793 adeo
546 718 723 781 venementer,

378 833 464 885 porum
486 814 585 871 turbam
607 798 729 854 animos
902 863 907 874 .
1011 858 1017 869 ι
1097 858 1102 868 ⁸
1279 861 1284 871 Ι
1391 861 1396 872 .
1531 860 1548 871 ..

376 912 423 980 qui
441 916 488 959 nec
504 882 687 957 assueverunt
705 876 777 929 tanto
801 870 936 933 mysterio.
970 864 1050 921 tatio,
1076 859 1115 911 mi
1140 860 1254 925 prodest
1277 875 1307 913 ιιι
1334 861 1398 913 fidei
1424 865 1565 926 mysteriis

666 512 773 571 unici.
791 503 894 557 111111).
914 498 933 547 i.
953 494 994 545 iiii
1010 486 1228 541 sumersate

724 663 732 687 ,
755 630 815 686 quae
838 615 940 667 dixerat
972 605 1045 666 titur,
1058 602 1119 655 tidei
1132 602 1275 672 largiendo
1294 606 1414 670 donum,
1425 614 1454 661 et
1468 608 1564 661 cordis

740 696 940 761 interdiscipn-
970 687 1081 741 adactus
1107 687 1159 740 sibi
1188 691 1320 745 charitate
1351 691 1563 746 deuinciendo:

730 784 936 843 evolvebantur,
970 784 1049 835 caro,
1069 773 1206 827 humanus
1217 774 1321 830 scilicet
1337 789 1437 829 sensus
1451 782 1479 829 et
1492 776 1567 842 copi·

374 1016 390 1047 u
406 986 475 1045 uniti
494 989 556 1043 erpo
580 967 717 1023 audientes
741 971 772 1009 ca
797 948 937 1014 discipulis
971 942 1134 996 scrutandis.
1162 947 1228 1009 oue
1244 944 1413 1011 protulerat,
1434 943 1564 1011 spiritum

374 1078 430 1142 ejus
438 1064 575 1123 dixerunt:
589 1056 673 1105 iturus
685 1047 726 1097 est
740 1039 782 1091 iiic
798 1044 899 1093 sermo,
910 1036 937 1083 et
971 1056 1002 1067 -
1013 1050 1103 1125 κιιιμιι
1113 1058 1145 1126 -J
1156 1043 1226 1125 ,esse
1239 1036 1266 1083 et
1283 1030 1366 1126 sitam
1379 1029 1465 1125 distic,
1483 1029 1567 1096 spiri.

372 1156 431 1223 quis
452 1148 538 1216 potest
559 1149 619 1191 eum
635 1126 747 1184 audiret
759 1139 774 1169 ιι
786 1122 837 1171 ites
860 1121 937 1179 erat,
971 1117 1054 1167 tuaiua
1070 1121 1099 1169 et
1111 1115 1258 1180 vivifica,a
1274 1117 1369 1169 divino
1381 1117 1484 1181 Spiritu
1498 1127 1566 1180 pro-

392 1236 449 1293 tili
470 1236 513 1285 uet
553 1219 665 1277 maxime
691 1212 769 1274 captu
799 1201 938 1266 difficilis,
971 1199 1238 1265 tecta,etreritatos
1253 1200 1362 1253 divinas
1388 1198 1562 1265 spectantia,

372 1248 637 1383 animumanimumum
649 1290 836 1355 sediscipulos
850 1289 938 1340 nacte·
970 1299 1085 1353 quarum
1104 1286 1172 1339 tides
1189 1284 1317 1353 spiritum
1334 1290 1362 1337 et
1378 1283 1463 1337 vitam
1482 1282 1563 1337 alier-

367 1340 418 1464 238
429 1394 539 1469 professi
549 1391 632 1445 crant,
645 1378 789 1433 noluerunt
800 1372 936 1438 amplecti.
971 1369 1042 1424 ret.¹
1060 1371 1114 1424 Sed
1130 1384 1193 1424 esse
1212 1384 1245 1423 ex
1262 1368 1317 1422 iilis
1335 1369 1383 1436 qui
1398 1368 1492 1422 animo
1505 1381 1564 1422 non

365 1486 524 1554 muniente
536 1477 577 1525 est
591 1460 754 1521 validissimo
772 1457 870 1510 Christi
881 1470 938 1511 ser·
971 1456 1100 1510 forebant
1113 1456 1217 1520 iidem,
1235 1455 1311 1509 novit
1333 1455 1414 1521 ipse,
1435 1454 1564 1507 cordium

365 1578 470 1627 monem
492 1549 651 1612 multitudini
669 1544 821 1601 universa,
840 1548 867 1595 et
885 1543 938 1609 ipsi
972 1554 1057 1607 quum
1093 1544 1170 1594 esset
1198 1546 1344 1595 scrutator.
1375 1539 1450 1592 picei
1482 1538 1566 1606 igitur

363 1654 407 1721 qui
418 1660 477 1703 cum
486 1640 576 1697 audire
591 1627 730 1686 consuevit
741 1627 937 1693 discipulorum
971 1626 1163 1679 necessitatem
1172 1627 1216 1679 his
1228 1627 1321 1681 verbis
1331 1624 1491 1679 inculcarit:
1501 1636 1566 1678 nant

364 1732 458 1793 ocetni,
486 1731 594 1779 sensnm
619 1726 690 1767 verae
718 1712 938 1767 manducationis
973 1711 1079 1777 alisque
1097 1724 1130 1763 ea
1151 1717 1257 1764 tantum
1270 1724 1401 1763 arcannm
1421 1722 1567 1777 nemopo·

364 1808 577 1885 ingessisseiarn
588 1811 651 1855 vero
666 1798 939 1865 christusvtxpotuit
971 1796 1179 1863 tnitamplecti,
1192 1809 1274 1863 quam
1292 1794 1340 1849 liei
1358 1794 1465 1847 donum
1483 1807 1565 1859 esse,

362 1906 462 1968 absque
487 1888 582 1958 injuria
609 1882 763 1937 auditorum
785 1884 938 1939 doctrinam
972 1882 1218 1951 magnisprccibus
1234 1880 1437 1949 expetendum,
1455 1880 1566 1947 magnis

361 1987 493 2045 involvere
516 1970 656 2027 taborum
674 1968 856 2036 amhagibus,
877 1984 939 2036 qua
971 1969 1116 2021 desideriis
1132 1968 1318 2034 exoptandum
1336 1967 1449 2020 tandem
1464 1964 1564 2018 innuit.

360 2063 503 2135 simplicius
518 2053 663 2119 explicata,
685 2052 787 2105 nemini
808 2053 877 2107 toret
901 2054 941 2109 oi·
1004 2055 1047 2107 3¹.
1065 2055 1203 2106 iamvero
1215 2051 1318 2118 siquid
1330 2051 1359 2105 in
1371 2056 1468 2105 nostra
1480 2051 1566 2117 hupus

361 2144 487 2209 tensioni,
499 2151 581 2206 quum
594 2142 674 2203 prout
690 2138 807 2192 sonabat
827 2146 939 2207 accepta
974 2138 1110 2191 sermonis
1133 2136 1314 2203 explicatione
1344 2136 1494 2191 obscurum
1522 2134 1567 2189 rel

359 2236 496 2293 universos
515 2224 569 2275 iere
589 2221 683 2276 devios
695 2230 789 2290 ageret
807 2239 824 2279 a
842 2227 939 2279 salutis
973 2223 1132 2290 ambiguum
1146 2220 1567 2286 rideatur,eventusattenden·

357 2316 459 2379 semita.
472 2308 524 2363 Sed
533 2320 584 2359 nec
593 2306 734 2373 discipulis
743 2308 801 2363 suis
813 2310 939 2376 privatim
973 2309 1026 2363 dus
1038 2313 1096 2373 est,
1114 2314 1145 2361 nt
1160 2320 1308 2362 noscamus
1320 2313 1413 2360 utrum
1431 2307 1568 2373 interpre-

356 2412 415 2459 eum
426 2391 632 2460 explicationem
646 2393 846 2461 precumque
863 2397 940 2449 tolie
973 2394 1069 2449 tationi
1086 2400 1189 2448 nostrae
1215 2392 1362 2447 conuenta
1382 2407 1389 2442 ε
1409 2391 1516 2445 scilicet
1541 2390 1567 2445 si

357 2489 430 2541 retur
440 2477 726 2533 difficultasasciens
747 2487 839 2535 autem
859 2484 940 2536 iesus
973 2486 1038 2548 post
1067 2480 1167 2533 Christi
1199 2478 1410 2545 explicationem
1437 2477 1567 2545 discipuli

356 2566 426 2637 apud
446 2560 622 2627 semetipsum
647 2564 711 2631 quia
739 2574 941 2623 murmurarent
972 2564 1129 2636 pertinaces
1149 2564 1252 2620 intenti
1271 2564 1342 2632 sint,
1364 2568 1392 2620 et
1408 2562 1569 2633 itagistmn

357 2656 392 2708 de
412 2652 464 2703 hoc
486 2647 613 2712 discipuli
630 2651 707 2717 ejus,
724 2652 791 2708 dixit
811 2656 852 2708 eis
864 2672 870 2708 :
883 2659 940 2711 iioo
974 2654 1171 2718 deseruerint,
1199 2651 1299 2705 merito
1328 2650 1473 2703 interimus
1501 2663 1567 2705 eum

355 2731 586 2794 vosscandalizatt
595 2734 622 2787 si
634 2748 699 2804 ergo
712 2737 835 2793 videritis
843 2741 939 2794 Filium
974 2751 1032 2792 suae
1052 2738 1196 2793 sententie
1212 2736 1341 2790 duritiem
1362 2735 1435 2788 haud
1458 2736 1567 2790 emolli·

356 2815 473 2875 nominie
492 2816 685 2872 ascendentem
708 2821 754 2874 ubi
766 2829 825 2876 erat
842 2824 940 2889 prius?
973 2823 1109 2877 risse.1ta
1127 2830 1218 2878 autem
1234 2833 1329 2874 revera
1344 2819 1479 2886 contigit:
1493 2839 1511 2873 c<
1529 2823 1567 2874 ἡ

355 2902 471 2971 spiritus
491 2906 533 2954 est
556 2903 604 2966 qni
621 2904 739 2958 viviticat
765 2921 772 2958 :
797 2920 860 2962 caro
883 2922 940 2964 non
974 2909 1027 2960 hoc
1038 2907 1118 2960 multi
1136 2906 1334 2972 discipulorum
1355 2917 1418 2970 epus
1437 2904 1568 2960 abierunt

303 3015 306 3018 -
355 2986 466 3056 prodest
484 2985 643 3052 quidquam.
659 2990 745 3042 verna
759 3005 821 3057 quae
833 3005 885 3060 ego
898 2995 940 3049 io·
974 2995 1069 3044 retro:
1088 2996 1116 3043 et
1128 2991 1188 3057 jam
1215 3001 1271 3042 non
1286 3002 1352 3042 cum
1369 2989 1417 3042 ilio
1440 2990 1566 3044 amium·

355 3075 434 3128 cutus
451 3083 513 3122 sum
526 3073 620 3139 vobis,
632 3075 745 3142 spiritus
756 3082 784 3131 et
795 3078 849 3132 uita
865 3085 938 3132 sunt.
974 3076 1049 3128 hant.
1067 3091 1085 3122 ιι
1102 3077 1173 3142 Ergo
1190 3074 1245 3126 iilis
1261 3086 1424 3140 persuasam
1435 3080 1479 3128 est
1489 3077 1565 3129 ditm-

353 3153 489 3210 sedeunt
513 3157 623 3222 quidam
650 3174 682 3214 ex
710 3162 789 3216 vobis
810 3163 857 3230 qui
884 3178 941 3220 non
975 3166 1048 3214 stum
1070 3161 1224 3226 perstitisse
1236 3160 1265 3212 in
1281 3173 1315 3213 ea
1332 3159 1493 3214 affirmanda
1506 3174 1567 3216 suae

352 3239 477 3296 crodunt.
496 3243 604 3298 sciebat
615 3247 688 3302 enim
703 3249 738 3302 al)
749 3248 828 3304 initio
841 3252 941 3315 iesus,
974 3244 1066 3299 caruis
1082 3245 1305 3309 manuumuone,
1328 3259 1345 3297 ³
1365 3259 1419 3311 (1¹1²
1439 3245 1503 3300 ilios
1517 3247 1567 3300 ab·

351 3324 400 3390 qni
417 3333 512 3380 essent
526 3342 582 3382 non
601 3332 805 3396 credentes,et
813 3335 875 3400 quis
888 3339 942 3388 tra·
975 3332 1088 3384 horrere
1117 3335 1239 3385 noverat.
1266 3330 1403 3396 Numquid
1423 3330 1567 3384 inteliciter

352 3409 623 3466 diturusessetenm.
637 3419 668 3468 iit
681 3417 807 3470 dicebat:
821 3422 942 3484 Propter·
975 3414 1083 3468 curisto
1099 3416 1183 3468 cessit
1205 3429 1283 3468 suam
1310 3423 1431 3468 mentem
1457 3416 1568 3482 aperire

356 3505 387 3546 ee
403 3491 459 3542 diri
472 3494 725 3560 vohis,qumnemo
751 3503 942 3565 potestrenire
974 3497 1099 3552 uolentii
1122 3500 1255 3566 numquid
1286 3501 1426 3554 omisisset
1453 3513 1568 3554 omnem

355 3577 390 3634 co
419 3589 480 3639 me,
502 3580 557 3632 nisi
573 3581 654 3635 suern
671 3586 698 3636 ιι
716 3585 808 3638 uatum
827 3600 844 3640 a
864 3591 942 3642 patre
975 3587 1106 3636 cendum
1141 3585 1176 3637 ad
1210 3585 1362 3650 discipulos
1388 3586 1568 3651 retinendos.

355 3672 427 3714 mco.
442 3676 453 3706 ι
466 3663 635 3718 uaeccnusu
647 3668 734 3722 ιιιιιιο
746 3671 781 3722 au
793 3670 942 3739 otscmutos
976 3666 1057 3721 uaris
1079 3674 1108 3720 et
1119 3669 1223 3735 apertis
1236 3669 1344 3735 versu,
1357 3672 1381 3723 si
1401 3673 1472 3724 mate
1488 3672 1568 3724 intei-

354 3743 500 3811 diligenter
514 3750 708 3812 perpendenda
720 3758 779 3817 est,
792 3757 942 3812 utanimus
976 3751 1108 3806 luissent
1136 3756 1197 3821 ejus
1219 3756 1319 3820 rerba,
1337 3771 1423 3822 quum
1448 3757 1509 3824 ipse
1531 3758 1569 3810 de

354 3833 415 3892 epus
444 3825 605 3884 innotescat.
626 3836 713 3898 Quum
735 3851 812 3905 agre
840 3840 942 3896 terrent
977 3839 1036 3893 sola
1054 3839 1107 3892 tide
1128 3847 1239 3906 ageret,
1256 3843 1299 3895 vei
1318 3843 1353 3896 de
1381 3843 1518 3910 symbolus
1540 3848 1569 3898 et

354 3923 419 3966 eum
431 3911 466 3964 de
477 3926 558 3969 carne
570 3931 620 3972 sua
633 3921 723 3976 danda
734 3925 856 3980 locutum
869 3941 941 3994 esse,
977 3924 1085 3992 signisi

353 3995 481 4060 duaesivit
503 4001 570 4064 quid
595 4005 651 4058 illis
679 4008 818 4064 rideretur
835 4013 858 4066 si
879 4028 942 4068 enm
1010 4010 1052 4063 52.
1067 4011 1106 4064 tu
1125 4013 1272 4078 Apostolos
1287 4022 1363 4066 nunc
1382 4014 1479 4067 oculos
1502 4026 1570 4067 con·

355 4080 550 4171 ascendentem
563 4088 597 4140 ad
615 4103 739 4150 summos
753 4098 855 4164 coelos,
870 4101 943 4154 unde
976 4102 1083 4151 sertem
1095 4102 1220 4163 oportet,
1232 4104 1262 4152 nt
1274 4099 1340 4164 quid
1360 4099 1412 4165 ipsi
1431 4100 1572 4154 senserint

356 4168 447 4226 limis
464 4170 663 4234 conspicerent.
686 4179 743 4232 iioc
762 4183 846 4237 veluti
867 4198 945 4252 argu·
979 4194 1135 4235 noscamus:
1147 4196 1211 4234 nam
1223 4183 1392 4236 credendum
1404 4196 1453 4237 eos
1471 4185 1572 4238 saltem

359 4250 483 4300 mentum
501 4254 622 4344 ueritatis
634 4260 753 4328 indicat,
767 4272 796 4318 ut
813 4269 866 4322 silit
887 4284 946 4325 ore·
979 4280 1073 4319 rerum
1093 4267 1238 4320 uerborum
1264 4281 1377 4322 sensum
1397 4270 1574 4335 aliquatenus

359 4327 449 4380 dmm·
464 4333 595 4402 Spnitus,
614 4371 648 4381 -
663 4369 686 4395 v·
699 4369 786 4410 suvia
795 4375 826 4390 ·-
837 4353 945 4408 divinus
980 4350 1155 4404 intellexisse.
1174 4353 1267 4406 «Dixit
1279 4366 1345 4420 ergo
1362 4356 1442 4408 iesus
1455 4355 1490 4407 ad
1504 4356 1576 4410 duo·

355 4410 514 4467 P²s²⁰¹e¹¹¹⁸
530 4426 581 4485 Θδιι
593 4426 640 4490 qni
650 4428 731 4483 uitam
742 4433 948 4503 animaetmper·
981 4434 1092 4488 decim:
1107 4438 1242 4504 Numquid
1259 4442 1286 4492 et
1308 4451 1359 4493 ros
1371 4439 1453 4494 ruitis
1470 4440 1574 4495 abiret

316 4729 323 4740 ί
385 4647 416 4700 il]
424 4649 475 4693 vide
483 4655 544 4699 Roas.
554 4661 600 4704 viii.
609 4672 627 4708 t.
641 4669 677 4710 ubi
686 4671 758 4714 earnis
767 4679 787 4715 et
796 4675 885 4729 spiritus
898 4690 945 4721 ten·
978 4687 1018 4722 m
1025 4674 1137 4720 nutritur.
