3792 5550
460 564 528 616 CAP.
546 567 616 618 xiv.
634 569 675 620 BE
693 566 902 620 conmunionis
919 566 980 620 SUB
998 567 1148 632 tinletln
1165 569 1289 624 siccin.
1423 574 1473 626 tin

273 679 434 743 concordiae,
455 688 554 747 praeter
574 688 680 737 atroces
702 681 853 736 accusatio·
887 681 928 734 sia
950 685 978 734 et
1010 684 1114 736 sanctis
1131 684 1256 735 Patribus
1278 682 1476 740 rationabiliter

271 779 316 819 nes
329 767 406 830 ilias,
429 767 529 833 quibus
551 767 763 821 protestantium
784 779 851 821 non·
887 765 1057 832 introducta,
1070 772 1098 821 et
1109 767 1262 820 diutissime
1270 768 1417 824 observata
1431 771 1476 835 sit,

270 851 333 902 nulii
350 852 499 905 Ecclesiam
517 854 666 906 Romanam
691 852 752 906 heic
770 852 853 905 sacri·
886 850 1013 904 habenda
1031 858 1074 904 est
1090 863 1140 918 pro
1158 853 1232 919 iege,
1245 865 1327 917 quam
1342 867 1399 908 nou
1414 856 1478 910 iicet

269 937 326 1003 legii
343 951 418 991 ream
431 938 530 992 taciani
544 951 647 1005 ;quum
669 945 762 992 tamen
775 939 853 992 initio
887 937 1052 1002 reprobare,
1071 944 1118 990 ant
1132 939 1192 991 sine
1211 939 1376 994 authoritate
1388 942 1477 995 Eccle-

269 1023 612 1087 hutherns,llelanchtou,
625 1026 745 1077 Bucerns
765 1023 854 1076 credi·
888 1020 937 1074 siae
966 1033 1017 1087 pro
1042 1022 1119 1075 libito
1140 1028 1255 1076 mutare.
1275 1043 1288 1070 ι
1305 1023 1318 1064 -⁸
1335 1025 1374 1077 nd
1396 1039 1478 1094 argu-

269 1106 354 1161 derint
374 1107 433 1160 sine
454 1113 568 1174 peccato
589 1109 640 1162 snb
658 1122 713 1162 uno
727 1109 853 1176 symbolo
887 1112 979 1158 menta
994 1105 1171 1174 intelligenda
1184 1121 1246 1173 quae
1259 1110 1349 1163 bacin
1367 1125 1397 1165 re
1414 1114 1479 1166 aila·

269 1193 317 1244 hoc
334 1194 544 1246 Sacramentum
557 1193 629 1246 sumi
643 1205 760 1258 possen
777 1193 785 1226 ¹
887 1191 942 1244 turi
964 1205 1076 1256 sumus,
1092 1193 1169 1259 jnvat
1192 1195 1408 1250 animadvertere
1429 1211 1480 1264 por

300 1279 357 1329 599.
376 1277 405 1329 id
418 1277 445 1329 in
462 1278 588 1331 confesso
601 1283 643 1330 est
654 1277 727 1344 apud
746 1290 853 1342 omnes,
887 1277 1124 1330 concomitantiam
1150 1281 1311 1347 sanguinem
1338 1283 1391 1336 dici
1415 1297 1479 1337 curn

1599 636 1623 671 l

272 1363 402 1427 publicam
423 1363 664 1427 communionem,
683 1376 732 1429 per
749 1363 854 1418 duode·
888 1375 1004 1428 corpore
1015 1363 1043 1415 in
1063 1366 1231 1419 Eucharistia
1248 1368 1363 1434 adesse,
1376 1369 1412 1423 ob
1429 1383 1480 1423 na-

271 1447 319 1500 cim
338 1449 431 1514 priora
451 1449 580 1502 Ecclesiae
597 1451 712 1514 saecuia,
733 1450 854 1515 pierum-
888 1451 1005 1502 turaiem
1023 1453 1257 1520 conjunctionem,
1275 1469 1359 1521 quum
1380 1467 1480 1522 corpus

271 1544 320 1596 que
332 1533 383 1585 sub
401 1539 516 1599 utraque
529 1534 620 1600 specie
638 1535 855 1600 administratam
888 1535 988 1589 Christi
1005 1538 1062 1603 jam
1084 1541 1193 1592 nonsit
1213 1554 1354 1608 exangue,
1374 1542 1423 1595 sed
1440 1543 1478 1596 vi·

271 1615 370 1679 tuisse,
392 1617 403 1652 ²
426 1631 506 1684 quam
530 1624 621 1672 tamen
641 1625 720 1672 antea
743 1619 854 1673 arbitrio
888 1635 963 1675 rum.
976 1625 1013 1675 Ea
1025 1625 1107 1677 etiam
1120 1627 1225 1680 ratione
1237 1628 1366 1682 divinitas
1378 1629 1478 1682 Christi

271 1700 389 1754 fidelium
411 1703 553 1768 relictam,
586 1704 708 1757 Gelasius
735 1704 856 1757 Pontifex
890 1705 918 1758 in
946 1708 1121 1763 sacramento
1143 1712 1234 1777 adest,
1254 1727 1338 1780 quum
1360 1716 1479 1769 humana

269 1787 362 1852 quinto
396 1789 498 1841 saecuio
524 1794 660 1856 praecepto
692 1789 856 1856 injunxit,⁸
889 1792 988 1846 Christi
1005 1799 1101 1848 natura
1126 1797 1247 1852 divinam
1269 1800 1368 1854 habeat
1390 1803 1480 1856 subsi-

270 1885 351 1936 quum
376 1871 587 1925 Manichaeorum
603 1886 695 1927 errore
717 1874 807 1928 intecti
820 1888 857 1939 ,a
890 1878 1028 1930 atentiam.
1041 1880 1107 1933 inde
1128 1881 1213 1948 liquet
1235 1889 1322 1937 totum
1343 1886 1480 1940 Christum

269 1955 359 2021 specie
375 1955 432 2009 vini
451 1955 645 2019 abhorrentes.
669 1959 781 2012 alteram
797 1965 856 2012 ian·
890 1962 942 2016 sub
954 1964 1085 2017 alterutra
1097 1967 1189 2032 specie
1201 1969 1294 2034 recipi.
1313 1971 1378 2022 llam
1397 1970 1480 2023 felici-

269 2049 323 2094 tum
336 2042 456 2108 speciem
468 2043 857 2112 reciperentconstat.pariter
890 2051 932 2102 ter
947 2049 1076 2115 explicuit
1091 2051 1179 2105 Cnido
1193 2051 1228 2106 dc
1243 2059 1337 2107 monte
1349 2056 1479 2108 Rochen:

268 2141 299 2180 ex
324 2128 451 2194 plurimis
480 2128 649 2194 antiquitatis
669 2131 855 2184 monumentis
893 2151 905 2183 e
922 2135 1077 2189 Notandum
1101 2137 1184 2191 etiam
1202 2139 1276 2205 quod
1298 2140 1360 2194 licei
1377 2153 1410 2194 ex
1428 2142 1482 2196 vir-

269 2216 399 2280 privatam
439 2216 660 2269 communionem
694 2216 855 2282 pierumque
891 2227 947 2276 tute
970 2225 1117 2277 verborum
1146 2226 1241 2280 turmae
1264 2227 1481 2281 consecrationis

270 2301 390 2365 quolibet
402 2302 502 2356 saeculo
516 2302 567 2354 sub
579 2303 663 2356 aitcra
681 2306 787 2356 tantum
797 2315 856 2369 spe·
890 2308 1014 2374 corporis
1025 2311 1096 2373 ,sub
1117 2311 1209 2378 specie
1223 2312 1302 2378 panis
1322 2312 1358 2365 sit
1375 2303 1480 2365 tairtum

227 2385 229 2390 '
269 2387 307 2438 cie
327 2387 492 2440 tributam‘
889 2405 989 2460 corpus
1012 2395 1110 2449 Christi
1132 2403 1184 2450 :et
1208 2397 1308 2452 virtute
1333 2399 1480 2452 verborum

299 2473 358 2524 inc.
381 2472 492 2526 llutatio
516 2473 669 2540 disciplinae
696 2475 731 2528 de
748 2474 855 2540 publica
889 2479 985 2532 torrnae
1007 2480 1225 2534 consecrationis
1245 2481 1406 2548 sanguinis,
1428 2484 1482 2536 sub

269 2560 462 2614 communione
480 2561 595 2628 contigit
606 2561 709 2614 sensim
723 2562 783 2614 sine
795 2573 856 2613 sen·
891 2564 982 2630 specie
998 2563 1055 2616 vini
1071 2564 1223 2618 sitientum
1243 2569 1356 2632 sargus
1370 2583 1376 2617 ε
1390 2573 1481 2620 tamen

268 2657 313 2708 sn,
330 2645 493 2707 occasione,
514 2645 553 2696 uti
576 2645 693 2707 videtur,
716 2643 857 2696 effusionis
891 2659 923 2698 ex
953 2646 1071 2712 quadam
1102 2649 1220 2700 naturali
1247 2650 1480 2713 concomitantia,

268 2730 337 2783 sacri
360 2729 468 2795 poculi,
492 2741 554 2795 quae
576 2729 604 2782 in
634 2728 756 2783 fidelium
780 2727 857 2782 turba
892 2731 943 2785 sub
963 2735 1077 2799 utraque
1095 2734 1188 2800 specie
1205 2739 1248 2789 est
1266 2739 1340 2789 totus
1359 2735 1482 2789 Christus

267 2815 345 2869 tacite
358 2813 543 2881 contingebat.
555 2832 571 2863 a
589 2814 655 2879 Quia
669 2814 754 2869 crevit
771 2814 860 2869 multi·
891 2830 973 2872 verus
992 2818 1062 2871 bens
1080 2823 1108 2872 et
1119 2832 1199 2874 verus
1211 2822 1304 2875 bonno.
1324 2842 1337 2869 s
1355 2822 1366 2857 ⁷

268 2901 332 2954 tudo
353 2900 448 2967 popuii
472 2900 628 2965 christiani,
652 2900 680 2953 in
699 2914 752 2967 qua
771 2900 858 2955 conti·
923 2905 983 2957 itii.
1002 2905 1125 2959 Christus
1143 2907 1223 2960 etiam
1244 2908 1296 2962 snb
1308 2908 1422 2977 singuiis
1434 2923 1481 2963 cu-

269 2993 367 3041 nentur
384 2992 525 3052 senes,et
544 2988 676 3055 juvenes,
689 2992 716 3042 et
737 2988 856 3054 parvuli,
888 2989 990 3056 jusque
1012 2991 1114 3057 speciei
1138 2993 1286 3059 partibus,
1309 2996 1481 3063 separatione

269 3084 384 3137 quorum
409 3073 520 3138 quidam
539 3087 594 3127 non
617 3078 682 3127 sunt
702 3079 785 3127 tantae
801 3074 858 3127 dis·
890 3075 977 3139 iacta,
999 3082 1073 3131 totus
1094 3079 1266 3143 continetur;
1290 3094 1374 3146 quum
1407 3081 1492 3153 eninr,
1562 3130 1563 3133 ,

269 3158 413 3222 cretioniS,
439 3164 469 3211 ut
491 3159 625 3211 cautelam
648 3158 767 3212 debitam
786 3158 858 3213 circa
891 3160 975 3215 dividi
987 3168 1125 3227 nequeat,
1136 3163 1297 3217 immortalis
1306 3166 1364 3231 jam
1382 3170 1409 3217 et
1422 3166 1483 3231 glo·

269 3256 348 3295 usnm
373 3244 455 3309 hujus
484 3242 651 3295 sacramenti
681 3244 857 3295 adhibeant:
892 3244 1003 3307 riosus,
1024 3250 1051 3297 et
1068 3246 1142 3297 nulla
1161 3247 1197 3298 sit
1211 3247 1280 3299 ratio
1302 3246 1392 3312 potior
1414 3260 1480 3309 cur,

269 3326 329 3379 ideo
360 3326 476 3393 provide
494 3326 522 3379 in
547 3325 713 3391 quibusdam
736 3326 859 3379 ecclesiis
894 3328 1067 3393 separatione
1079 3328 1181 3393 speciei
1193 3329 1311 3393 partium
1328 3330 1396 3381 iacta
1408 3366 1416 3393 ,
1430 3331 1483 3381 sub

268 3412 438 3471 observatur,
452 3410 597 3476 utpopuio
616 3410 728 3476 sanguis
748 3421 859 3463 sumen·
893 3412 978 3465 altera
998 3416 1073 3478 parte
1100 3412 1135 3465 sit
1152 3424 1291 3478 praesens,
1312 3424 1426 3466 necesse
1440 3417 1483 3465 cst

268 3496 489 3559 dnsuondetur,
503 3492 551 3549 'sed
571 3496 661 3549 solum
681 3509 696 3549 a
717 3495 859 3550 sacerdote
893 3509 956 3549 eum
984 3496 1060 3550 lateri
1084 3496 1136 3549 sub
1167 3495 1289 3563 qualibet
1313 3501 1390 3562 parte
1413 3497 1483 3550 inte-

268 3586 402 3635 sumatnr.
422 3598 433 3628 r
455 3579 550 3634 liiuic
571 3580 687 3635 accessit
709 3581 782 3648 quod
801 3581 859 3634 dia·
892 3594 970 3650 grum
983 3585 1274 3639 manereConstatex
1286 3584 1413 3653 Liturgiis
1430 3586 1482 3639 tra·

270 3678 403 3719 conorum
422 3664 467 3732 qui
481 3678 587 3719 sacrum
601 3666 776 3732 propinarent
793 3668 860 3721 cali·
892 3669 1009 3724 ctionem
1036 3671 1133 3725 hostiae
1151 3685 1261 3739 semper
1283 3671 1342 3725 tierl
1368 3685 1483 3727 consue·

270 3765 326 3803 cem
349 3751 430 3817 copia
449 3764 505 3805 uon
528 3766 637 3819 semper
654 3754 809 3818 haberetur,
831 3759 859 3808 el
890 3755 981 3821 visse,
1004 3761 1032 3809 et
1053 3757 1150 3811 Christi
1174 3770 1274 3823 corpus
1292 3758 1418 3824 sanguini
1434 3758 1482 3811 ad·

268 3836 322 3889 vini
336 3837 459 3891 etiamid
477 3838 601 3903 piurimis
613 3839 770 3905 regionibns
785 3844 859 3893 esset
892 3841 1002 3895 misceri
1014 3841 1068 3895 dici
1082 3843 1167 3907 ,dum
1186 3856 1250 3908 pars
1262 3842 1359 3895 hostiae
1375 3843 1403 3894 in
1416 3843 1482 3895 caii-

270 3921 380 3989 inopia,
395 3928 422 3976 ct
442 3935 498 3975 non
518 3936 619 3989 parvus
637 3922 707 3977 ioret
726 3937 858 3976 numerus
892 3938 952 3979 cem
976 3925 1183 3990 demitteretur,
1211 3931 1239 3979 et
1265 3926 1333 3978 iilud
1351 3927 1381 3978 in
1404 3931 1481 3991 parte

270 4008 465 4063 abstemiorum
476 4048 483 4070 ,
493 4009 537 4063 vei
549 4021 644 4062 eornm
658 4009 747 4074 quiex
759 4008 857 4062 eodem
892 4010 976 4061 altera
993 4010 1092 4063 adesse
1109 4010 1191 4062 simui
1204 4012 1337 4076 agnitum.

271 4106 331 4145 cum
360 4092 421 4147 aliis
447 4093 546 4159 poculo
570 4092 666 4144 bibero
693 4091 856 4158 refugerent.
922 4094 981 4145 402.
996 4092 1185 4161 iteritoigitur
1202 4093 1353 4146 tridentini
1372 4096 1480 4156 Patres,

270 4178 445 4231 Consuetudo
464 4179 521 4243 jam
543 4177 650 4230 invecta
678 4175 791 4242 probata
815 4181 857 4230 est
890 4178 1013 4246 mysterii
1027 4183 1153 4231 naturam
1172 4184 1200 4231 et
1211 4177 1381 4243 antiquitatis
1398 4177 1479 4231 iidem

268 4263 386 4317 Concilio
399 4261 600 4317 constantiensi
624 4277 630 4313 z
646 4281 658 4308 a
682 4262 749 4313 Cum
763 4262 856 4326 hujus·
890 4275 1037 4328 moresque
1049 4262 1268 4329 perpendentes,
1284 4262 1479 4317 decreverunts

268 4347 341 4400 modi
353 4346 564 4413 consuetudo,»
579 4346 669 4413 inquit
682 4364 698 4396 u
712 4347 746 4401 ab
764 4348 857 4402 Eccle·
893 4368 905 4397 u
923 4347 949 4401 si
965 4348 1027 4416 quis
1046 4348 1204 4415 negaverit,
1220 4348 1248 4402 in
1273 4347 1422 4403 venerabili
1433 4350 1480 4403 Sa·

295 4590 322 4642 (t)
336 4590 397 4643 Apud
413 4590 624 4633 Waichiumintrcd.
642 4592 657 4633 i.
673 4592 689 4633 i.
698 4602 717 4633 c.
734 4590 766 4633 iil.
782 4592 794 4645 5
810 4592 854 4635 xlii.
914 4594 942 4647 (l)
958 4592 1077 4646 Bona‚nbi
1092 4605 1166 4647 supra.

268 4668 289 4709 p.
308 4664 354 4701 cto·
371 4660 399 4713 (t)
409 4660 472 4703 Card.
489 4662 554 4703 Bona.
567 4660 582 4702 i.
595 4673 624 4702 xx.
642 4673 714 4702 rernm
728 4662 825 4715 liturgic.
838 4674 858 4705 c.
914 4662 943 4717 [5)
958 4663 979 4705 3.
994 4664 1100 4716 Thomas,
1114 4663 1145 4704 iii.
1160 4676 1182 4717 p.
1199 4662 1301 4716 qu.1m.
1319 4660 1479 4715 merlinesp.

270 4727 349 4779 πῶς
366 4728 380 4770 i.
397 4730 424 4784 (a)
441 4730 502 4785 Apud
517 4724 610 4773 Craticii.
622 4731 648 4773 de
661 4731 856 4775 eboracensen.
917 4733 945 4785 (o)
960 4732 1070 4774 scansili.
1519 4731 1523 4737 ’

274 4808 321 4851 cap.
336 4797 372 4839 xii.
918 4801 944 4854 (η
960 4801 1083 4855 lienipuint
1092 4802 1167 4845 Curat.
1180 4810 1198 4843 c.
1213 4812 1241 4845 rr.
1251 4800 1323 4855 quarti
1337 4805 1398 4841 tract.
1411 4809 1481 4850 uper.
