3792 5550
349 561 401 618 tte
571 558 685 616 TRACT.
705 555 771 610 lltli.
790 557 818 608 l).
838 557 870 610 tl.
889 553 932 608 DE
952 550 1062 605 lttssra
1077 547 1271 603 sscatrtclo.

351 682 520 747 eruntligata
530 678 597 734 etin
607 679 678 732 eoelo
690 692 697 728 ε
711 697 724 724 ι
735 675 745 710 ⁴
758 683 785 730 et
794 676 939 743 Apostolus
973 684 1073 736 magna
1083 670 1244 724 idiomatum
1254 663 1401 726 varietate,
1412 661 1440 715 id
1452 663 1566 716 tactum.

351 767 389 820 ait
401 782 407 818 :
419 786 432 814 a
445 766 489 818 sic
507 777 559 817 nos
577 761 712 816 existimet
725 762 809 814 horno
819 766 849 814 ut
861 759 940 812 mini·
975 758 1089 810 Constat
1101 766 1212 821 quoquc
1220 758 1330 806 soteres
1342 751 1451 816 linguas
1463 748 1571 814 ubique

352 859 425 906 sires
443 849 558 911 christi,
581 854 609 900 et
627 846 831 912 dispensatores
841 848 941 911 myste·
975 833 1571 904 retentasinSacroperagcnde,ctiamsiper

353 936 453 992 riorum
470 933 525 988 uei.
540 931 575 980 »ι’
590 935 661 998 Ergo
679 936 788 997 recepta
802 932 852 984 luae
870 931 898 983 in
911 942 940 982 re
974 925 1092 992 plurima
1104 924 1204 978 saecula
1215 921 1571 975 desieriutesseseruacu·

352 1020 494 1086 disciplina
512 1017 645 1072 servando
659 1021 718 1081 est,
732 1015 843 1069 nonnisi
855 1015 941 1082 ipsius
975 1011 1018 1064 lae.
1025 1015 1096 1078 Ergo
1102 1014 1314 1076 persuasumest
1322 1006 1454 1060 Ecclesiae
1465 1007 1572 1058 Praesu-

353 1104 483 1160 Ecclesiae
495 1097 658 1156 auctoritate
669 1099 849 1153 immutanda.
974 1097 1107 1162 tioosper
1132 1094 1286 1149 totsaecula
1313 1092 1387 1144 haud
1411 1089 1569 1156 expedirea

388 1191 446 1242 113ό
469 1189 606 1254 Praecipua
631 1185 700 1239 ratio
723 1199 772 1238 cur
794 1183 943 1237 obtinuerit
975 1195 1074 1236 norma
1087 1188 1189 1235 statuta
1199 1180 1338 1234 recedere.

353 1275 496 1342 disciplina
509 1273 604 1326 latino
611 1277 717 1326 tantum
730 1269 859 1323 idiomate
867 1274 942 1322 uten·
1009 1270 1067 1320 titt.
1081 1271 1145 1320 llaec
1165 1266 1310 1332 disciplina
1322 1264 1470 1331 preclaras
1487 1261 1572 1314 habet

354 1361 382 1414 di
397 1361 424 1413 in
438 1359 620 1426 patriarchatu
633 1353 943 1419 Romauo‚etubicum·
975 1354 1122 1415 utilitates;
1149 1354 1203 1407 trec
1222 1352 1296 1404 enirn
1315 1354 1397 1416 pacto
1420 1348 1572 1400 innotescit

357 1458 410 1512 que
420 1443 542 1512 gentium
559 1445 587 1494 S.
606 1441 684 1494 Sedis
707 1438 873 1493 missionarii
888 1439 944 1491 llo·
976 1438 1040 1492 tidei
1053 1444 1192 1497 uetustas,
1207 1441 1235 1490 et
1246 1433 1338 1490 coltu's
1353 1439 1483 1488 servatur
1499 1432 1572 1485 inte·

354 1529 428 1582 mani
438 1527 506 1582 ritus
524 1525 706 1590 inveniantur,
720 1525 780 1578 aliis
796 1537 862 1578 uero
875 1523 943 1576 locis
977 1537 1038 1591 ger,
1057 1523 1127 1577 adeo
1148 1528 1178 1574 ut
1196 1522 1294 1574 iisdem
1319 1527 1430 1572 utamm
1454 1517 1571 1571 vocibus

354 1609 599 1678 linguisveteriltus
612 1610 646 1662 alt
655 1609 767 1675 antiqua
778 1613 858 1661 aetate
867 1620 944 1660 usur·
979 1609 1080 1675 quibus
1090 1609 1209 1674 majores
1219 1606 1307 1660 nostri
1326 1617 1405 1658 suam
1417 1604 1515 1664 tidem,
1532 1602 1573 1653 in·

354 1697 440 1763 palis,
457 1695 539 1750 nobis
553 1694 735 1750 videturesse
753 1693 945 1748 utcertaioret
979 1700 1021 1748 ter
1042 1694 1235 1761 mysteriorum
1266 1691 1424 1753 solemnia,
1452 1685 1572 1754 proicssi

354 1794 562 1846 normamunus
574 1781 643 1834 adeo
654 1778 944 1846 sanctumperagendi;
979 1788 1059 1843 sunt,
1072 1785 1100 1832 ct
1109 1780 1253 1832 coluerunt
1272 1780 1367 1830 ileum
1383 1773 1503 1840 liturgia
1521 1773 1573 1824 uae

355 1867 438 1920 nimia
461 1865 534 1919 euim
547 1865 702 1932 linguarum
714 1865 845 1918 varietate
857 1870 945 1917 muta·
980 1864 1086 1918 ratione
1097 1863 1127 1916 iit
1136 1869 1344 1918 monumentum
1358 1856 1573 1925 antiquissimi,

355 1953 444 2008 tiones
460 1952 586 2019 plurimae
600 1951 688 2017 ipsam
708 1951 797 2004 cultus
818 1950 945 2004 suostan-
980 1957 1008 2005 et
1021 1951 1162 2004 uinculum
1175 1963 1283 2003 sacrum
1301 1960 1357 2014 ouo
1375 1945 1500 2000 omnium
1524 1956 1577 1996 sae·

356 2034 944 2092 tiamafficientosiaelleinducerentur.llaec
980 2038 1106 2092 culorum
1125 2035 1222 2089 iideles
1244 2035 1273 2086 in
1294 2035 1350 2087 lieo
1372 2031 1492 2085 colendo
1508 2042 1576 2082 coo·

356 2130 447 2178 autern
468 2123 627 2191 gravissima
651 2133 717 2174 sone
741 2125 784 2174 est
804 2132 945 2172 causacur
978 2124 1140 2189 junguntur.
1164 2119 1323 2174 venerando
1344 2118 1416 2170 adeo
1444 2113 1577 2181 mysteria

357 2207 502 2274 disciplina
516 2207 561 2259 illa
573 2206 730 2258 retineatur.
981 2214 1125 2260 serrantur
1142 2219 1158 2259 a
1175 2204 1330 2259 temeritate
1345 2202 1508 2262 hominurn,
1525 2200 1577 2266 qui

390 2296 448 2346 111.
470 2295 531 2359 lpsa
555 2293 706 2357 disciplinae
727 2296 847 2343 vetustas
866 2302 945 2355 argu·
981 2291 1006 2344 si
1028 2291 1130 2345 tollent
1150 2290 1298 2344 vernaculo
1330 2289 1467 2354 cujusque
1484 2285 1577 2352 gentis

356 2384 449 2431 mento
468 2382 511 2430 est
529 2390 588 2430 eam
608 2378 682 2443 gravi
697 2375 745 2428 niti
756 2375 945 2428 fundamento.
983 2388 1110 2429 sermone
1121 2375 1268 2442 liturgiam
1279 2373 1406 2436 reddere,
1416 2371 1499 2424 facile
1511 2382 1576 2436 pos·

357 2465 415 2518 lton
424 2468 532 2519 constat
550 2463 616 2516 alias
634 2463 741 2529 linguas
759 2469 857 2528 praeter
875 2462 947 2513 Grae-
982 2467 1043 2513 seut
1058 2473 1141 2514 uoces
1151 2460 1258 2526 ineptas
1275 2466 1302 2512 et
1316 2458 1449 2510 ridiculas
1461 2455 1576 2508 adnibe-

357 2562 418 2603 cam
437 2555 465 2602 et
485 2548 633 2602 Latinama
647 2547 804 2614 primordiis
819 2547 948 2600 Ecclesiae
981 2560 1023 2609 rc,
1037 2554 1065 2600 et
1086 2547 1123 2598 ita
1140 2559 1174 2599 ea
1194 2545 1314 2598 irrisioni
1336 2556 1484 2609 exponere.
1499 2540 1576 2593 Fidei

359 2635 386 2687 in
396 2636 479 2690 Sacro
489 2634 614 2688 faciendo
626 2633 762 2687 adhibitas
773 2670 781 2697 ,
794 2631 805 2666 ⁸
822 2631 947 2698 quamvis
981 2639 1074 2685 autem
1098 2633 1189 2684 unitas
1201 2632 1324 2694 levetur,
1338 2629 1470 2696 gentibus
1480 2626 1576 2694 pleris-

358 2721 453 2788 populi
463 2721 610 2788 plurimum
623 2721 692 2772 inter
712 2733 742 2772 se
755 2731 882 2772 sermone
893 2717 949 2771 dis·
981 2716 1200 2784 queeamdemiu
1207 2715 1335 2769 sacrificii
1344 2714 1488 2768 oblatione
1495 2726 1576 2766 usur·

358 2812 511 2872 creparent.
526 2808 602 2869 Quod
624 2808 646 2859 si
656 2806 770 2859 eruditis
783 2803 948 2871 quibusdam
982 2804 1111 2871 pantiltus
1122 2804 1260 2869 linguam,
1281 2801 1351 2854 adeo
1365 2806 1395 2852 ut
1412 2799 1511 2866 paucis
1522 2798 1574 2850 liu·

344 2890 425 2969 *viris
436 2891 564 2944 assentiri
589 2890 695 2957 placeat
712 2889 887 2955 opinantibus
899 2892 949 2956 Sy·
982 2890 1044 2956 guis
1071 2902 1170 2943 ornnes
1195 2902 1246 2955 per
1278 2888 1375 2941 orirem
1401 2886 1520 2949 fideles,
1543 2883 1575 2936 in

361 2974 435 3027 riaco
459 2987 570 3041 quoque
598 2974 727 3027 idiomate
752 2974 824 3039 apud
849 2977 947 3040 Syros,
981 2974 1121 3041 precipuo
1140 2973 1575 3041 praesertimactucultumuteu·

361 3060 513 3125 praesertim
532 3063 607 3112 extra
642 3058 743 3122 urbes,
776 3059 943 3113 celebratum
982 3050 1574 3124 teo,iaciliusiuunamlidemelcultutucon·

361 3158 423 3199 esse
440 3144 624 3207 sacrificium,
638 3144 798 3197 Armeniaca
811 3144 883 3211 apud
901 3147 950 3197 ltr-
980 3147 1101 3209 veniant,
1123 3147 1241 3213 posteris
1261 3145 1329 3197 illud
1352 3143 1467 3195 uoitatis
1474 3142 1574 3208 pignus

360 3242 472 3294 m0¹¹⁰⁵2
483 3229 656 3297 AEiillliassi).
675 3242 725 3283 ⁸0¹1
737 3230 865 3295 00111100,
876 3230 947 3297 apud
983 3237 1009 3287 el
1029 3219 1182 3285 srtbsidium
1199 3228 1349 3283 relicturi.⁸
1364 3229 1448 3294 lgitur
1462 3233 1491 3280 et
1502 3225 1576 3278 auti-

361 3316 499 3384 Aegyptios
521 3319 682 3384 plerosque,
703 3323 815 3383 excepta
835 3318 951 3371 Alexan·
983 3330 1045 3384 quae
1062 3316 1125 3369 tidci
1146 3319 1336 3381 argumentum
1362 3313 1474 3379 insigne
1493 3310 1576 3364 nobis

360 3402 419 3455 dria
430 3402 581 3457 etinieriori
593 3402 698 3469 AEgyptl
708 3402 856 3469 provincia,
865 3402 949 3455 1111111-
983 3403 1173 3469 suppeditator
1195 3402 1247 3454 lrac
1270 3398 1435 3465 disciplina,
1454 3405 1482 3450 et
1496 3409 1578 3449 reue-

361 3487 441 3552 opieo
462 3490 534 3554 apud
547 3490 687 3553 AEtlriopes
698 3488 730 3549 ι·
743 3488 769 3540 id
784 3489 880 3541 saltem
903 3502 949 3541 ex·
982 3488 1272 3555 renttaemystcriorum
1281 3482 1579 3548 consulitor‚etuoitas

361 3572 494 3635 ploratum
506 3580 548 3627 est
559 3574 653 3639 paucis
665 3573 886 3639 tantumlinguis‚
899 3586 948 3639 pro
982 3574 1048 3627 iidei
1074 3582 1102 3627 et
1119 3574 1209 3626 cultus
1229 3571 1335 3626 levetur
1353 3585 1360 3621 ε
1381 3583 1445 3636 quse
1463 3568 1577 3635 quidem

389 3832 416 3885 (ι)
427 3832 597 3886 11ιιι.ιιίὶἰ.,ιιι.
612 3834 640 3885 lt)
649 3834 666 3875 1.
676 3834 726 3875 Cor.
736 3832 764 3875 is.
775 3836 793 3875 l.
982 3833 1005 3874 in
1022 3832 1077 3885 ipsis
1094 3837 1139 3873 ιιιιι
1160 3844 1218 3886 sepe
1225 3838 1343 3873 occurrunt
1352 3844 1417 3874 voees
1423 3833 1577 3883 Gratamque

387 3906 418 3957 (tl
431 3902 505 3944 nerito
520 3904 627 3947 deseritur
644 3904 749 3945 sententia
765 3915 840 3945 eorum
853 3903 891 3956 qui
910 3905 949 3945 lle-
981 3914 1057 3944 earum
1073 3902 1180 3955 originem
1197 3908 1231 3943 sat
1249 3902 1395 3942 manilestaot.
1406 3915 1418 3940 s
1428 3902 1462 3943 De
1478 3902 1579 3953 animuin

363 3973 435 4015 braice
449 3974 579 4015 celebratum
599 3986 647 4015 esse
663 3974 781 4027 putabant:
793 3986 841 4014 nam
856 3973 949 4015 desierat
983 3974 1088 4026 liturgiis
1095 3979 1166 4027 pito.
1181 3973 1285 4024 liquidem
1299 3973 1386 4013 nonnisi
1396 3973 1470 4014 Graeee
1485 3972 1577 4023 scripse

363 4042 423 4084 illius
440 4042 519 4094 linguae
535 4044 592 4096 apud
607 4044 692 4085 tudoos
708 4044 730 4083 iu
740 4042 840 4084 familiari
849 4055 948 4084 sermone
983 4047 1033 4083 runt
1042 4041 1090 4081 nori
1100 4041 1349 4093 tmtsmentieuctores,
1366 4040 1385 4081 si
1404 4043 1529 4081 lieltheum
1542 4052 1578 4080 ea-

362 4123 431 4153 usust
444 4124 481 4153 nec
490 4114 613 4154 verosimile
620 4118 653 4153 est
662 4113 773 4165 Apostolos
784 4112 901 4165 Litargiam
911 4112 954 4153 lin·
984 4110 1082 4164 ceperis,
1098 4110 1156 4162 quod
1171 4108 1264 4150 ostendit
1278 4110 1377 4151 Graecum
1386 4122 1510 4151 ςσηιιοιιιιιιι
1519 4109 1580 4162 apud

363 4192 406 4231 gua
424 4183 520 4223 obsoleta
537 4183 788 4236 concinnasse.lnsuper
797 4185 881 4225 nullum
890 4191 958 4226 vestu·
985 4182 1101 4235 pleresque
1114 4180 1207 4223 Orientis
1216 4180 1309 4232 populos
1318 4191 1344 4221 ea
1359 4186 1423 4221 etate
1431 4181 1487 4223 satis
1495 4179 1581 4233 pessm-

363 4248 423 4299 giom
433 4251 653 4304 iiturgiuslletnaiee
661 4257 767 4305 superest.
988 4256 1075 4302 gotum.

387 4317 414 4369 li]
425 4319 456 4360 lta
467 4320 537 4361 risum
546 4327 579 4361 est
588 4321 721 4362 llenatrdotio
730 4350 737 4373 ,
745 4321 833 4363 Dissert.
847 4322 873 4363 de
882 4322 952 4363 Lilur-
1010 4319 1036 4371 (5l
1045 4334 1056 4357 ι
1066 4318 1141 4369 Quelle
1150 4318 1197 4359 idea
1205 4318 1299 4359 sublime
1312 4330 1355 4370 que
1364 4319 1419 4359 celle
1427 4319 1494 4359 d'une
1501 4317 1582 4368 langue

364 4385 449 4436 giorum
458 4389 594 4430 orientalium
603 4389 687 4441 origine
705 4402 725 4431 c.
739 4390 765 4432 ui.
775 4403 797 4443 p.
811 4390 865 4432 xliii.
874 4391 908 4431 cui
918 4404 952 4433 as·
984 4387 1177 4441 universeliepour
1195 4388 1282 4441 l'liglise
1300 4388 1447 4429 universellet
1466 4390 1522 4429 ll'an
1530 4388 1583 4439 pole

363 4453 455 4496 sentitur
463 4456 555 4497 i‘errone
565 4460 635 4499 riser.
643 4458 670 4499 de
682 4460 749 4499 Euch.
769 4471 816 4511 par.
829 4466 884 4512 post.
894 4472 912 4501 c.
922 4460 949 4503 is.
984 4458 1099 4508 il’autrs,
1107 4457 1127 4497 le
1136 4456 1265 4508 darnoltqua
1274 4456 1313 4508 qui
1320 4462 1382 4497 entre
1390 4458 1447 4498 dans
1454 4469 1498 4497 oue
1511 4455 1584 4507 eglise

364 4534 385 4562 n.
396 4528 439 4563 ssa.
449 4529 494 4564 not.
502 4526 567 4567 Nobis
577 4526 646 4579 magis
663 4528 767 4580 probatur
784 4528 892 4569 lienltarti
902 4540 951 4570 sen-
984 4528 1011 4569 de
1023 4538 1063 4567 son
1073 4528 1115 4578 rit,
1131 4531 1164 4567 est
1179 4528 1230 4567 class
1246 4526 1290 4578 lui,
1303 4532 1325 4566 et
1336 4527 1382 4567 rien
1392 4529 1449 4569 n'est
1458 4527 1584 4579 atnuger'a

364 4591 466 4643 lentim
482 4594 564 4647 primas
578 4596 670 4638 Orientis
680 4596 789 4649 liturgias
804 4592 953 4641 Grece'tulsse
982 4597 1143 4649 serpeus-ll
1152 4596 1313 4648 peuts'ecrier:

364 4666 474 4712 exaratas,
489 4663 601 4714 exquibus
616 4664 692 4706 deinde
701 4670 768 4707 enare
783 4672 834 4709 sunt
849 4667 949 4720 Liturgiss
1005 4668 1175 4707 llorneasttoute
1184 4661 1210 4706 eu
1227 4671 1276 4707 tous
1291 4664 1413 4717 lieux,elle
1426 4671 1461 4706 est
1474 4670 1533 4706 toute
1547 4666 1582 4706 on

366 4729 468 4781 Syriaca,
478 4732 565 4785 Coptica
575 4762 582 4783 ‚
597 4733 713 4786 AEtiriopice
724 4760 730 4782 ,
741 4739 761 4775 et
771 4735 859 4797 Arabica
870 4763 877 4789 ‚
889 4737 946 4779 unde
979 4736 1004 4789 je
1012 4735 1087 4787 suis‚a
1098 4736 1234 4788 ueitaistre,
1244 4736 1279 4776 Da
1290 4736 1361 4788 Pcpe,
1372 4741 1387 4777 t.
1399 4736 1498 4777 i.els.n.
