3792 5550
395 566 446 618 286
752 560 867 611 TRACT.
885 551 937 609 XV,
956 558 998 608 uE
1017 555 1248 608 inedicibilis.

397 681 583 734 obtinuerunt.
614 680 667 731 Eos
692 675 773 728 etiam
797 673 915 741 graviter
940 672 985 724 in·
1051 671 1093 723 25.
1113 670 1171 736 obj.
1189 672 1215 722 5.
1235 668 1486 736 indulgentiarum,
1514 670 1604 735 quales

396 768 503 832 crepuit
523 765 671 832 Cyprianus
684 762 720 816 ob
738 774 860 816 eversam
883 761 934 813 bac
946 772 987 811 ra·
1019 756 1047 808 iu
1067 755 1152 810 veteri
1171 756 1293 809 Ecclesia
1311 755 1532 820 usurpabautur,
1543 769 1605 808 usus

396 853 471 905 tione
487 851 677 916 disciplinam,
693 848 748 901 imo
761 847 808 900 bei
827 846 915 913 legem
927 844 986 898 vio·
1019 843 1170 903 nullusest,
1180 841 1311 907 abrogata
1316 841 1484 905 poenitentia
1494 843 1605 907 publicai

396 937 487 989 latam.
650 917 654 926 ¹
1019 927 1163 994 disciplina
1181 940 1434 993 :supervacaneum
1455 928 1557 994 quippe
1568 935 1606 980 est

428 1021 470 1072 20.
488 1020 568 1084 licen.
590 1021 686 1071 Pacem
711 1023 740 1071 et
760 1016 984 1071 communionem
1019 1016 1140 1067 relaxare
1156 1015 1230 1080 leges
1246 1025 1308 1080 quae
1326 1026 1342 1065 a
1362 1012 1473 1067 saeculis
1486 1015 1605 1079 pluribus

396 1103 524 1156 Ecclesiae
535 1117 596 1156 cum
615 1103 744 1156 omnibus
757 1116 819 1170 quae
837 1102 986 1156 amiserant
1019 1100 1091 1152 baud
1104 1100 1205 1166 vigent.

395 1188 547 1243 deiectione
557 1190 618 1254 iura
638 1194 772 1255 martyres
794 1188 878 1254 lapsis
898 1187 985 1253 impe·
1052 1187 1094 1238 at.
1113 1187 1191 1250 lierp.
1212 1183 1445 1250 indulgentiarum
1468 1195 1536 1234 usus
1555 1195 1604 1236 non

341 1316 344 1320 -
394 1275 512 1328 trabant.
534 1274 645 1338 Quoties
665 1276 739 1337 baec,
765 1275 837 1340 justa
869 1278 985 1339 urgente
1019 1272 1087 1336 fuit,
1104 1271 1144 1324 uti
1164 1270 1353 1332 ostendimus,
1379 1281 1456 1320 mera
1479 1268 1605 1322 relaxatio

395 1373 476 1413 causa
487 1399 494 1423 ,
507 1360 644 1412 dabantur
655 1359 784 1412 Praesulis
801 1358 984 1422 auctoritate,
1019 1369 1172 1419 canonum,
1186 1355 1233 1408 sed
1248 1355 1372 1408 remissio
1387 1354 1488 1406 Christi
1501 1353 1605 1407 nomine

393 1458 426 1498 ea
442 1446 552 1512 agnovit
575 1445 725 1512 cyprianus
741 1444 816 1510 apud
836 1447 921 1496 Deum
938 1457 984 1497 va·
1019 1441 1088 1494 iacta
1101 1453 1189 1508 poenae
1201 1441 1375 1508 temporalis,
1393 1440 1524 1505 adquam
1537 1441 1606 1492 luen-

394 1532 471 1584 lere:
492 1530 564 1595 «qui
579 1530 687 1582 libellos
700 1543 715 1582 a
729 1530 894 1596 martyribus
906 1543 984 1583 ucce-
1018 1529 1080 1581 dam
1100 1541 1183 1594 opera
1202 1527 1372 1595 poenitentiae
1391 1539 1406 1579 a
1425 1528 1515 1579 sacris
1530 1539 1605 1579 cauo·

393 1622 511 1682 pexunt,
533 1620 561 1668 et
589 1616 769 1682 praerogativa
794 1629 891 1669 eorum
911 1615 984 1681 apud
1018 1614 1100 1666 nibus
1125 1613 1284 1678 praescripta
1307 1617 1380 1664 sunt.
1407 1612 1512 1664 Eadem
1538 1614 1606 1678 viget

393 1704 479 1755 licum
498 1702 620 1769 adjuvari
630 1708 764 1769 possunt,
774 1701 798 1756 si
808 1702 984 1756 incommodo
1018 1711 1091 1752 nune
1103 1697 1188 1761 ratio,
1199 1711 1284 1763 quum
1298 1696 1389 1750 divina
1405 1696 1514 1762 justitia
1530 1697 1605 1749 nullis

389 1787 484 1853 aliquo
497 1793 525 1841 cl
540 1787 705 1841 infirmitatis
723 1788 847 1854 periculo
859 1790 984 1855 occupati
1018 1788 1172 1849 temporum
1188 1782 1294 1836 vicibus
1314 1782 1444 1834 varietur.
1465 1782 1508 1834 Nil
1532 1770 1616 1849 igitur=

318 1929 322 1935 Ι
392 1874 502 1938 luerint,
512 1888 568 1928 non
579 1881 719 1942 expectate
731 1875 876 1942 praesentia
889 1880 984 1928 nostra
1018 1868 1130 1921 interest
1146 1869 1222 1934 leges
1240 1867 1443 1920 ecclesiasticas
1467 1867 1604 1934 abrogatas

335 1946 338 1950 ⁴
391 1960 465 2025 apud
484 1962 673 2028 presbyterum
694 1975 895 2028 quemcumque
917 1973 984 2026 prae·
1018 1952 1065 2005 diu
1082 1953 1180 2016 fuisse,
1199 1966 1285 2018 quum
1300 1951 1472 2018 indulgentia
1493 1953 1604 2005 remittat

392 2051 499 2098 sentem
527 2085 534 2098 .
566 2085 572 2098 .
602 2085 608 2098 .
639 2046 873 2110 .exomologesin
894 2045 984 2098 iacere
1018 2051 1127 2105 poenam
1143 2037 1263 2104 peccatis
1278 2035 1410 2088 debitam.

390 2130 483 2184 delicti
501 2132 544 2183 sui
556 2132 679 2197 possint;
692 2138 722 2184 ut
733 2144 814 2184 manu
828 2131 868 2184 eis
887 2130 915 2182 in
927 2143 983 2196 poe·
1050 2125 1092 2179 25.
1106 2124 1164 2188 obj.
1173 2127 1199 2176 li.
1209 2123 1442 2189 indulgentiarum
1452 2122 1528 2188 origo
1538 2136 1553 2174 a
1565 2134 1603 2174 sa·

391 2215 534 2267 nitentium
555 2215 683 2280 imposita
705 2216 816 2268 veniant
836 2215 870 2266 ad
891 2214 982 2266 borni·
1018 2211 1204 2265 tisiaciiouum
1220 2209 1390 2262 severiorum
1406 2221 1468 2274 quae
1481 2208 1603 2273 olimpne

390 2313 457 2350 num
480 2313 543 2352 cum
568 2313 655 2364 pace,
674 2313 756 2365 quarn
772 2299 831 2351 duri
848 2305 983 2365 martyres
1017 2297 1167 2350 nitentibus
1199 2294 1414 2361 iniungebantur
1443 2294 1602 2347 relaxatione

390 2384 488 2437 litteris
500 2385 534 2436 ad
547 2397 599 2438 nos
612 2384 689 2437 lactis
701 2384 935 2438 desideraverunt.
949 2384 982 2432 »ί
1016 2383 1135 2449 petenda
1150 2386 1192 2434 est
1207 2398 1212 2432 :
1234 2399 1250 2429 n
1263 2379 1414 2444 immissio,
1433 2392 1495 2445 quae
1510 2379 1600 2432 talibus

390 2471 442 2521 Pax
463 2469 546 2535 igitur
568 2471 648 2536 plena
674 2477 732 2522 erat
751 2471 850 2534 venia,
871 2470 983 2535 quando
1017 2468 1118 2531 tiebat,
1137 2465 1307 2532 indulgentia
1325 2465 1485 2517 vocabatur.
1501 2464 1549 2517 Ubi
1561 2477 1601 2516 au·

292 2552 294 2554 ’
390 2554 507 2608 dabatur
525 2569 589 2609 vere
608 2555 766 2622 poenitenti,
780 2560 807 2607 et
819 2567 926 2622 aequam
946 2556 982 2610 ob
1018 2561 1072 2609 tem
1089 2553 1289 2606 satisfactiones
1307 2552 1341 2604 ad
1354 2554 1440 2603 ileum
1462 2550 1601 2630 transtule-

388 2654 512 2694 causam.
551 2643 684 2694 Gaetcrum
712 2641 807 2695 leviter
830 2646 857 2694 ct
879 2645 983 2695 temere
1017 2645 1090 2704 runt,
1102 2653 1134 2692 ac
1144 2637 1384 2704 compensatiouos
1395 2650 1458 2689 esse
1467 2637 1599 2698 dixerunt,

388 2726 482 2780 oblata
504 2726 656 2794 disciplina>
684 2732 711 2779 et
731 2727 870 2794 Evangelii
895 2726 982 2795 vigori
1017 2727 1117 2793 quibus
1133 2739 1163 2779 se
1178 2723 1463 2789 redimautliomines
1480 2736 1496 2776 a
1507 2723 1599 2790 jndicio

389 2813 602 2874 adversabatur3
622 2820 790 2879 quapropter
803 2813 901 2867 merito
913 2828 983 2879 que·
1017 2813 1078 2876 liei,
1097 2812 1178 2865 simul
1194 2810 1277 2864 etiarn
1295 2808 1482 2877 indulgentias
1505 2823 1537 2863 eo
1554 2814 1599 2861 tra·

389 2902 449 2950 stus
462 2901 504 2949 est
522 2896 672 2962 cyprianus
688 2897 723 2949 de
736 2896 819 2957 nimia
831 2905 981 2964 martyrum
1016 2902 1126 2960 xerunt,
1146 2901 1175 2949 ut
1192 2901 1286 2950 essent
1305 2896 1456 2961 expiatoria
1475 2894 1598 2955 remedia,

387 2982 570 3048 quorumdam
585 2983 611 3033 in
626 2982 798 3048 porrigendis
807 2983 935 3049 precibus
946 2986 980 3037 ad
1016 2995 1078 3048 quae
1094 2995 1145 3035 nos
1165 2982 1255 3048 poenis
1274 2981 1379 3034 meritis
1401 2981 1529 3035 liberant.
1543 2982 1598 3031 »lta

356 3113 363 3127 ,
388 3080 450 3120 cam
463 3066 663 3133 impetrandam
677 3067 814 3120 facilitate.
994 3063 997 3069 ’
1016 3068 1177 3122 Calvinus.¹
1440 3098 1447 3107 -

421 3153 463 3206 21.
484 3151 544 3219 obj.
563 3154 589 3203 l.
610 3151 736 3218 Episcopi
758 3166 895 3206 canonum
914 3154 994 3208 reia-¹
1047 3155 1089 3207 26.
1108 3156 1187 3220 liesp.
1206 3156 1318 3207 Constat
1336 3167 1369 3205 ex
1390 3153 1536 3219 Cypriani,
1554 3152 1598 3203 llu-

388 3246 486 3293 xantes
495 3240 679 3300 severitatem,
691 3238 759 3291 nibil
770 3240 804 3291 de
815 3240 860 3292 liei
871 3239 981 3306 juribus
1015 3239 1133 3308 gustini,
1144 3247 1170 3292 et
1185 3245 1348 3292 caeterorum
1362 3241 1471 3290 l‘atrum
1489 3236 1600 3289 testimo·

387 3326 416 3379 in
439 3333 597 3393 peccatores
620 3326 804 3389 remiserunt;
833 3327 882 3379 sed
911 3328 982 3380 ebri-
1014 3323 1347 3377 niissatisiactionesillas
1357 3323 1391 3375 ad
1401 3327 1485 3376 beum
1500 3334 1600 3387 semper

386 3410 468 3463 stiaui
495 3412 614 3465 bominis
641 3412 781 3479 privilegia
802 3412 982 3465 restituerunt
1015 3410 1110 3464 referri
1133 3409 1332 3483 consuevisse,
1354 3421 1417 3474 quae
1440 3408 1542 3461 ideirco
1568 3405 1600 3458 vi·

387 3496 540 3562 poenitenti,
550 3496 659 3549 indiciis
668 3495 774 3549 eximiis
786 3496 979 3551 dolorisdatis.
1014 3495 1107 3563 guisse
1116 3500 1266 3547 noscuntur
1279 3493 1439 3546 Tertulliani
1451 3498 1548 3556 aetate,
1558 3505 1599 3544 an·

420 3582 462 3631 22.
481 3576 559 3645 bete.
571 3582 658 3642 Quum
670 3586 778 3633 constet
791 3594 823 3632 ex
835 3581 912 3633 libris
923 3594 981 3647 poe·
1013 3587 1123 3646 tequam
1132 3580 1302 3647 poenitentiae
1314 3578 1442 3632 exercitia
1453 3578 1599 3631 canonibus

387 3665 574 3717 nitentialibus
600 3670 628 3717 et
655 3678 689 3716 ex
717 3667 825 3716 Patrum
851 3666 979 3733 scriptis,
1013 3666 1125 3718 delinita
1141 3666 1252 3717 fuerint.
1274 3664 1505 3729 antiquissimum
1526 3664 1599 3729 igitur

387 3762 484 3816 poenas
499 3762 515 3803 a
533 3750 685 3802 canonibus
707 3750 881 3815 praescriptas
899 3752 980 3805 salis·
1013 3763 1118 3804 morem
1143 3763 1205 3803 esse
1230 3748 1415 3816 indulgentias
1437 3746 1598 3803 concedendi

386 3833 513 3887 factionis
521 3837 576 3886 lieo
585 3834 823 3887 oblataebabuissc
832 3836 978 3901 rationem,
1014 3835 1091 3889 lateri
1103 3836 1186 3889 debet
1196 3835 1338 3897 Calvinus,
1354 3836 1402 3899 qui
1415 3847 1464 3887 eas
1473 3848 1533 3887 cum
1546 3845 1599 3899 pce·

383 3932 522 3975 canonum
541 3921 592 3973 bac
608 3934 641 3973 ox
656 3925 733 3986 parte
746 3921 876 3975 relaxatio
888 3936 981 3987 poena-
1014 3921 1134 3975 nitentiae
1150 3921 1294 3988 disciplina
1310 3933 1450 3974 connexas
1471 3919 1596 3987 agnoscit.

384 4020 446 4059 rum
459 4005 578 4073 peccatis
596 4006 751 4059 debitarum
772 4006 898 4061 remissio
912 4021 976 4061 cen·
1010 4010 1063 4061 Eas
1084 4020 1150 4062 vero
1174 4008 1276 4060 babere
1297 4006 1353 4061 vim
1382 4007 1531 4073 quamdam
1557 4017 1598 4056 ex·

385 4093 472 4147 seuda
496 4098 548 4145 cst.
570 4082 786 4157 Pinniteutibus,
809 4093 855 4159 qui
878 4095 976 4159 majori
1010 4090 1338 4158 piandi,satisiaelionum
1348 4106 1434 4158 quum
1443 4093 1534 4144 locum
1543 4102 1598 4154 sup

384 4180 490 4234 doloris
507 4180 533 4234 vi
553 4180 720 4246 plangebant
740 4179 877 4242 admissa,
896 4181 976 4233 venia
1009 4176 1306 4243 pleant,mauiiestum
1319 4181 1371 4229 est.

384 4266 483 4318 merito
507 4264 622 4317 dabutur
636 4264 759 4326 facilius,
775 4269 869 4331 utpote
889 4266 977 4333 magis
1043 4262 1085 4313 27.
1107 4260 1168 4327 obj.
1184 4264 1209 4313 7.
1230 4260 1411 4327 indulgentiae
1427 4260 1493 4313 olim
1509 4259 1598 4313 extite-

384 4349 492 4402 idoneis
501 4348 852 4415 eisuscipiendae:quorum
861 4358 977 4404 conatus
1011 4354 1074 4401 runt
1083 4349 1204 4412 venales,
1214 4347 1288 4400 unde
1296 4349 1373 4401 locus
1383 4351 1426 4399 est
1438 4343 1596 4413 coniieiendi

383 4437 679 4503 potestatisacnristo
690 4438 761 4491 datae
778 4438 907 4492 exercitio
928 4440 976 4492 uil-
1010 4452 1057 4493 eas
1081 4452 1114 4492 ex
1140 4440 1211 4507 turpi
1240 4439 1309 4493 lucri
1333 4437 1465 4504 cupidine
1495 4435 1598 4501 excogi-

380 4525 477 4591 juvare
488 4522 644 4586 praestabat.
1009 4530 1088 4578 tatas.

409 4762 436 4817 (t)
446 4764 484 4815 Ep.
490 4762 536 4801 xiii.
545 4761 572 4802 ad
580 4761 717 4815 presbyteros
729 4768 750 4802 et
759 4763 860 4807 diaconos
868 4765 972 4820 Cartbag.
1034 4768 1062 4821 (a)
1072 4767 1124 4808 lnst.
1134 4766 1149 4805 l.
1158 4765 1190 4806 iii.
1200 4777 1219 4806 e.
1228 4777 1246 4809 v.
1259 4777 1281 4806 n.
1291 4771 1310 4807 t.
