3792 5550
569 520 637 573 cte.
656 519 676 570 1.
694 520 736 571 DE
754 518 839 580 sont
855 518 897 567 tn
914 518 1098 573 ssettsndrd
1115 494 1321 573 necesstiate.
1512 526 1544 579 ta

339 639 481 699 comparat
493 648 500 684 ε
514 652 525 679 e
538 636 638 687 Omnes
654 636 726 687 enim
740 633 788 684 titii
800 632 846 684 [tet
858 630 924 683 estis
958 636 1036 689 zandi
1049 648 1146 702 aquam
1159 636 1289 699 includit,
1300 636 1394 689 nisiex
1407 636 1542 705 adjunctis

338 732 389 785 per
408 718 512 782 tidem,
533 732 595 785 cuae
612 725 655 771 est
675 718 703 770 in
725 717 832 770 Christo
850 719 923 769 lesu.
959 721 993 773 ad
1004 721 1086 773 alium
1097 720 1402 775 sensumtransteratur.
1414 724 1545 789 Equidem

334 804 504 869 Quicumque
524 804 646 856 enimin
667 802 774 855 christo
797 800 924 866 baptizati
960 807 1019 859 soto
1040 806 1155 871 Spiritus
1169 806 1332 871 Baptismate
1346 804 1373 858 in
1389 820 1473 859 uuum
1487 821 1546 861 cor·

335 893 421 954 estiS,
440 890 576 943 Christum
595 889 734 941 induistis.
752 891 810 939 Non
823 892 865 939 est
878 887 926 937 lu·
959 906 1011 959 pus
1040 893 1193 945 coalescere
1216 904 1272 945 non
1298 884 1464 957 possemus,
1494 908 1545 949 nec

333 978 427 1041 dacus,
441 988 530 1042 neque
541 977 651 1028 Graeeus
662 988 670 1025 t
683 987 740 1028 non
754 979 796 1027 est
810 986 924 1035 sertus,
960 978 1032 1030 enim
1046 978 1107 1043 quis
1116 978 1191 1031 novit
1205 991 1234 1031 sc
1247 978 1365 1032 aliumve
1380 978 1482 1045 Spiritu
1495 980 1546 1033 ba·

335 1076 425 1129 nequo
443 1063 512 1114 liber
525 1076 532 1121 3
545 1074 602 1114 non
614 1065 655 1113 est
666 1060 805 1113 masculus
815 1097 823 1123 ,
834 1070 925 1123 neque
959 1063 1087 1128 ptizatum
1103 1078 1109 1113 :
1123 1063 1171 1115 sed
1185 1063 1343 1125 ablutione,
1355 1076 1472 1129 quaeres
1486 1078 1546 1119 sen·

335 1148 445 1201 femina.
460 1149 562 1199 Omnes
573 1146 647 1199 onim
659 1158 708 1198 vos
721 1158 806 1197 unum
819 1143 887 1195 estis
897 1142 926 1193 in
959 1147 1035 1199 sibus
1045 1147 1187 1213 subjacet,
1206 1147 1363 1211 initiamur,
1376 1155 1403 1201 et
1416 1150 1544 1203 Ecclesiae

337 1234 445 1287 Christo
457 1234 535 1286 iesu.
547 1252 559 1278 r
572 1232 580 1265 ¹
592 1234 692 1283 Omnes
704 1230 787 1297 igitur
795 1227 925 1295 baptizati
959 1233 1168 1299 conjungimur,
1179 1233 1218 1285 uti
1228 1234 1341 1298 contigit
1353 1234 1440 1287 tribus
1457 1236 1545 1288 homi-

337 1328 402 1374 Sunt
411 1320 439 1372 in
451 1318 568 1376 Christo,
582 1323 609 1371 ei
618 1317 755 1369 Christum
765 1316 924 1376 induerunt,
959 1332 1024 1371 num
1036 1319 1172 1383 millibus,
1185 1319 1231 1385 qui
1244 1356 1252 1382 ‚
1271 1322 1351 1373 Petro
1364 1320 1545 1374 concionante

336 1406 400 1459 facti
419 1418 504 1457 unum
522 1404 550 1454 in
568 1403 647 1468 ipso,
660 1401 758 1454 adsciti
776 1401 881 1454 scilicet
895 1401 924 1451 iu
959 1408 986 1457 et
1000 1406 1140 1469 hortante,
1156 1404 1322 1470 Baptismum
1342 1411 1543 1471 susceperunt:

337 1490 384 1543 liei
407 1489 487 1542 titios.
510 1488 538 1539 id
560 1487 709 1540 dicendum
737 1486 771 1537 de
796 1483 924 1537 omnibus
961 1490 1109 1555 «Qniergo
1122 1494 1285 1555 receperunt
1301 1502 1456 1543 sermonem
1469 1492 1543 1557 ejus,

336 1588 408 1641 aqua
423 1572 553 1638 Baptismi
569 1571 707 1631 lustratis;
727 1571 791 1622 litet
816 1568 925 1622 contin·
956 1574 1082 1638 baptizati
1097 1579 1161 1627 snut
1173 1589 1181 1625 z
1193 1580 1220 1628 et
1237 1574 1368 1640 appositae
1384 1576 1486 1627 suntin
1499 1574 1544 1629 die

335 1672 401 1727 gere
413 1658 501 1723 possit
513 1656 663 1722 quosdam,
673 1655 716 1708 sni
728 1656 824 1720 culpa,
837 1653 923 1719 gratia
957 1657 1003 1709 illa
1013 1658 1110 1711 animae
1119 1658 1227 1711 circiter
1239 1658 1289 1711 tria
1302 1660 1397 1712 miliia.
1409 1678 1421 1705 a
1433 1660 1444 1693 θ

335 1756 398 1810 qnae
411 1742 553 1808 adoptioni
572 1741 726 1794 adnectitur
743 1752 847 1794 cerer-c.
864 1741 924 1791 Non
991 1744 1032 1794 75.
1046 1742 1105 1806 otj.
1122 1744 1163 1793 ii.
1181 1744 1276 1796 Petrus
1295 1744 1353 1809 ipsc
1371 1746 1485 1799 ioannis
1498 1746 1543 1799 bn·

333 1830 431 1883 statuit
442 1827 593 1893 Apostolus
609 1826 679 1878 duas
697 1824 781 1878 veluti
799 1825 923 1885 classes,
958 1826 1056 1891 ptisma
1075 1840 1090 1879 a
1114 1827 1211 1879 Christi
1234 1828 1400 1893 Baptismate
1424 1830 1543 1883 discerni

334 1914 385 1967 sed
397 1912 541 1965 universos
552 1909 710 1975 alloquitur,
721 1920 825 1974 eosque
837 1921 852 1960 a
864 1908 925 1973 lege
958 1911 1040 1965 docet
1052 1947 1060 1974 ,
1074 1923 1107 1965 eo
1120 1911 1194 1976 quod
1207 1924 1305 1976 aquarn
1322 1913 1367 1965 ilie
1386 1914 1542 1973 adhiberet.

332 1999 444 2067 judaica
455 1997 558 2050 liberos
575 1996 689 2061 probat,
707 2007 739 2046 ex
757 2006 790 2046 eo
805 1993 879 2059 quod
895 1994 923 2043 in
958 1996 1002 2048 hic
1023 1995 1121 2061 Spiritu
1145 2000 1240 2049 sancto
1265 1996 1434 2061 baptizaret,
1459 1998 1543 2065 gretia

333 2084 409 2137 filios
432 2081 495 2142 liei,
520 2079 619 2133 christi
644 2078 801 2144 Baptismo,
825 2077 922 2131 adsciti
956 2080 1060 2145 absque
1069 2081 1125 2133 ullo
1136 2080 1244 2132 lavandi
1254 2080 1306 2133 ritu
1317 2082 1425 2135 tributa.
1438 2085 1543 2137 Decor·

335 2170 399 2221 sint.
417 2168 457 2219 Ad
470 2168 609 2219 Romanos
628 2170 719 2218 autern
731 2164 871 2225 scribens,
889 2178 922 2216 ex
956 2166 1027 2219 nclic
1046 2170 1073 2219 et
1089 2166 1146 2218 suis
1159 2171 1269 2219 narret:
1285 2186 1297 2213 «
1311 2167 1413 2221 Cecidit
1426 2170 1543 2235 Spiritus

336 2255 476 2319 Baptismo
501 2258 630 2317 suscepto
652 2250 773 2305 ostendit
797 2255 923 2316 oportere
956 2258 1067 2305 sanctus
1079 2265 1161 2317 super
1178 2264 1244 2315 cos,
1259 2252 1328 2305 sicut
1343 2258 1369 2306 et
1392 2254 1420 2305 in
1440 2267 1491 2309 nos
1515 2257 1541 2308 in

334 2345 476 2406 peceatum
487 2351 601 2405 prorsus
610 2336 739 2403 effugere,
750 2351 834 2403 cunm
847 2336 922 2388 cirri·
955 2336 1042 2389 initio.
1052 2337 1222 2390 Recordatus
1234 2350 1294 2389 sum
1305 2344 1394 2390 autern
1408 2340 1484 2393 verbi
1495 2342 1543 2394 tio·

335 2425 371 2479 sti
389 2424 485 2478 mortis
504 2428 532 2476 ct
546 2424 693 2488 sepulture
712 2421 869 2487 Baptismus
886 2420 922 2472 sit
955 2422 1037 2485 mini,
1052 2422 1122 2475 sicut
1132 2407 1260 2493 dicebat}
1273 2441 1285 2467 <r
1297 2424 1417 2475 ioannes
1431 2424 1541 2488 quidem

334 2511 426 2577 imago
452 2525 459 2559 :
484 2512 650 2575 quapropter
676 2508 828 2572 baptizatos
858 2519 920 2559 eum
956 2527 968 2555 »
987 2506 1133 2572 baptizavit
1145 2520 1233 2571 aqua,
1251 2518 1300 2559 vos
1318 2511 1409 2559 antem
1421 2507 1539 2573 baptiza·

334 2597 442 2649 christo
454 2608 597 2662 resurgere
615 2600 724 2660 oportet
736 2634 742 2657 ,
753 2606 852 2647 novam
865 2605 922 2645 eoe·
957 2612 968 2639 u
991 2591 1088 2644 cimini
1100 2592 1202 2656 Spiritu
1213 2596 1317 2643 sancto.
1331 2611 1343 2637 »
1355 2591 1366 2623 ⁴

335 2683 486 2755 testemque
501 2682 585 2736 ritem
603 2680 739 2733 ducendo.
759 2681 859 2731 Omnes
873 2678 922 2729 ba-
989 2680 1030 2730 76.
1044 2678 1122 2741 Reup.
1136 2679 1232 2729 Petrus
1250 2674 1376 2741 quidem,
1390 2674 1457 2729 visis
1468 2676 1542 2729 indi·

334 2766 426 2833 ptizati
443 2772 516 2820 recte
533 2766 663 2820 dicuntur
676 2764 830 2831 consepulti
846 2763 921 2816 Chri·
955 2764 1004 2818 ciis
1022 2762 1134 2829 Spiritus
1146 2762 1232 2816 saneti
1247 2762 1274 2814 in
1287 2762 1370 2816 corda
1384 2763 1502 2818 Cornelii
1514 2772 1543 2818 et

335 2858 379 2904 sto
391 2851 419 2902 in
432 2851 588 2918 neposne,
601 2851 665 2917 quia
679 2851 835 2917 baptizandi
850 2851 921 2905 sole·
955 2862 1067 2904 suorum
1081 2848 1185 2914 illapsi,
1198 2847 1295 2900 Christi
1308 2849 1390 2901 rerba
1405 2848 1476 2902 iniis
1490 2849 1541 2902 irn-

334 2937 407 2989 mnis
424 2937 493 2990 ratio
516 2937 668 3002 sepeliendi
689 2936 770 2988 ritum
791 2937 922 3002 quodam·
954 2939 1026 3003 pieta
1048 2935 1175 3002 agnovit,
1195 2934 1299 2987 scilicet
1322 2933 1423 2998 Spiritu
1447 2941 1541 2988 sancto

333 3022 418 3076 modo
430 3022 590 3085 exhibebat,
605 3025 635 3074 et
645 3021 827 3074 resurrexisse
839 3020 920 3072 etiem
954 3021 1104 3087 baptizatos
1114 3033 1190 3082 esse,
1203 3019 1267 3072 licet
1280 3019 1369 3072 adhuc
1381 3021 1492 3073 salutari
1502 3022 1540 3074 la-

333 3120 383 3172 pcr
402 3106 484 3160 tidem
503 3105 671 3172 operationis
695 3105 759 3167 ttei3
778 3117 830 3158 nec
847 3104 920 3158 enim
953 3120 1034 3162 vaero
1056 3105 1141 3158 abluti
1159 3117 1215 3158 uon
1234 3111 1336 3158 essent.
1362 3105 1432 3158 illud
1449 3111 1540 3160 tamen

333 3205 447 3245 necesse
469 3197 511 3244 est
529 3205 561 3244 ex
576 3191 698 3256 generali
715 3192 760 3242 illa
782 3191 921 3243 locutione
954 3192 1038 3246 divini
1049 3191 1147 3244 furoris
1160 3196 1351 3255 argumentum
1363 3191 1497 3254 adhibuit,
1510 3197 1540 3242 nt

334 3277 459 3343 excipere
472 3287 521 3330 eos
538 3275 585 3340 qui
605 3287 656 3326 sua
673 3275 752 3337 eulpa
763 3286 820 3325 non
831 3286 921 3324 resur·
954 3275 1055 3326 Judaeis
1066 3274 1236 3326 adstantibus
1246 3274 1374 3324 suaderet
1384 3275 1466 3324 licere
1477 3274 1541 3326 illos

332 3368 410 3429 gunt.
956 3370 1026 3422 aqna
1038 3357 1164 3418 abluere,
1186 3361 1216 3406 ut
1230 3355 1369 3420 Baptismo
1383 3355 1482 3408 Christi
1494 3357 1540 3410 sre-

365 3450 409 3498 ts.
432 3443 496 3507 obj.
513 3443 556 3493 tt.
574 3440 721 3507 spostolus
738 3453 835 3496 omnes
849 3439 923 3494 dhri-
955 3447 1016 3496 rent
1040 3439 1182 3504 discipuli,
1207 3445 1234 3494 ct
1255 3439 1389 3492 bonorum
1418 3441 1539 3494 omnium

332 3531 439 3584 stianos
448 3527 549 3593 Spiritu
560 3532 656 3580 sancto
669 3527 819 3594 baptizatos
831 3527 897 3580 dicit
912 3543 918 3578 :
954 3543 1015 3598 quae
1030 3527 1521 3592 hominibuscomparavitconsortes.

334 3636 347 3662 e
363 3613 469 3667 Etenim
484 3613 510 3664 in
523 3626 578 3666 uno
595 3611 696 3678 Spiritu
710 3626 808 3667 omnes
820 3626 872 3666 nos
892 3613 919 3665 in
986 3617 1028 3666 tt.
1040 3613 1099 3678 dij.
1110 3615 1152 3664 25.
1163 3615 1236 3678 aona
1248 3613 1357 3665 nonnisi
1369 3620 1480 3666 externa
1489 3615 1540 3668 ior-

332 3713 418 3754 nnum
443 3710 544 3764 eorpus
570 3698 697 3764 baptizati
722 3712 839 3762 sumus,
861 3699 919 3752 sire
953 3713 1014 3763 rna,
1033 3704 1060 3752 et
1075 3699 1167 3765 imago
1180 3697 1275 3750 haberi
1293 3703 1385 3763 potest
1397 3699 1538 3752 internata

331 3786 435 3848 induci,
453 3784 511 3838 sire
524 3785 660 3848 Gentiles,
679 3785 738 3839 sive
756 3785 828 3838 servi
841 3821 849 3848 ,
862 3783 919 3838 sive
953 3785 1053 3852 Spiritu
1074 3788 1169 3836 sancto
1187 3782 1265 3836 factae
1286 3783 1443 3836 ablutionis.
1467 3785 1538 3850 Ergo

331 3871 429 3933 liberi3
448 3875 477 3922 et
493 3881 590 3923 omnes
602 3870 630 3922 in
648 3882 703 3923 uno
719 3870 820 3936 Spiritu
832 3869 917 3936 potati
952 3871 1054 3924 nullius
1067 3881 1116 3935 per
1127 3882 1158 3920 sc
1175 3867 1307 3922 momenti
1320 3873 1380 3930 est,
1400 3881 1452 3922 nec
1464 3870 1537 3920 enim

331 3969 437 4009 snmus.
452 3955 488 4000 »²
952 3968 982 4007 ea
1002 3953 1106 4019 indiget
1115 3952 1231 4018 Spiritus
1243 3959 1354 4006 sanetus
1369 3959 1398 4006 ut
1407 3953 1479 4006 dona
1489 3966 1537 4006 sua

363 4042 404 4091 it.
424 4041 502 4104 itero
522 4041 581 4090 Non
596 4039 656 4093 haec
670 4040 742 4092 diota
760 4045 825 4092 sunt
842 4041 916 4104 cuod
951 4038 1091 4102 largiatur.

328 4125 444 4190 Spiritu,
465 4136 522 4176 non
539 4136 631 4189 aqua,
653 4124 780 4189 baptizati
802 4137 915 4185 sumus,
984 4125 1025 4174 78.
1040 4123 1117 4186 serp.
1130 4123 1205 4186 Aqua
1218 4134 1272 4172 nna
1290 4134 1351 4174 cum
1365 4120 1537 4176 invocatione

327 4210 375 4263 sed
393 4210 466 4274 quod
479 4209 552 4262 idem
570 4208 686 4274 Spiritus
698 4220 750 4260 nos
765 4207 916 4260 sanctitica-
950 4207 1031 4260 trium
1040 4219 1219 4272 personarum
1230 4205 1384 4258 divinarum
1394 4218 1427 4258 ex
1439 4207 1536 4262 curisti

326 4295 396 4348 verit
410 4307 507 4349 omnes
519 4294 668 4361 Baptismo.
685 4295 747 4360 lpse
761 4306 814 4348 vox
829 4293 915 4360 bapti·
948 4290 1079 4346 mandato
1096 4290 1252 4344 adhibenda
1265 4296 1325 4356 est,
1344 4290 1388 4346 cui
1401 4291 1464 4346 ritui
1477 4294 1536 4362 ipse

352 4578 379 4629 (t)
389 4577 436 4620 Get.
447 4577 479 4618 iti.
488 4582 569 4620 se-ss.
949 4572 986 4617 the
1000 4573 1147 4630 supponat!
1155 4574 1235 4630 ioseph
1249 4575 1308 4620 Pide.
1317 4575 1415 4629 tondeo,
1424 4576 1534 4620 ddccix.

355 4646 382 4700 (sl
395 4647 412 4687 1.
424 4648 474 4688 Cor.
483 4647 520 4687 xii.
530 4651 561 4687 ts.
574 4645 720 4700 objectionem
734 4646 843 4687 sumimus
851 4657 876 4686 ex
889 4644 916 4686 tt·
974 4647 1000 4697 (tl
1009 4649 1053 4687 liet.
1061 4645 1085 4685 ii.
1097 4651 1130 4686 tt.

328 4715 383 4756 bello
390 4716 448 4756 dicto
457 4728 463 4755 r
473 4715 612 4758 «Almtise
625 4716 756 4768 concerning
766 4715 863 4768 iieptism
872 4717 914 4757 end
973 4715 1000 4768 lt)
1011 4717 1055 4756 Act.
1065 4715 1092 4756 xi.
1105 4723 1135 4758 tc.
