3792 5550
629 527 697 580 cte.
717 525 737 578 i.
757 527 798 579 DE
819 527 988 581 steniatcu
1008 527 1182 582 tentatae.
1456 530 1503 582 etit

305 639 436 704 asseritur,
449 654 533 707 quum
554 642 708 698 testimonia
721 642 776 694 sint
793 641 883 696 elaris·
916 657 988 696 unus
999 644 1102 710 uirique
1116 645 1249 698 christus.
1270 644 1413 710 Quomodo
1439 657 1505 712 ergo

305 724 386 790 sima,
404 733 431 778 et
449 728 523 780 omni
546 728 724 795 ambiguitate
734 725 834 792 libera,
845 729 883 782 uti
917 730 1047 782 muitisin
1062 731 1131 784 loeis
1147 730 1256 784 oblatus
1269 770 1275 793 ,
1286 744 1370 783 unum
1384 728 1427 783 est
1444 743 1507 784 eor-

303 822 333 862 ea
352 811 480 865 recolenti
492 813 604 878 patebit.
917 829 985 882 pus,
1010 828 1066 869 uon
1089 818 1173 868 muita
1196 827 1329 881 corpora,
1363 815 1399 868 ita
1423 815 1505 869 etiam

334 897 373 948 77.
398 890 457 964 otj.
485 901 510 952 9.
535 901 643 952 Petrum
661 899 733 953 dieta
757 897 884 953 sueriiieii
918 914 1003 954 uuum
1013 906 1055 953 est
1066 899 1398 953 sacrificium-Memoria
1409 901 1508 954 reeoii·

304 982 386 1035 erucis
398 985 686 1050 repraesentationem,
700 997 761 1050 quae
785 984 884 1038 utilita-
917 992 964 1039 tur
980 986 1214 1052 passionis,rero
1238 985 1329 1038 tamen
1350 985 1444 1038 oblato
1464 999 1507 1039 sa·

303 1070 341 1118 tes
353 1079 447 1121 omnes
459 1069 523 1122 novi
536 1069 661 1122 saeritieii
679 1069 760 1124 nohis
779 1069 883 1134 afferat,
917 1070 1034 1134 oriiieio,
1060 1083 1115 1136 ouo
1137 1069 1248 1123 riettma
1264 1069 1360 1122 eadem
1385 1081 1508 1135 praesens

304 1158 403 1207 tantum
417 1157 575 1218 ostendunt.
868 1217 870 1222 ,
918 1157 1031 1219 sistitur,
1045 1159 1140 1210 etlteo
1151 1154 1273 1210 offertur.
1287 1157 1334 1208 sie
1345 1155 1506 1215 aliusdicit:

333 1241 372 1292 73.
391 1242 471 1307 neap.
491 1243 705 1308 {repraesentatio
724 1257 805 1310 quarn
829 1247 884 1296 sta·
916 1261 933 1292 <t
950 1245 1043 1297 iiensa
1061 1244 1174 1311 mystica
1194 1247 1286 1310 parata
1299 1248 1359 1303 est3
1372 1248 1400 1295 et
1414 1245 1507 1309 Agnus

303 1325 381 1378 inunt
402 1328 504 1391 Patres,
522 1333 565 1381 est
584 1328 630 1382 iiia
649 1342 710 1395 quae
723 1330 753 1382 iit
770 1342 884 1396 corpore
918 1333 964 1386 iiei
976 1343 1027 1400 pro
1040 1338 1067 1386 ιε
1081 1333 1247 1385 immolatur.
1264 1330 1398 1384 sacerdos
1417 1342 1467 1396 pro
1481 1337 1512 1384 te

303 1414 328 1460 ει
345 1411 477 1478 sanguine
491 1412 603 1474 Christi,
615 1414 667 1466 suh
683 1415 827 1480 speciebus
840 1428 886 1468 sa·
919 1419 1037 1486 angitur,
1054 1419 1127 1486 ignis
1141 1415 1272 1484 spiritalis
1289 1429 1395 1469 esaera
1415 1428 1509 1469 mensa

302 1496 529 1560 eramentalihus,
550 1499 604 1552 lieo
625 1499 696 1552 Patri
714 1499 823 1553 oblatis.
838 1503 886 1554 Εει
918 1507 1054 1571 erumpit,
1066 1505 1211 1558 cherubim
1225 1504 1336 1557 adstant
1348 1543 1354 1565 ,
1368 1502 1508 1568 Seraphim

302 1577 379 1645 igitur
396 1594 492 1634 verum
509 1589 536 1635 et
546 1583 686 1649 proprium
702 1584 885 1650 saeriflriutn,
920 1593 1065 1654 aduolant,
1081 1599 1110 1644 et
1125 1593 1240 1658 Spiritus
1257 1605 1305 1645 sex
1328 1591 1385 1644 aias
1407 1590 1511 1643 hahen-

301 1667 361 1732 quia
373 1668 705 1724 eademofferturviotima
717 1685 749 1724 ae
761 1672 886 1736 ineruoe,
921 1681 963 1729 tos
980 1676 1075 1728 faeiem
1094 1681 1204 1743 teguut3
1225 1689 1321 1730 omnes
1341 1675 1511 1742 incorporeae

301 1753 356 1806 sota
382 1753 516 1808 offerendi
539 1755 646 1808 ratione
671 1755 788 1810 diversa.
811 1757 888 1820 Quod
920 1759 1035 1812 virtutes
1055 1772 1104 1824 pro
1127 1765 1153 1812 te
1172 1772 1235 1812 curn
1262 1759 1404 1812 sacerdote
1429 1760 1512 1812 inter·

300 1836 321 1888 si
339 1851 416 1891 mera
432 1839 502 1892 soret
514 1840 733 1904 repraesentatio,
749 1841 888 1894 tolleretur
922 1845 1024 1897 cedunt
1036 1858 1044 1906 ;
1057 1843 1129 1911 ignis
1138 1845 1270 1911 spiritalis
1281 1859 1297 1897 e
1309 1845 1380 1897 ooelo
1399 1844 1513 1897 deseen-

299 1919 369 1974 ratio
386 1923 442 1974 veri
465 1922 607 1986 sacritieii,
623 1937 705 1990 quarn
719 1929 810 1980 tamen
829 1926 889 1992 piu·
920 1928 981 1990 dit3
993 1929 1108 1998 sanquis
1124 1930 1154 1982 in
1169 1934 1271 1983 cratere
1284 1931 1313 1982 in
1325 1933 1401 1982 tuom
1413 1929 1513 1995 purifi-

300 2004 361 2056 rimi
393 2006 532 2073 anglicani
561 2009 719 2075 praedicant.
742 2011 770 2064 Si
798 2017 889 2066 autem
922 2016 1394 2083 cationemexrmmaeutomttorere
1411 2013 1514 2080 enarras

300 2103 370 2156 pane
384 2098 411 2145 et
427 2091 635 2148 vinodieeretur
650 2096 814 2151 sacrificium
827 2111 890 2152 eon·
922 2106 974 2156 est.
997 2121 1010 2147 r
1032 2101 1044 2134 r
1211 2145 1214 2149 J
1256 2091 1260 2097 ’

301 2181 372 2229 stare
387 2213 394 2240 ,
416 2178 472 2231 duo
498 2177 586 2232 serent
612 2181 744 2236 sacrificia
759 2223 765 2244 ,
786 2184 890 2238 seilicet
957 2190 999 2240 76.
1013 2187 1073 2254 ooj.
1088 2189 1129 2240 ιι.
1142 2188 1309 2256 Augustinus
1324 2187 1438 2242 dieii—:c
1455 2189 1511 2242 iioe

299 2260 365 2314 iliud
377 2263 467 2316 erucis
478 2301 485 2328 ‚
498 2270 525 2317 et
537 2265 651 2319 aiterum
669 2269 889 2336 eucharisticum,
923 2278 966 2327 εει
990 2273 1155 2327 saeriiieium
1174 2273 1411 2337 christianorum,
1434 2273 1512 2326 multi

281 2387 282 2390 ,
301 2345 400 2402 abillo
426 2350 505 2415 piane
531 2351 686 2418 diversum,
709 2355 810 2422 quippe
834 2369 889 2412 nou
924 2371 1009 2411 unum
1035 2371 1133 2412 sumus
1150 2358 1178 2410 in
1199 2359 1315 2413 christo.
1335 2358 1413 2422 Quod
1430 2359 1513 2411 etiam

300 2433 396 2487 eadem
419 2435 489 2489 toret
501 2436 620 2491 victima.
637 2442 768 2496 Praeterea
788 2443 890 2496 tribue·
924 2446 1099 2496 sacramento
1118 2443 1212 2495 altaris
1232 2442 1362 2496 fidelibus
1376 2449 1444 2496 noto
1461 2443 1515 2495 ire·

300 2526 396 2573 rentur
406 2523 469 2586 pani
482 2529 509 2575 et
522 2524 596 2586 vino,
610 2531 748 2593 tamqnam
758 2530 890 2594 symbolis
925 2531 1039 2593 queritat
1062 2526 1204 2588 Ecclesia,
1226 2526 1274 2578 ubi
1291 2527 1316 2578 ei
1340 2526 1515 2579 demonstra·-
1541 2531 1545 2536 ·

299 2607 426 2672 corporis
441 2613 468 2660 et
489 2609 631 2676 sanguinis
650 2613 765 2674 Christi,
780 2626 811 2666 ea
830 2628 892 2680 quae
926 2617 979 2675 tur,
992 2610 1065 2676 quoti
1084 2609 1112 2661 iu
1134 2621 1167 2662 ea
1179 2608 1319 2663 oblatione
1332 2622 1415 2674 quam
1436 2607 1515 2661 offert

299 2690 413 2743 nonnisi
441 2691 493 2757 ipsi
511 2693 618 2758 corpori
639 2707 688 2760 pro
708 2697 788 2750 nohis
808 2699 891 2765 dato,
926 2697 985 2764 ipsa
1001 2693 1305 2762 offeratur.»⁸iiystiee
1318 2693 1400 2761 igitur
1412 2693 1515 2748 oblatio

298 2778 353 2845 ipsi
365 2780 491 2847 sanguini
506 2794 555 2847 pro
574 2782 654 2837 nobis
675 2784 755 2850 suso,
773 2786 892 2842 tribuere
925 2782 1096 2839 Eucharistia
1112 2781 1214 2847 est,}in
1232 2793 1286 2847 qua
1305 2780 1401 2833 fideles
1418 2792 1515 2833 omnes

300 2865 339 2919 tas
361 2872 414 2920 est.
925 2870 1033 2926 christo
1051 2883 1081 2924 se
1099 2870 1190 2923 animo
1211 2869 1399 2936 conjungunt,
1415 2870 1444 2920 ut
1460 2868 1515 2920 lieo
1593 2903 1595 2906 -

333 2954 375 3005 74.
402 2952 462 3019 ooj.
487 2956 527 3009 iti.
546 2956 573 3007 S.
592 2958 712 3013 ioannes
729 2960 892 3028 Chrysosto·
925 2961 993 3013 dent
1005 2959 1149 3012 honorem.

299 3052 362 3091 mus
374 3038 413 3092 ait
425 3060 448 3089 :a
459 3040 527 3104 Quid
542 3044 628 3097 vero?
647 3058 738 3098 nonne
756 3060 807 3100 nos
826 3059 890 3113 quo·
959 3048 1001 3097 77.
1015 3045 1094 3110 Reap.
1109 3044 1216 3110 Optime
1235 3045 1294 3095 iraeo
1315 3041 1463 3103 dicuntur,
1487 3044 1516 3091 ut

301 3125 366 3179 tidie
377 3124 540 3180 offerimus?
551 3127 692 3183 offerimus
703 3131 829 3196 quidem,
843 3132 892 3185 sed
926 3128 1247 3195 intelligamusoportere
1260 3140 1310 3180 nos
1325 3126 1451 3180 victimas
1461 3126 1516 3176 iieo

299 3212 359 3277 ejus
373 3213 700 3267 mortemrevooamnsiu
714 3215 891 3267 memoriam:
927 3212 1044 3275 offerro,
1066 3226 1129 3265 eum
1151 3211 1241 3276 eapite
1262 3216 1368 3271 uestro,
1386 3209 1430 3261 eui
1449 3219 1519 3259 eon-

300 3301 327 3349 et
345 3299 408 3352 iraeo
430 3298 533 3353 oblatio
554 3312 607 3352 una
627 3304 691 3365 est,
708 3312 765 3353 non
783 3302 893 3367 multae,
925 3297 1083 3364 iungimur,
1111 3294 1203 3348 divino
1234 3293 1356 3344 fruentes
1381 3290 1514 3345 eonvirio.

300 3385 435 3450 quoniam
454 3386 540 3438 semei
551 3390 593 3439 est
608 3386 728 3443 oblatus.
743 3385 779 3435 »¹
928 3385 1063 3447 Quantum
1076 3381 1159 3433 lateat
1176 3391 1306 3433 areanum
1320 3376 1422 3429 iudicat
1432 3377 1519 3441 Augu-

333 3474 378 3523 73.
396 3472 476 3536 itera.
490 3471 571 3526 iiiiuit
590 3473 832 3538 praestantissimus
849 3474 894 3529 iile
928 3469 1016 3535 stinus
1036 3486 1053 3517 «
1074 3465 1248 3520 sacramento
1268 3464 1364 3516 etiarm
1394 3460 1518 3529 fidelibus
1576 3496 1580 3505 .

298 3554 378 3609 Pauli
399 3556 535 3622 interpres
554 3558 738 3613 difficultatem
759 3562 794 3614 ue
814 3560 893 3615 unica
927 3560 1002 3619 noto,
1014 3574 1027 3601 ι
1039 3566 1092 3607 nee
1109 3552 1182 3605 enim
1196 3556 1285 3604 totum
1305 3561 1384 3601 suum
1404 3558 1516 3601 sensum

299 3641 460 3706 Oblatifflle,
487 3645 590 3699 doeens
609 3647 797 3713 quotidianam
817 3649 893 3702 obia-
926 3643 961 3696 de
977 3654 1011 3696 eo
1030 3652 1157 3707 promere
1174 3636 1272 3693 votuit.
1299 3637 1432 3689 caeterum
1452 3634 1516 3687 lieet

298 3726 406 3783 tionem
430 3741 492 3783 esse
515 3728 601 3795 ipsam
630 3733 715 3785 semel
739 3732 837 3786 iactam
864 3733 895 3787 in-
927 3724 1223 3783 Eeeiesiaiteoofferat
1233 3736 1265 3777 se
1277 3736 1340 3777 eum
1351 3722 1441 3788 capite
1454 3732 1515 3783 suo,

300 3826 383 3867 eruoe
396 3851 405 3877 ,
420 3826 481 3879 quae
503 3814 530 3867 in
550 3816 710 3871 memoriam
728 3824 891 3882 revocatur,
927 3816 987 3880 ipse
999 3813 1123 3865 Christus
1137 3809 1287 3873 tamenlest
1300 3806 1435 3869 offerens,
1458 3805 1518 3870 ipse

301 3908 328 3957 et
350 3903 516 3958 celebratur.
539 3906 657 3958 Mentem
677 3919 754 3971 suam
772 3906 894 3959 dilucide
927 3903 955 3951 ει
978 3896 1107 3950 oblatio‘
1129 3896 1194 3960 Ejus
1214 3891 1363 3946 oblationis
1387 3890 1414 3942 in
1436 3890 1518 3941 eruee

301 3990 439 4056 explieat:
454 4006 470 4037 n
483 3989 618 4054 siquidem
639 3990 765 4043 eumdem
782 4003 892 4055 semper
928 3985 1128 4035 sacramentum
1140 3976 1378 4062 estquotidianum
1388 3969 1518 4027 Eeoiesiae

302 4073 464 4137 otierimus,
485 4074 538 4129 hoo
558 4077 614 4136 est,
636 4086 690 4127 non
705 4074 784 4142 ‚alias
813 4086 892 4129 ovem
928 4062 1517 4131 saerisraium,ouosoilieatrepraesentatur,

298 4163 342 4214 ait·
351 4175 435 4225 ram,
449 4161 516 4213 alias
529 4160 620 4225 aliam,
633 4160 682 4214 sed
693 4160 817 4214 eamdem
830 4174 891 4227 per·
926 4152 1086 4211 exhibetur,
1102 4155 1128 4202 et
1141 4147 1222 4201 nohis
1231 4144 1391 4213 applicatur.
1408 4163 1421 4189 α
1436 4143 1465 4195 id
1475 4156 1517 4195 sa·

300 4258 386 4314 petuo
405 4262 411 4299 :
425 4248 516 4314 itaque
528 4246 637 4300 unicum
651 4252 693 4299 εει
713 4246 887 4299 sauritieium.
927 4238 1057 4293 cristeium
1068 4253 1084 4284 a
1097 4234 1205 4301 inquit,
1220 4251 1231 4280 ι
1244 4228 1377 4284 suecessit
1389 4229 1517 4283 omnibus

300 4334 437 4399 Quoniam
455 4334 549 4386 multis
564 4332 591 4385 in
607 4331 674 4386 loeis
688 4330 892 4395 offertur,mu1·
926 4321 1125 4380 iitissaoriireiis
1142 4318 1241 4374 veteris
1254 4314 1516 4383 legis,quaeimmo·

300 4418 359 4472 tine
382 4423 447 4471 sunt
470 4417 589 4473 Christi?
617 4430 789 4487 nequaquem
811 4416 886 4471 :sed
921 4412 1047 4467 labantur
1067 4407 1096 4459 in
1119 4404 1216 4458 umbra
1236 4400 1320 4456 futuri
1340 4440 1347 4453 .
1366 4438 1374 4453 .
1396 4439 1402 4454 .
1423 4439 1430 4453 .
1450 4400 1514 4467 quia

328 4682 357 4730 ιι)
368 4682 431 4721 iiom.
441 4680 490 4729 xvii.
499 4681 521 4726 in
535 4691 570 4732 ep.
580 4680 604 4720 ud
626 4682 690 4724 ilebr,
950 4678 977 4728 (a)
993 4675 1017 4715 L.
1028 4672 1082 4713 nde
1090 4670 1133 4710 eir.
1142 4668 1189 4710 liei.
1197 4679 1216 4708 ε
1226 4668 1256 4709 ri.

325 4750 353 4801 ii)
365 4750 428 4791 iiorn.
442 4748 469 4791 ir.
478 4748 505 4791 de
514 4748 646 4792 Paenitentia·
949 4747 974 4800 ιι]
984 4744 1060 4787 tideo.
1069 4752 1101 4783 u.
1113 4750 1180 4795 supra
1188 4744 1227 4781 ert.
