3792 5550
599 563 668 617 cua.
688 563 753 615 virt.
771 565 813 615 on
831 558 1226 617 rnrnsuosrtnamrrona.
1471 573 1521 622 μδ

310 679 385 745 panis
402 678 512 744 vinique
525 679 699 742 transferret,
712 678 843 732 sacerdos
859 674 896 727 ia·
928 673 1038 725 dentur.
1053 675 1232 731 Eucharistiae
1243 679 1363 734 divinam
1378 683 1520 750 uirtutem,

308 770 365 817 ctus
383 762 410 816 in
432 768 564 816 aeternum
590 765 741 819 seeundum
769 762 894 818 ordinem
930 763 1076 824 postquam
1103 760 1138 813 de
1167 764 1308 828 Baptismo
1340 774 1451 834 egerat,
1478 770 1523 822 his

308 848 557 903 Melchisedech.»¹
741 852 744 857 ·
928 843 1050 897 declarat
1063 836 1202 899 uerbiszn
1215 849 1268 902 Sed
1279 852 1342 917 quis
1356 854 1456 919 poterit
1465 859 1521 907 tam

334 934 392 987 261.
415 933 474 1000 dij.
487 935 529 985 ει,
541 936 569 987 s,
584 936 753 1000 gemamus,
766 938 813 1003 qui
824 937 894 991 guo.
928 927 1028 982 efferos
1038 934 1130 983 motus
1142 930 1270 999 frangere
1281 936 1295 986 t
1307 938 1369 1001 quis
1385 938 1521 1003 pruritum

304 1020 408 1073 decimo
420 1020 523 1073 saeculo
532 1019 644 1073 ineunte
657 1020 757 1086 floruit,
772 1022 799 1074 in
812 1022 893 1076 doerte
927 1014 1027 1069 ulceris
1059 1016 1140 1083 hujus
1157 1017 1228 1072 ferre
1254 1024 1358 1087 queat?
1385 1022 1521 1077 confidite

304 1104 413 1158 Domini
427 1107 667 1159 sacramentorum
682 1109 823 1160 externam
837 1108 893 1161 ior·
926 1102 991 1167 <luia
1009 1106 1038 1154 ci
1059 1102 1087 1154 in
1107 1103 1160 1157 hcc
1180 1105 1266 1172 gratia
1280 1106 1425 1172 subvenit,
1443 1116 1471 1162 at
1489 1116 1520 1162 ut

305 1202 375 1241 mam
384 1190 447 1244 nuci
457 1197 608 1257 comparat,
620 1191 754 1245 occultam
765 1192 892 1247 virtutem
925 1187 1019 1241 securi
1029 1186 1104 1251 sitis,
1117 1190 1285 1245 sacramenti
1302 1193 1435 1247 dominici
1455 1208 1519 1248 cor·

305 1276 415 1337 nucleo;
426 1275 542 1329 formam
554 1276 652 1333 iterum
667 1278 768 1331 annulo
780 1278 893 1331 haeredi·
926 1272 1001 1337 puris
1014 1274 1191 1341 etsangninis
1203 1275 1316 1341 pretiosi
1326 1277 1515 1333 investituram

306 1359 367 1413 tatis
385 1360 554 1415 investiturae
574 1363 670 1431 siguo,
691 1367 816 1419 virtutem
838 1366 890 1432 ipsi
924 1358 1041 1411 hahetis.
1055 1359 1113 1412 ⁰11⁰
1129 1359 1204 1411 enim
1218 1359 1285 1413 illud
1308 1364 1514 1417 Sacramentum

307 1444 466 1498 haereditati.
481 1446 555 1501 Sicut
565 1448 650 1515 igitur
664 1462 746 1504 nemo
758 1451 890 1519 annulum
924 1451 1054 1510 operatur
1063 1444 1090 1496 in
1103 1444 1185 1500 nobis
1200 1460 1206 1495 :
1220 1451 1251 1499 ut
1263 1446 1392 1503 uidelicet
1406 1457 1435 1504 et
1454 1464 1516 1504 scn-

304 1530 330 1581 in
348 1531 536 1592 haereditatem
558 1534 679 1587 converti
696 1535 829 1599 somniat,
854 1534 890 1587 ita
924 1543 986 1582 sum
1001 1530 1107 1584 minuat
1123 1530 1151 1583 in
1170 1532 1349 1596 minimis,et
1366 1535 1394 1587 in
1410 1538 1517 1603 gravio·

303 1628 352 1668 nec
368 1629 467 1682 panem
487 1623 515 1671 01
528 1618 622 1671 vinum
635 1620 662 1672 pn
677 1632 778 1685 eorpus
790 1626 817 1674 ει
829 1634 891 1672 pan.
924 1614 1514 1681 ribuspeccatistollatomninoeonsensnm.

301 1701 411 1765 guinem
440 1703 559 1767 Christi,
586 1716 703 1770 quorum
726 1710 791 1757 sunt
812 1705 890 1771 signa
925 1698 953 1751 si
965 1700 1028 1765 ouis
1045 1705 1167 1753 uestrum
1188 1714 1244 1755 non
1259 1708 1314 1755 tam
1326 1717 1401 1771 saepe
1414 1708 1515 1770 modo,

301 1789 326 1836 et
349 1785 483 1853 pignora,
510 1788 633 1841 converti
659 1789 752 1843 docuit
776 1794 890 1843 Bernar·
924 1798 981 1839 non
1000 1788 1182 1841 tamaoeriros
1196 1791 1279 1842 sentit
1292 1791 1441 1845 iracundiae
1457 1807 1517 1847 mo-

300 1868 362 1922 dus.
925 1877 985 1934 tus,
1001 1872 1126 1936 invidiae,
1145 1874 1278 1939 luxuriae,
1295 1883 1342 1929 aut
1354 1884 1516 1931 ceterorum

336 1956 396 2009 265.
415 1958 493 2022 Resp.
513 1958 574 2023 ipsa
585 1958 701 2011 Cosinus
710 1958 811 2012 dubius
821 1958 893 2013 uide·
925 1958 1100 2025 hujusmodi,
1113 1960 1217 2027 gratius
1225 1966 1288 2028 eget
1299 1964 1405 2027 corpori
1417 1968 1516 2017 etsen-

302 2047 347 2095 tur
371 2048 463 2096 utrum
482 2044 578 2097 concio
602 2046 661 2099 haec
687 2046 723 2098 sit
744 2045 889 2098 Bernardi:
924 2044 1004 2111 garini
1020 2045 1149 2108 Domini,
1169 2044 1298 2111 quoniam
1319 2046 1405 2099 virtus
1421 2048 1517 2101 secra·

300 2141 362 2181 nam
382 2141 445 2195 quae
461 2129 591 2196 deinceps
606 2129 685 2194 citat,
702 2130 814 2183 indubia
828 2143 891 2196 pro·
924 2128 1010 2182 manti
1028 2130 1195 2195 operatorio
1208 2142 1242 2183 eo
1255 2146 1262 2181 ε
1276 2131 1430 2198 etgaudeat
1443 2132 1518 2198 quod

298 2214 413 2267 nuntiat.
425 2215 509 2268 Nobis
519 2228 534 2267 a
543 2216 614 2282 stylo
626 2215 790 2269 suavissimo
802 2215 889 2269 saneti
923 2215 1074 2281 pessimum
1084 2217 1162 2270 ulcus
1172 2217 1285 2271 accedat
1293 2218 1327 2270 ad
1338 2218 1493 2271 sanitatem.
1501 2239 1515 2264 u

299 2298 501 2364 euoarislonge
512 2299 620 2353 videtur
636 2300 753 2363 distare,
764 2300 889 2366 quamuis
923 2300 1021 2367 Liquet
1038 2302 1098 2355 haec
1118 2303 1240 2369 apprime
1256 2316 1377 2358 consona
1389 2318 1453 2358 esse
1472 2317 1517 2357 ea·

298 2382 365 2434 nihil
380 2383 519 2437 contineat
531 2384 593 2437 tidei
607 2385 763 2439 aduersum.
777 2389 887 2450 auctor,
922 2387 1025 2440 tirolieo
1037 2387 1169 2454 dogmati.
1183 2388 1260 2451 Quod
1280 2388 1304 2441 si
1323 2388 1385 2454 ouis
1403 2395 1516 2442 conten-

298 2468 465 2534 quicumque
482 2469 582 2532 inerit,
601 2470 629 2521 in
651 2469 696 2523 die
716 2469 762 2536 qui
774 2477 888 2523 uocatur
922 2471 969 2524 dat
984 2472 1094 2539 signnm
1106 2486 1121 2525 a
1135 2484 1165 2524 re
1183 2486 1199 2524 a
1218 2473 1357 2525 Bernardo
1369 2472 1515 2539 distingui.

299 2552 381 2607 Graec
403 2554 515 2607 Domini
544 2554 707 2617 disserens,
731 2555 766 2607 de
795 2556 888 2608 saera·
921 2555 1205 2622 nuilirepugnamus,
1219 2570 1302 2621 quum
1322 2563 1517 2623 externasque

296 2638 398 2691 mentis
411 2639 483 2705 egit,
505 2640 558 2692 iroe
577 2639 688 2691 nomine
701 2639 888 2703 complectens
922 2638 1011 2691 oeulis
1023 2639 1205 2692 obversantur
1222 2640 1328 2706 species
1342 2640 1465 2706 corporis
1488 2647 1517 2695 et

295 2722 426 2791 mysteria
448 2724 666 2790 redemptionis,
685 2729 712 2778 et
729 2724 829 2791 pedum
847 2726 888 2779 lo·
923 2723 1065 2792 sanguinis
1086 2723 1165 2792 signa
1185 2723 1240 2779 sint
1260 2724 1442 2781 cruciamina.
1457 2727 1516 2779 cm-

295 2810 412 2872 tionem,
423 2815 450 2862 et
459 2809 627 2876 Baptismnm
638 2816 665 2864 et
677 2810 884 2864 Eucharistiam.
922 2815 1011 2862 terum
1035 2809 1251 2864 inverecundum
1278 2818 1320 2864 est
1347 2810 1515 2864 Bernardum

296 2894 480 2962 Coepitigitur
497 2893 615 2949 dicendo
632 2896 668 2949 de
688 2895 816 2962 passione
837 2899 887 2949 ito-
921 2895 1113 2964 Berengariani
1143 2897 1244 2950 erroris
1276 2896 1411 2950 uindicem
1438 2897 1516 2950 exiri-

295 2978 380 3032 mini:
397 2981 506 3032 «Tanta
520 2979 656 3046 siquidem
682 2984 724 3034 est
735 2980 778 3034 uis
792 2983 886 3036 sacra·
920 2982 1003 3046 hare,
1018 2995 1105 3048 quum
1118 2981 1182 3034 iidei
1195 2983 1287 3036 studio
1298 2983 1437 3046 claruerit,
1449 2985 1518 3036 Pon.

296 3069 451 3118 mentorum
481 3077 578 3119 eorum
608 3079 670 3133 quae
695 3067 794 3120 diebus
826 3067 885 3122 istis
919 3068 1038 3121 tiiieibns
1053 3074 1081 3122 et
1095 3067 1146 3122 toti
1167 3069 1295 3122 Ecclesia
1308 3070 1517 3136 idcoacceptis·

296 3150 469 3212 recoluntur,
484 3156 513 3202 ut
525 3151 633 3216 possint
645 3152 704 3217 ipsa
724 3133 886 3218 qnoque'la-
920 3152 1017 3205 simus.

295 3235 375 3298 pidea
388 3234 514 3288 scindere
531 3235 632 3294 eorda,
650 3241 679 3288 et
698 3241 886 3300 pectusemne
954 3235 1013 3286 266.
1033 3235 1094 3301 cuj.
1114 3235 1156 3286 22.
1177 3238 1206 3288 in
1226 3239 1360 3292 concione
1373 3239 1410 3304 de
1424 3240 1517 3291 Puriii·

294 3318 357 3372 lieet
378 3318 499 3372 ferreum
519 3319 643 3370 emollire
661 3318 830 3371 sufficiant.»
850 3322 887 3371 lie
920 3317 1030 3369 catione
1047 3321 1077 3369 u.
1092 3318 1184 3370 Mariae
1200 3321 1338 3385 virginis,
1357 3323 1515 3374 Bernardns

293 3403 336 3456 iris
352 3405 471 3469 loquens
492 3401 578 3454 utitur
596 3401 774 3454 similitudine
792 3403 887 3454 matris
921 3401 988 3453 dicit
1009 3419 1026 3448 ι(
1046 3413 1146 3467 corpus
1168 3401 1266 3455 Christi
1283 3403 1311 3455 in
1334 3405 1512 3459 sacramento

292 3486 446 3554 frangentis
467 3497 553 3551 puero
575 3498 690 3548 nucem,
706 3489 736 3537 nt
754 3497 835 3552 quam
859 3485 886 3538 in
920 3484 1012 3539 cibum
1029 3499 1092 3540 esse
1110 3485 1224 3548 animae,
1237 3499 1293 3541 non
1312 3486 1430 3550 ventris,
1441 3487 1515 3542 ideo·

293 3573 361 3627 fidei
384 3570 521 3638 mysteriis
542 3571 700 3624 evolvendis
713 3570 887 3624 adhibuitin·
920 3584 975 3638 que
988 3583 1040 3624 nos
1061 3585 1125 3625 enm
1141 3572 1212 3625 iraud
1229 3573 1398 3626 manducare
1414 3586 1512 3640 corpo·

293 3656 428 3712 dustriam
442 3663 658 3722 repraesentaret.
674 3656 764 3724 Pergit
777 3657 885 3711 dicere:
921 3656 1032 3721 naliter,
1046 3657 1095 3709 sed
1113 3669 1168 3723 quo
1190 3663 1271 3723 pacto
1287 3658 1347 3724 ipse
1359 3658 1437 3712 cibus
1455 3668 1512 3722 est,

295 3764 307 3786 α
325 3743 410 3796 iduita
421 3741 532 3808 quidem
546 3748 609 3798 suut
627 3745 817 3806 Sacramenta,
831 3765 842 3790 n
859 3750 886 3797 et
920 3741 1026 3796 anobis
1040 3743 1252 3797 manducatur.»
1266 3745 1332 3798 item
1346 3744 1374 3797 in
1386 3758 1515 3800 sermone

251 3857 258 3877 .
294 3842 378 3893 quum
395 3827 480 3881 otium
495 3841 550 3882 non
563 3835 721 3894 suppeteret
738 3830 884 3894 omnibus,
919 3828 955 3882 de
968 3831 996 3881 S.
1010 3831 1125 3883 iiartino
1135 3829 1234 3883 docet:
1252 3851 1265 3874 n
1281 3830 1355 3897 quod
1366 3833 1515 3898 usqueiro·

293 3913 329 3965 de
346 3913 435 3966 trinus
446 3917 550 3966 tantum
564 3926 594 3966 se
613 3920 737 3966 acturum
750 3913 882 3977 affirmat,
918 3914 965 3967 die
974 3915 1071 3967 eadem
1085 3914 1257 3977 emenonis,
1272 3914 1321 3966 sad
1335 3914 1515 3978 spiritualiter

294 3998 365 4050 iuter
378 4010 441 4064 quae
458 3997 627 4051 ablutionem
639 3998 739 4063 pedum
750 4005 883 4050 recenset.
920 3998 1031 4063 utique,
1042 4011 1100 4051 nou
1112 3997 1258 4050 carnaliter
1271 3997 1439 4050 exhibentur.
1449 4017 1461 4043 »
1472 3998 1511 4050 ita

294 4084 436 4137 Praemittit
453 4085 595 4138 notionem
614 4083 770 4150 generalem
790 4084 886 4136 Sacra·
916 4083 1048 4136 dusinus.

293 4168 749 4242 menti,quatenuslriseonveniat,
762 4173 788 4220 ct
801 4167 885 4220 utitur
951 4168 1010 4220 267.
1032 4169 1113 4232 llere.
1130 4167 1201 4221 iiihii
1217 4166 1374 4233 hujusmodi
1397 4167 1425 4218 in
1446 4180 1510 4233 qua·

293 4253 386 4306 annuli
410 4254 544 4320 imagine,
562 4258 593 4305 ut
610 4253 714 4318 majora
732 4252 814 4306 uobis
826 4266 885 4304 mu·
918 4253 986 4305 libet
994 4252 1166 4306 Beruardide
1179 4250 1369 4304 aprificatione
1378 4254 1407 4303 B.
1419 4251 1508 4306 itariae

293 4350 358 4392 nera
375 4339 435 4392 dari
451 4339 563 4402 doceat,
596 4350 679 4404 quam
707 4337 825 4392 exterius
845 4337 884 4392 ui·
917 4338 1068 4403 concione,
1089 4337 1236 4406 diiigenter
1253 4336 1317 4389 iicet
1338 4337 1506 4405 legentibus,

316 4623 423 4674 (illieda,
445 4623 507 4664 ilem.
525 4623 629 4664 hiemales
644 4623 671 4664 de
684 4622 782 4675 Sanctis,
797 4622 819 4664 iu
833 4623 882 4677 api·
916 4625 995 4665 iterun
1012 4624 1119 4678 donasse,
1132 4636 1200 4678 quum
1210 4623 1291 4676 liqueat
1299 4635 1348 4664 eum
1359 4623 1505 4664 infidumem

291 4693 373 4745 phania
390 4691 482 4734 Domini.
496 4697 554 4735 duro.
568 4693 610 4735 mii.
627 4703 650 4748 p.
671 4699 715 4736 dis.
741 4693 795 4734 edit.
816 4693 881 4735 Basil-
924 4692 1078 4736 utentimouiir
1091 4692 1190 4736 citandis.

290 4773 381 4804 urum.
408 4761 488 4804 Pudeat
510 4762 642 4806 Oxenieoses
663 4764 735 4807 corint
762 4775 818 4818 opus
834 4764 883 4807 luce
1212 4772 1217 4778 “

360 4835 418 4887 Ver..
433 4849 469 4888 nr.
789 4899 793 4907 Δ
1343 4835 1374 4883 ii
