3792 5550
590 540 667 601 cub]
678 550 720 600 vl.
740 551 782 602 DE
800 552 1005 605 sacunuuult
1021 553 1171 608 RATIONE.
1458 562 1507 614 dib*

297 664 365 716 diam
383 678 447 731 erga
460 665 662 731 perditissimos
682 667 808 732 quosque
821 681 884 732 pec·
918 671 1000 733 quet:
1019 672 1060 720 est
1079 668 1152 722 enim
1168 669 1236 724 ritus
1257 677 1400 736 externus,
1409 675 1505 741 judicii

297 756 397 806 catores
415 766 449 806 ex
462 753 555 807 animo
568 767 717 808 conversos
729 755 881 808 miremur:
916 751 1032 805 iormam
1055 755 1252 818 praeseferens,
1275 757 1405 811 divinitus
1427 759 1508 812 insti-

296 837 724 906 sedjustitiae,quaeplerumque
741 853 883 895 reservan-
915 842 992 890 tutus
1015 839 1043 890 in
1074 846 1248 905 peccatorum
1279 847 1342 907 post
1369 845 1506 910 Baptisma

295 927 352 984 tur,
362 925 424 988 jura
441 925 551 977 aliunde
563 925 749 978 innotescunt.
915 923 1100 977 admissorum
1119 925 1321 979 remissionem.
1345 929 1439 980 Patres
1464 929 1507 981 id·

323 1011 380 1061 215.
389 1008 482 1074 otja.
490 1009 882 1076 QuaeinJ'ungitsacerdoscon·
915 1007 988 1060 circo
1002 1007 1103 1073 passim
1114 1009 1208 1062 dicunt
1219 1023 1279 1062 eam
1291 1012 1375 1064 veluti
1384 1013 1506 1067 tabulam

292 1092 430 1146 litantibus
439 1094 510 1146 iuter
520 1095 649 1147 mandata
657 1095 882 1161 hominumque,
915 1092 1047 1159 naufrago
1067 1093 1197 1147 divinitus
1215 1096 1354 1160 relictam,
1369 1102 1400 1150 ut
1423 1111 1507 1164 quam

294 1179 413 1232 christus
434 1179 611 1246 improbavit,
625 1181 793 1233 recensenda
807 1185 880 1232 suut.
914 1184 1027 1243 peccato
1047 1179 1176 1231 amiserat
1193 1181 1321 1246 baptismi
1335 1183 1449 1248 gratiam
1463 1197 1507 1237 re-

323 1264 382 1316 ato.
394 1265 472 1329 neap.
484 1264 608 1318 cbristus
621 1265 717 1318 inanes
731 1263 881 1317 l‘lrarisaeo·
914 1267 1036 1328 cuperet.
1050 1266 1142 1317 «llaec
1158 1265 1240 1332 igitur
1256 1279 1362 1320 venena
1375 1268 1506 1334 ejusldio-

292 1361 351 1400 rum
370 1351 577 1426 observationes
599 1349 880 1416 improbavit,quum
914 1348 976 1413 doti)
1007 1349 1157 1414 providens
1189 1354 1281 1414 bens,
1317 1353 1409 1405 clausa
1443 1353 1507 1406 licet

293 1447 383 1487 earum
401 1435 548 1488 occasione
561 1436 604 1487 lex
617 1435 709 1488 diviua
731 1435 882 1501 negligere
914 1433 1093 1499 ignoscentiae
1105 1436 1207 1500 ianua,
1223 1442 1250 1489 et
1268 1437 1438 1491 intinctionis
1451 1421 1506 1502 (bn-

292 1524 351 1571 tur:
365 1520 414 1574 sed
428 1520 672 1586 obtemperandum
684 1520 772 1573 voluit
791 1532 878 1572 sacer·
913 1517 1017 1581 prorui)
1029 1531 1090 1571 sera
1106 1520 1265 1584 obstructa,
1290 1522 1394 1588 aliquid
1416 1524 1505 1577 adlruc

290 1603 418 1669 dotibus,
438 1610 466 1658 et
487 1606 617 1671 legitimae
641 1606 716 1658 omni
729 1604 857 1670 potestati
872 1619 878 1654 :
913 1601 1036 1665 permisit
1046 1606 1155 1667 patere:
1167 1607 1312 1660 collocavit
1326 1607 1352 1658 in
1366 1605 1504 1661 vestibulo

289 1707 305 1737 (ε
321 1691 370 1754 Qui
391 1703 441 1744 ros
464 1691 560 1752 audit,
582 1705 628 1743 me
648 1690 739 1751 audit;
762 1688 882 1742 »idiunt
914 1687 1103 1752 poeniteutiam
1125 1691 1294 1752 secundam,
1314 1703 1376 1757 quae
1392 1693 1508 1757 pulsan-

288 1777 464 1840 praeconibus
475 1789 490 1829 a
502 1776 647 1828 semissis.
913 1771 988 1824 tibus
1014 1773 1166 1837 patefaciat.
1186 1792 1202 1822 a
1219 1775 1231 1808 ¹
1248 1777 1287 1826 nd
1315 1777 1506 1840 poeniteutiam

319 1863 380 1913 att.
402 1860 461 1926 Oli.
472 1864 497 1912 5.
509 1861 589 1914 Levia
602 1864 666 1914 sunt
678 1864 705 1913 et
717 1859 807 1912 inania
819 1873 881 1926 quae
914 1857 1132 1922 amplectendam
1157 1859 1212 1921 jam
1242 1861 1367 1913 hortatus
1394 1861 1480 1914 iuerat
1498 1877 1505 1912 τ

289 1961 303 1998 a
318 1947 513 2000 sacerdotibus
533 1951 737 2000 consueverunt
756 1946 880 2012 injungi,
917 1962 929 1988 α
948 1944 1014 1993 Eam
1027 1948 1056 1995 tu
1075 1948 1217 2008 peccator,
1231 1944 1285 1996 mei
1298 1945 1396 1997 similis
1412 1945 1507 2009 (immo

286 2047 312 2084 v.
326 2047 354 2100 g.
368 2033 552 2099 quarumdam
569 2020 698 2098 precum,
722 2045 785 2098 quae
808 2033 881 2084 haud
914 2042 959 2081 me
976 2028 1080 2089 minor;
1100 2042 1151 2096 ego
1174 2031 1247 2082 euim
1269 2031 1456 2096 praestantiam
1478 2031 1506 2083 iu

288 2118 492 2185 intelliguntur,
505 2118 712 2172 recitati02lrac
728 2122 820 2170 autem
837 2132 881 2170 ra·
914 2115 1022 2169 delictis
1048 2129 1137 2168 meam
1167 2117 1297 2182 agnosco)
1322 2118 1358 2169 ita
1389 2117 1505 2179 invade,

288 2201 364 2256 tione
391 2203 500 2257 fovetur
533 2203 692 2268 superstitio
719 2209 747 2256 et
772 2215 880 2255 morum
915 2202 1087 2267 amplexare,
1106 2206 1136 2254 ut
1156 2203 1304 2270 naufragus
1325 2203 1441 2270 alicujus
1466 2209 1506 2256 ta·

286 2289 460 2354 corruptela,
477 2302 562 2354 quum
583 2287 746 2354 gravissima
769 2293 797 2340 et
829 2287 880 2339 im·
914 2287 1401 2354 bulaefidem.1laectepeccatorum
1419 2289 1506 2342 llrrcti·

286 2372 378 2425 mania
394 2372 495 2439 flagitia
508 2374 548 2426 sic
559 2374 657 2426 redimi
671 2378 845 2426 censeantur.
913 2374 966 2428 bus
984 2373 1106 2428 mersum
1124 2377 1296 2441 prolevabit,
1312 2367 1342 2430 et
1355 2377 1384 2428 in
1395 2382 1506 2443 portum

318 2459 380 2512 218.
400 2461 479 2524 neap.
493 2458 523 2511 ld
543 2472 600 2525 prae
618 2460 748 2512 omnibus
765 2459 882 2526 exigitur
914 2460 1014 2514 divinas
1034 2461 1187 2513 clementias
1207 2462 1377 2526 protelabit:
1403 2481 1415 2508 t
1437 2465 1506 2527 (prer-

284 2550 315 2597 ut
324 2545 421 2600 cordis
433 2545 542 2599 contriti
561 2551 589 2598 et
603 2546 739 2598 humiliati
751 2544 882 2598 offeratur
914 2544 1037 2608 decerta
1057 2545 1159 2596 Eadem
1184 2545 1283 2596 tabulae
1297 2545 1422 2611 'imagine
1438 2559 1506 2597 usus

282 2634 338 2686 beo
351 2631 613 2696 sacrificiumrquae
625 2636 717 2683 autem
736 2630 882 2696 injungun·
916 2633 958 2682 est
983 2627 1174 2681 Ambrosius.⁴
1196 2629 1377 2696 Hieronymus
1401 2629 1505 2682 etiam:
1557 2678 1559 2683 ,
1583 2630 1588 2640 “

282 2724 328 2770 tur
342 2729 431 2783 opera
447 2717 482 2768 ad
495 2716 717 2769 satisfaciendum
733 2729 784 2783 pro
793 2715 882 2783 poenis
918 2734 931 2760 a
951 2713 1111 2766 Paenitentia
1124 2714 1203 2780 qrrasi
1223 2715 1344 2767 secunda
1359 2719 1422 2782 post
1434 2728 1504 2767 nau·

280 2803 501 2871 temporalibus,
512 2802 717 2869 proportionem
735 2802 881 2868 quamdam
915 2800 1033 2867 fragium
1045 2800 1152 2853 miseris
1170 2800 1272 2853 tabula.
1289 2821 1300 2847 a
1312 2799 1323 2833 ⁸
1336 2800 1503 2855 sacramenti

192 2938 196 2949 ,
281 2904 345 2943 cum
358 2890 470 2943 delictis
483 2891 603 2943 habeant
619 2894 744 2955 oportet,
757 2888 882 2956 quamvis
914 2886 1052 2959 rationem
1062 2886 1087 2938 ei
1103 2886 1208 2949 inesse,
1220 2888 1328 2938 Petrum
1337 2886 1459 2952 jndicio,
1473 2899 1506 2939 ex

280 2976 447 3041 poeuitentis
473 2975 594 3037 virium,
622 2981 650 3028 et
680 2975 782 3029 indolis
806 2976 880 3028 haud
914 2970 1506 3037 comparationesaepesaetacumbaptismo,

281 3061 452 3129 negligenda
474 3061 509 3113 sit
530 3061 724 3114 consideratio.
746 3060 880 3127 Equidem
914 3057 985 3109 sicut
1003 3061 1029 3108 et
1047 3069 1080 3109 ex
1101 3058 1178 3108 miris
1197 3069 1268 3121 qaros
1291 3056 1315 3108 ei
1332 3055 1457 3109 tribuunt
1469 3056 1507 3107 el-

280 3146 325 3200 vix
352 3150 475 3213 possunt
499 3146 749 3211 impraesentiarum
776 3146 881 3212 iniungi
914 3141 1033 3193 lectibus
1057 3140 1232 3193 manifestum
1260 3146 1311 3193 est.
1333 3140 1505 3191 Ambrosium

279 3231 458 3298 quaeveteris
467 3230 621 3295 disciplinae
632 3230 805 3294 seueritatem
816 3243 883 3295 prae·
912 3226 970 3289 jam
992 3224 1146 3276 audivimus
1171 3222 1362 3275 remissionem
1383 3227 1508 3287 peccato·

279 3318 425 3375 scierunt3
444 3316 494 3367 sed
516 3315 685 3381 injungenda
706 3306 881 3367 sunt'saltem
915 3322 976 3361 rum
992 3315 1090 3362 contra
1110 3308 1276 3361 Novatianos
1299 3307 1505 3369 vindicantem,

279 3416 346 3468 quae
357 3405 536 3468 peccatorem
550 3399 724 3464 aliquatenus
745 3399 881 3464 puniunt,
917 3405 950 3447 eo
969 3394 1043 3459 quod
1064 3400 1091 3446 et
1107 3392 1269 3458 baptizando
1287 3391 1427 3444 remittant
1447 3404 1507 3457 peo-

279 3493 307 3540 et
320 3501 338 3539 a
353 3472 465 3552 peccati
479 3484 637 3536 discrimine
659 3484 769 3550 longius
792 3496 883 3537 remo·
916 3486 976 3533 cata
992 3495 999 3531 ε
1013 3500 1025 3525 «
1036 3479 1104 3543 Quid
1114 3480 1244 3541 interest,
1257 3483 1348 3531 utrum
1360 3492 1410 3543 per
1420 3478 1507 3544 posui·

278 3579 358 3628 vent.
388 3569 468 3622 Nulla
497 3570 605 3623 fovetur
631 3570 808 3636 superstitio,
838 3572 882 3625 vel
917 3563 1506 3631 tentiam,anperlavacrum,lrocJ'ussibi

279 3670 398 3713 morum
409 3656 578 3721 corruptela:
590 3668 687 3709 omnes
697 3656 882 3710 enimnorunt
914 3650 1009 3703 datum
1027 3652 1184 3704 sacerdotes
1206 3649 1366 3703 vindicanti
1379 3663 1463 3702 unum
1477 3649 1505 3701 in
1564 3668 1566 3673 ·

278 3758 311 3798 se
330 3756 394 3797 non
420 3752 503 3806 posse
524 3740 571 3794 bei
595 3742 704 3795 veniam
728 3743 881 3809 consequi,
914 3741 1035 3801 utroque
1053 3734 1211 3802 mysterium
1231 3742 1282 3789 cst.
1305 3734 1336 3782 ιθ
1358 3737 1385 3787 S.
1412 3735 1506 3789 lliero·

279 3830 336 3883 uisi
345 3826 472 3895 peccatis
480 3827 632 3890 derelictis,
647 3833 688 3891 et,
702 3829 880 3893 moriribus,
915 3832 1014 3885 nymus
1024 3856 1031 3881 ‚
1042 3824 1072 3871 ut
1084 3820 1182 3883 probet
1194 3819 1347 3885 ignorantia
1358 3820 1506 3885 aliquando

279 3916 418 3985 expiatis.
916 3903 1039 3968 peccari,
1054 3902 1245 3955 animadvertit
1263 3903 1427 3955 homicidam
1439 3902 1505 3967 ,qui

916 4000 982 4039 casu
1002 3986 1168 4039 interfecerit
1185 3986 1339 4049 hominem,
1353 3987 1387 4039 ad
1408 3987 1506 4039 urbem
1573 4004 1575 4009 ·

506 4064 610 4116 CAPUT
627 4064 670 4116 Vl.
916 4070 1094 4136 lugitivorum
1112 4070 1237 4121 conterre
1255 4084 1285 4121 se
1306 4070 1426 4133 debere,
1445 4090 1457 4116 a
1478 4076 1506 4123 et

918 4155 1022 4208 tamdiu
1053 4156 1091 4206 ibi
1113 4168 1192 4218 esse,
1220 4154 1352 4220 quamdiu
1375 4154 1505 4208 sacerdos

916 4241 1052 4294 maximus
1071 4240 1215 4303 moriatur,
1238 4241 1265 4293 id
1289 4246 1331 4293 est
1355 4241 1506 4294 redimatur

312 4333 378 4385 ala.
413 4330 510 4382 veram
549 4326 718 4382 sacramenti
746 4326 881 4379 rationem
916 4328 1050 4395 sauguine
1071 4328 1233 4391 saluatoris,
1252 4327 1342 4381 autin
1362 4328 1506 4382 domoba·

417 4210 449 4250 bn
466 4208 620 4249 Mliffllffl
638 4208 753 4248 bariolen.

274 4414 460 4486 poenitentiae
473 4415 621 4468 conuenire
633 4426 668 4467 ex
680 4411 840 4479 disceptatis
853 4413 883 4463 li·
916 4413 1071 4489 ptismatis,
1090 4417 1136 4465 aut
1152 4412 1180 4465 in
1199 4412 1358 4479 poenitentia
1371 4425 1433 4479 quae
1445 4413 1504 4465 imi·
1550 4452 1553 4458 1

301 4683 334 4733 (tl
346 4680 408 4721 Luc.
416 4689 437 4717 ι.
447 4684 479 4719 lo.
489 4674 516 4730 ll)
525 4681 547 4718 ι..
555 4678 581 4718 dc
589 4677 663 4729 penit
671 4688 691 4718 c.
700 4676 736 4719 vii.
876 4636 890 4663 Ο
939 4674 967 4726 (b)
981 4674 1004 4737 ln
1019 4683 1067 4725 cup.
1076 4671 1107 4712 iii.
1121 4672 1189 4715 isnin.

301 4750 332 4803 (5)
343 4746 436 4790 Ibidem
445 4758 464 4787 c.
474 4746 502 4786 iv.
511 4747 538 4798 (tl
548 4747 587 4798 Ep.
596 4746 623 4786 nd
633 4746 690 4798 vtrg.
700 4746 792 4799 lepram.
939 4745 965 4797 lul
977 4744 1000 4785 t.
1011 4743 1028 4785 i.
1036 4742 1063 4783 ds
1072 4742 1147 4793 penit.
1155 4754 1172 4784 o.
1182 4744 1219 4785 rii.
