3792 5550
373 565 411 619 9!
684 564 801 615 iaici.
820 562 889 615 xiii.
908 566 937 616 P.
958 564 979 615 i.
999 564 1043 617 DE
1060 562 1284 619 eucharistia.

378 682 469 735 cibum
482 679 620 747 gustandi.
634 679 792 731 petentibus
813 685 845 731 ut
860 692 972 745 semper
1004 680 1077 734 sidio
1095 680 1131 732 ad
1160 680 1238 732 iiiam
1260 678 1467 745 percipiendum
1492 678 1593 732 cibum

375 766 433 819 iliis
444 779 544 832 panem
566 766 639 816 hunc
659 763 756 826 daret,
775 764 919 829 respondit
941 778 972 817 se
1009 767 1097 828 Quum
1111 764 1231 831 primum
1247 777 1386 830 sepanem
1396 763 1504 827 dixerit,
1517 763 1596 816 intei-

380 866 442 906 esse
457 864 556 918 panem
568 850 648 912 vitae,
668 862 720 901 nec
730 850 849 902 esuriem
873 862 974 915 passu·
1006 852 1137 918 iigendus
1148 852 1257 905 ridetur
1268 851 1341 903 dese
1354 850 1382 902 iu
1392 851 1485 903 cibum
1498 849 1597 902 anima

381 952 460 1001 rum,
484 949 536 989 nec
561 934 654 997 sitim,
667 933 834 999 quicumque
856 934 890 987 ad
908 946 972 987 cum
1007 937 1281 1003 sumendo,quamvis
1294 949 1349 1003 qua
1362 935 1469 989 ratione
1481 935 1509 987 id
1520 935 1597 989 tieret

380 1022 531 1077 accederet.
546 1019 702 1087 Objurgavit
723 1032 771 1072 eos
786 1019 916 1084 deinceps
938 1030 972 1071 co
1006 1036 1063 1077 non
1084 1023 1177 1077 sicum
1203 1023 1349 1089 aperuerit.
1380 1024 1515 1075 caeterum
1534 1033 1598 1087 pro·

381 1109 456 1176 quod
473 1108 512 1159 illi
531 1108 591 1159 haec
602 1105 720 1158 tradenti
740 1117 795 1158 ¹10ss
810 1104 970 1166 crederent,
1007 1108 1159 1175 grediendo
1184 1108 1252 1160 iilud
1269 1108 1414 1161 manifesto
1438 1105 1596 1159 declararit.

379 1194 453 1249 etad
467 1192 638 1246 excitandam
650 1203 745 1244 eorum
759 1189 972 1249 aemuiationem,
1007 1197 1120 1247 constat
1137 1193 1220 1260 igitur
1231 1193 1283 1246 sibi
1298 1198 1356 1246 tota
1368 1191 1476 1253 oratio,
1491 1190 1596 1257 quade

380 1274 974 1347 praeocuiisproposuitpraemiaquaetideles
1008 1280 1072 1333 cibo
1091 1278 1279 1332 Eucharistico
1300 1284 1362 1343 est,
1381 1279 1434 1331 sub
1449 1276 1597 1331 involucris

381 1366 443 1433 ejus
464 1364 614 1429 discipulos
630 1362 976 1414 manebantrhiurmnra·
1009 1364 1150 1430 primum,
1181 1364 1311 1429 deinceps
1346 1365 1419 1417 clare
1448 1362 1595 1429 promisso.

380 1450 450 1503 ¹hant
471 1462 535 1516 ergo
547 1448 633 1501 iudaei
644 1448 678 1500 de
690 1445 830 1511 iiic,quia
843 1445 973 1497 dixisset:
1009 1450 1083 1503 vere
1113 1450 1214 1503 dicitur
1242 1450 1323 1515 panis
1345 1451 1417 1503 coeio
1445 1449 1596 1515 delapsum

380 1538 441 1603 Ego
468 1548 529 1588 sum
560 1533 639 1600 panis
664 1532 758 1596 vivus,
782 1530 829 1597 qui
851 1530 886 1583 de
904 1531 975 1583 coeio
1008 1535 1134 1601 quamvis
1158 1535 1232 1589 enim
1260 1548 1324 1589 caro
1348 1534 1448 1587 christi
1463 1548 1497 1587 ex
1519 1540 1596 1587 utero

380 1620 521 1673 descendi.
533 1639 545 1665 ν
556 1620 563 1655 ¹
576 1621 695 1672 hiurmur
705 1621 757 1671 hoc
768 1616 892 1670 cohibuit
901 1617 976 1669 Chri·
1009 1622 1104 1674 matris
1121 1622 1266 1687 desumpta
1288 1622 1343 1685 sit,
1362 1620 1453 1674 divina
1479 1619 1597 1686 dignitas

382 1712 458 1772 stus,
471 1722 574 1775 eosque
593 1710 654 1764 ideo
674 1709 747 1763 haud
761 1706 873 1759 credere
890 1703 975 1781 dixit,
1009 1718 1157 1773 personae,
1171 1720 1233 1759 cum
1246 1719 1299 1772 qua
1312 1705 1503 1772 coniungitur,
1521 1703 1596 1767 iacit,

380 1792 446 1859 quia
470 1795 542 1846 Patri
564 1794 673 1848 docenti
692 1795 805 1849 interius
825 1810 880 1851 non
893 1800 976 1852 obau·
1009 1797 1039 1844 ut
1050 1791 1086 1844 (10
1097 1802 1129 1844 0³
1140 1791 1305 1857 iiiaeffissefflf
1312 1790 1432 1843 ὓωῐθθῐῑδ
1443 1790 1489 1842 ἱΠῧ
1501 1790 1595 1854 ῡῐίθῡῑ

378 1877 505 1929 diebant.
526 1880 628 1931 iterum
650 1893 681 1933 se
704 1894 802 1947 panem
829 1884 891 1937 ritae
912 1898 975 1938 esse
1008 1875 1548 1943 timiiietistesstiliimfflsiustiuenaturae
1563 1874 1597 1927 <¹0

380 1961 545 2027 affirmavit,
571 1969 598 2017 et
621 1965 691 2018 iacta
716 1968 758 2020 sui
782 1982 844 2021 cum
873 1982 975 2022 manna
1009 1976 1128 2029 persona
1148 1963 1199 2015 rite
1222 1962 1424 2028 praedicantur,
1450 1967 1477 2013 et
1494 1960 1532 2013 de
1549 1973 1598 2012 ua·

383 2049 546 2113 collatione,
569 2051 691 2104 ostendit
708 2052 790 2105 morti
804 2053 975 2119 subjacuisse
1008 2048 1077 2101 turis
1095 2050 1266 2111 inconcreta,
1277 2049 1352 2113 juxta
1372 2045 1597 2099 scholasticorum

383 2134 430 2197 qui
451 2136 503 2187 hoc
524 2135 589 2187 oiim
610 2120 808 2199 uescebantur,
828 2150 858 2188 se
882 2149 975 2190 rcroe
1008 2146 1174 2186 sermonem.

386 2220 456 2271 coelo
475 2219 669 2281 descendisse,
691 2224 721 2272 ut
743 2220 789 2285 qui
809 2234 841 2272 ex
853 2234 886 2274 eo
897 2235 974 2274 man·
1041 2220 1083 2269 45.
1104 2218 1161 2284 obj,
1174 2220 1201 2269 5.
1214 2220 1282 2271 Tota
1294 2218 1340 2270 iiia
1359 2219 1395 2271 de
1412 2218 1474 2271 cibo
1492 2217 1599 2271 ooelesti

380 2303 510 2366 ducaret,
530 2303 584 2355 vita
606 2303 741 2356 frueretur
762 2311 872 2358 aeterna.
892 2308 975 2359 Suam
1009 2304 1097 2358 oratio
1118 2303 1232 2371 figurata
1257 2306 1339 2370 piane
1363 2309 1422 2366 est,
1444 2304 1484 2355 uti
1502 2317 1538 2356 ex
1566 2302 1598 2355 iis

389 2388 476 2454 ipsius
499 2400 609 2440 carnem
643 2389 842 2441 comedendam
869 2391 896 2442 in
920 2392 977 2443 ani·
1008 2388 1101 2442 verbis
1124 2393 1218 2454 patet,
1247 2389 1348 2454 quibus
1386 2388 1599 2455 promissionem

385 2485 439 2525 mae
462 2472 553 2525 cibum
573 2473 681 2526 tandem
710 2474 861 2541 perspicuis
884 2476 975 2529 verbis
1009 2473 1142 2526 contineri
1167 2474 1285 2526 manime
1306 2476 1410 2541 jactant
1440 2473 1598 2527 catholici:

386 2558 549 2612 enuntiavit.
584 2559 730 2613 verissime
760 2560 842 2627 igitur
875 2561 975 2614 dicitur
1011 2578 1024 2605 ι
1043 2560 1122 2624 panis
1140 2572 1222 2624 quem
1236 2572 1287 2626 ego
1300 2559 1382 2622 dabo,
1401 2571 1465 2611 caro
1477 2571 1540 2611 mea
1559 2562 1601 2611 est

380 2643 530 2717 occasione
552 2645 644 2709 panis,
666 2658 721 2710 quo
739 2645 898 2699 reficiuntur
915 2660 975 2700 cor·
1009 2657 1059 2710 pro
1072 2644 1168 2696 mundi
1178 2644 1233 2697 vita
1244 2633 1251 2695 ε’
1262 2664 1275 2690 ι
1295 2644 1364 2698 ‘rei
1376 2649 1406 2696 ut
1417 2643 1500 2695 habet
1510 2648 1601 2696 tentus

384 2740 466 2794 pora,
487 2742 554 2782 usus
574 2743 655 2796 esse,
675 2736 705 2784 ut
730 2731 765 2784 de
793 2732 855 2785 cibo
876 2731 975 2785 animae
1009 2732 1141 2786 Graecus:
1158 2737 1179 2782 tr
1201 2734 1245 2798 ipo
1262 2733 1325 2783 tte·
1340 2730 1393 2800 trip
1410 2741 1450 2783 rer
1466 2738 1501 2781 ns
1518 2730 1601 2793 sirpo

384 2814 557 2878 loqueretur;
578 2816 627 2868 sed
650 2816 738 2881 quatis
763 2817 799 2870 sit
825 2819 872 2871 iiie
897 2819 976 2872 cibus
1009 2828 1072 2878 rute.
1098 2819 1144 2872 iiis
1177 2819 1287 2883 verbis,
1315 2819 1353 2870 uti
1386 2819 1457 2869 bene
1488 2818 1603 2871 adnotat

379 2897 447 2963 ipso
464 2898 581 2952 docente
594 2900 735 2954 discimus.
749 2903 873 2957 Proiecto
896 2905 919 2956 si
940 2905 976 2957 de
1010 2905 1209 2964 iiosenmiiiler,
1227 2902 1352 2968 indigitat
1369 2906 1485 2953 mortem
1498 2915 1600 2961 suam;

385 2983 512 3035 doctrina
523 2983 577 3036 tide
589 2985 749 3050 excipienda
761 2988 878 3041 voluerit
889 2989 976 3055 ioqui,
1012 3009 1024 3035 «ι
1042 2990 1116 3051 iore,
1139 2993 1169 3040 ut
1186 3001 1219 3040 ex
1238 2990 1326 3038 morte
1343 2998 1393 3037 sua
1414 2985 1533 3038 maxima
1556 3000 1600 3054 ge·

386 3066 491 3133 absque
512 3069 568 3120 ulla
597 3082 678 3122 causa
703 3071 816 3137 figuris,
840 3075 976 3140 aquibus
1010 3074 1068 3127 neri
1078 3075 1201 3125 humano
1218 3070 1354 3124 orirentur
1366 3068 1508 3122 beneficia.
1529 3072 1569 3117 »ὁ

383 3150 455 3205 adeo
474 3153 659 3207 abhorrebant
671 3157 820 3222 auditores,
834 3173 900 3213 usus
910 3160 976 3214 iuis·
1042 3160 1084 3210 tt.
1113 3158 1191 3222 hosp.
1221 3156 1374 3222 Figuratum
1396 3154 1470 3207 iiiam
1498 3156 1599 3209 oratio·

386 3251 416 3290 se
427 3237 573 3292 videbitur.
593 3240 604 3274 ¹
1010 3257 1089 3307 nem,
1108 3256 1190 3308 quam
1212 3240 1389 3316 Rationalista
1413 3244 1477 3306 post
1506 3243 1599 3295 Prote·

419 3326 460 3376 tt.
475 3325 533 3392 ooj.
548 3327 573 3377 2.
588 3329 625 3379 iio
643 3326 697 3381 hde
713 3329 789 3394 prius
808 3331 916 3384 locutus
934 3337 976 3384 est
1010 3333 1114 3382 stantes
1128 3327 1198 3380 adeo
1217 3326 1387 3379 manifestam
1399 3330 1505 3390 censet,
1518 3338 1600 3393 agno·

380 3409 509 3464 christus
529 3427 536 3461 :
558 3411 640 3478 igitur
662 3416 795 3468 transitus
817 3417 851 3468 ad
873 3418 976 3470 oraiem
1010 3428 1088 3469 scere
1120 3426 1177 3466 non
1199 3425 1367 3478 possumus,
1390 3410 1498 3463 christo
1526 3416 1598 3463 tanta

386 3495 625 3550 manducationem
646 3512 701 3552 non
717 3505 759 3552 est
771 3501 975 3566 admittendus,
1010 3514 1073 3554 cum
1097 3499 1300 3552 asseveratione
1326 3511 1435 3550 carnem
1465 3510 1546 3550 suam
1569 3509 1599 3550 se

387 3580 539 3643 praesortim
556 3594 642 3646 quum
660 3582 739 3646 panis
752 3583 811 3646 ipse
825 3583 930 3636 dicatur
942 3598 976 3638 eo
1010 3585 1138 3637 daturum
1157 3582 1308 3648 profitente.
1323 3584 1351 3636 Si
1369 3584 1397 3635 in
1419 3595 1549 3636 sermone
1565 3583 1600 3634 de

387 3663 441 3715 loci
452 3701 459 3726 ‚
472 3664 500 3715 in
515 3665 616 3729 quode
630 3667 682 3718 tide
703 3667 783 3731 piane
801 3668 906 3734 agitur,
919 3675 946 3722 et
961 3683 977 3722 e
1011 3681 1082 3735 pane
1103 3667 1291 3733 constitisset,
1315 3668 1502 3734 interpretatio
1537 3669 1599 3735 tigu-

381 3749 458 3801 coelo
477 3749 672 3815 descendisse,
687 3765 771 3816 quum
789 3765 853 3806 caro
867 3754 926 3820 ejus
945 3767 978 3806 ex
1010 3760 1069 3808 rata
1080 3754 1326 3809 verosimilitudine
1340 3769 1396 3809 non
1411 3759 1528 3817 careret;
1550 3753 1598 3807 sed

379 3837 466 3885 utero
487 3833 601 3901 virginis
619 3834 654 3886 sit
671 3835 801 3888 derivata.
1011 3855 1097 3907 quum
1108 3854 1219 3894 carnem
1231 3840 1367 3904 nominet,
1381 3845 1425 3903 et,
1443 3852 1615 3908 repugnan.

421 3919 463 3968 ta.
482 3919 561 3984 hisp.
588 3919 683 3972 Totius
712 3921 853 3976 concionis
879 3924 978 3979 Christi
1012 3928 1085 3980 tibus
1095 3927 1217 3991 Judaeis,
1230 3926 1368 3980 interitum
1381 3939 1442 3979 eam
1455 3937 1510 3979 non
1526 3938 1598 3978 man·

389 4003 517 4056 materies
535 4004 586 4057 init
602 4004 700 4058 animae
715 4006 808 4071 cibus,
821 4009 978 4071 [occasione
1012 4012 1122 4067 ducanti
1140 4013 1268 4074 minetur,
1281 4011 1424 4078 ignoscant
1440 4011 1521 4065 nobis
1535 4013 1597 4064 Pro·

389 4096 497 4156 sumpta
525 4104 557 4143 ex
583 4093 706 4158 corporis
731 4093 908 4148 nutrimento.
940 4098 978 4150 De
1012 4104 1143 4153 testantes
1159 4103 1187 4151 et
1205 4098 1406 4162 Rationalistae,
1425 4097 1597 4151 credentibus

381 4175 443 4229 tide
462 4177 534 4244 egit,
548 4184 686 4244 tamquam
699 4179 855 4234 conditione
869 4187 896 4234 et
911 4182 976 4235 sub·
1011 4184 1087 4237 nulio
1115 4189 1195 4250 pacto
1226 4183 1385 4250 contingere
1416 4183 1539 4250 potuisse
1570 4185 1598 4234 ut

417 4439 443 4492 (t)
453 4441 478 4480 V.
487 4444 519 4482 tt.
1013 4447 1099 4489 ciothed
1106 4448 1140 4489 his
1147 4450 1252 4500 thoughts
1257 4449 1279 4490 in
1287 4455 1343 4490 most
1350 4450 1465 4491 unnaturai
1474 4451 1598 4502 iangmger

416 4508 443 4560 (a)
462 4523 473 4547 ι
486 4510 505 4550 it
513 4513 697 4565 mustbsownsd,
706 4515 753 4554 that
768 4514 833 4554 iiour
842 4515 941 4564 Sericur,
949 4515 977 4568 bg
1014 4517 1051 4556 br.
1070 4517 1166 4558 tonum
1184 4519 1220 4558 cit.
1238 4530 1251 4560 a
1267 4519 1446 4572 monstraret·
1462 4517 1486 4577 οζ
1498 4530 1526 4560 an
1544 4516 1598 4560 trist

389 4580 459 4620 man't
472 4580 544 4632 esting
559 4582 594 4622 hia
607 4582 660 4623 heth
669 4611 676 4634 ,
684 4583 727 4623 and
743 4583 844 4634 drinking
856 4583 891 4624 hia
900 4584 976 4636 blood,
1013 4585 1138 4628 Gentieman
1147 4615 1154 4639 ‚
1162 4599 1182 4628 ο.
1190 4587 1235 4628 xiii.

388 4653 463 4690 meant
472 4649 562 4701 nothing
569 4649 608 4690 but
616 4661 641 4691 ro
648 4651 738 4692 obvious
747 4662 759 4692 ι
769 4651 831 4703 thing
838 4663 862 4692 aa
871 4653 978 4705 receiving
1037 4656 1064 4709 (t)
1077 4656 1102 4696 V.
1120 4661 1153 4696 aa.

390 4716 436 4757 him
446 4717 489 4758 and
497 4717 532 4759 nis
546 4718 642 4761 doctrine
651 4719 679 4770 by
692 4719 745 4760 isitii
755 4719 797 4761 und
810 4719 938 4774 obedienda,
951 4723 979 4764 he
1037 4725 1065 4778 (t)
1080 4725 1191 4768 dalocum.
