3792 5550
738 608 804 657 cur.
825 608 853 657 v.
875 608 916 657 uu
935 597 1150 657 cheaulinus.
1512 614 1563 665 225

347 740 378 779 ex
395 738 477 791 opere
500 724 615 789 ¹operato
638 734 693 774 nou
712 722 862 775 contulisse
880 734 937 787 gra·
972 720 1054 785 guiue
1080 727 1219 775 taurorum
1247 732 1275 777 et
1301 727 1439 780 hircorum
1462 730 1561 781 auterrt

293 836 295 841 ·
347 813 426 875 liant,
445 811 493 862 sed
516 814 621 861 tautum
646 808 783 874 proluisse
802 822 834 861 ex
853 820 936 873 opere
971 806 1139 870 peccata.»⁸
1158 809 1271 862 Parilia
1295 811 1563 878 igitursacrameuta
1611 837 1638 862 ·.

347 896 503 964 operantis:
516 895 534 945 ii
545 894 649 947 scilicet
662 893 708 959 qui
732 906 828 945 eorum
845 906 877 945 ex
889 906 937 945 oo-
971 892 1162 944 conterebatur
1176 899 1279 946 tantum
1293 900 1441 952 mundities
1452 906 1562 952 externa

346 982 455 1037 casiouc
474 981 575 1042 fldem,
597 980 738 1040 dolorem,
755 979 879 1043 aliosque
898 976 936 1043 pii
971 982 998 1027 ct
1026 978 1142 1041 legalis,
1173 987 1310 1044 quatenus
1338 984 1383 1049 qui
1412 999 1461 1037 eos
1492 986 1561 1038 ritus

346 1068 428 1120 animi
441 1064 874 1131 motusconoipiebaut,gratiam
888 1078 937 1129 per
971 1069 1137 1127 peregerunt
1172 1064 1343 1118 habebantur
1377 1063 1513 1123 immunes
1547 1085 1562 1123 a

346 1153 551 1218 Redemptoris‚
570 1150 937 1215 inuuemsperabantme·
972 1147 1119 1213 sordibus,
1152 1151 1252 1215 quibus
1278 1154 1314 1205 ob
1342 1156 1458 1207 violatas
1488 1157 1563 1222 leges

348 1240 396 1292 rita
434 1237 664 1303 adipiscebantur.
696 1234 936 1287 Circumcisiouem
971 1224 1102 1287 lthsaioas
1124 1236 1231 1289 lucrant
1249 1239 1274 1289 in
1294 1247 1443 1305 conspectu
1469 1244 1564 1308 populi

345 1336 410 1377 vero
423 1322 573 1375 adhibitam
596 1321 680 1392 luisse
692 1326 829 1386 tamquam
850 1325 937 1373 exter·
967 1320 1070 1385 judaici
1085 1321 1228 1387 inquinati.

280 1444 283 1449 -
346 1422 408 1461 nam
428 1408 490 1460 ddei
504 1410 531 1457 iu
541 1407 751 1471 Redemptorem
766 1406 938 1471 protestatio·
987 1409 1045 1461 ,oo
1066 1408 1142 1460 Paria
1152 1422 1214 1461 csse
1230 1410 1329 1463 virtute
1347 1418 1438 1464 uetera
1451 1417 1478 1464 ct
1490 1425 1563 1466 nova

346 1508 408 1547 nem
419 1494 544 1546 nonnulli
558 1498 619 1558 post
629 1494 656 1543 S.
667 1494 799 1545 Thomam
811 1490 819 1523 ¹
829 1494 935 1556 putaut;
971 1500 1141 1547 sacramenta
1163 1495 1280 1560 probare
1291 1503 1426 1549 conantur
1438 1498 1565 1549 nonnulli

346 1586 373 1631 et
393 1592 424 1631 ea
450 1578 554 1631 ratione
577 1578 697 1630 deletum
713 1578 739 1627 in
753 1575 883 1628 masculis
901 1575 936 1627 ad
971 1590 1003 1628 ex
1016 1580 1044 1628 b.
1057 1579 1131 1629 Pauli
1144 1580 1178 1630 ad
1191 1582 1462 1634 Corinthiosrerbis:
1474 1583 1564 1636 «Nolo

346 1664 566 1728 octavumtdiem
592 1662 813 1727 pervenientibus
841 1674 937 1727 pecca·
971 1664 1044 1715 enim
1060 1678 1110 1717 vos
1136 1665 1261 1731 ignorare
1288 1668 1405 1732 tratres,
1431 1669 1561 1735 quoniam

341 1756 402 1806 tum
414 1747 528 1813 originis
539 1746 567 1807 ;¹
593 1747 750 1799 existimant
773 1747 845 1799 enim
863 1748 935 1799 illius
970 1755 1061 1814 patres
1072 1753 1158 1803 nostri
1174 1766 1270 1805 omnes
1283 1754 1334 1805 sub
1354 1755 1427 1806 nube
1442 1754 1561 1817 luerunt,

346 1832 448 1898 peccati
459 1832 511 1883 sub
519 1831 602 1884 veteri
611 1834 681 1898 Lege
690 1832 839 1884 remedium
851 1831 935 1884 luisse
970 1839 997 1887 et
1009 1848 1106 1887 omnes
1128 1850 1204 1889 maro
1224 1838 1405 1900 transierunt3
1418 1842 1444 1889 et
1462 1851 1561 1890 omncs

343 1924 434 1971 actum
445 1919 562 1982 aliquem
578 1922 718 1970 externum
737 1929 792 1982 quo
810 1917 879 1969 fides
890 1916 935 1969 illa
970 1920 998 1971 in
1011 1922 1102 1987 htoyse
1115 1922 1243 1986 baptizati
1256 1928 1329 1985 sunt,
1344 1924 1371 1976 in
1383 1924 1473 1987 nube,
1493 1929 1520 1975 et
1532 1925 1562 1976 in

345 2003 567 2057 declarabatur.³
592 2006 700 2056 Certum
720 2009 810 2056 autom
828 2003 936 2057 videtur
969 2005 1058 2056 mari:
1075 2012 1102 2057 et
1120 2020 1216 2058 omnes
1230 2008 1354 2060 eamdem
1374 2021 1465 2060 escam
1478 2010 1560 2074 spiri·

350 2089 508 2155 primarium
533 2089 606 2140 illius
619 2091 688 2141 ritus
708 2089 791 2141 linem
805 2088 888 2141 luisse
905 2094 936 2141 ut
970 2092 1051 2143 talem
1066 2093 1316 2156 manducaverunt,
1331 2100 1358 2146 ct
1373 2107 1468 2146 omnes
1480 2108 1561 2147 eum-

345 2188 412 2241 gens
430 2174 542 2227 Iudaica
564 2174 647 2226 voluti
672 2173 716 2225 bel
739 2174 823 2227 cultui
841 2186 936 2226 conse·
970 2178 1030 2229 dem
1061 2183 1155 2242 potum
1185 2179 1335 2244 spiritalem
1364 2179 1501 2231 biberunt.
1526 2181 1565 2226 „o

344 2265 436 2325 crata,
460 2266 488 2312 et
512 2261 615 2313 loedere
633 2261 751 2327 obligata
773 2265 932 2313 notaretur:
969 2264 1102 2316 Caeterum
1117 2265 1225 2331 egregie
1247 2265 1396 2317 falluntur:
1412 2267 1560 2331 apostolus

347 2352 402 2398 rut
415 2346 449 2398 sit
468 2346 495 2398 in
510 2347 617 2413 signum
633 2346 744 2399 loederis
766 2346 894 2399 interme
907 2352 935 2399 et
969 2354 1041 2401 enlm
1067 2363 1122 2403 non
1144 2351 1243 2403 asserit
1266 2352 1391 2404 eamdem
1419 2352 1500 2403 nobis
1528 2365 1563 2403 ac

343 2446 399 2485 vos.
413 2431 447 2479 »θ
465 2432 532 2484 ilinc
551 2434 695 2497 Apostolus
718 2434 776 2498 rius
790 2432 933 2486 utilitatem
968 2434 1022 2499 illis
1040 2448 1101 2486 esse
1120 2436 1268 2500 spiritalem
1282 2450 1383 2499 escam,
1397 2437 1563 2489 eumdemre

344 2520 499 2583 declarans,
510 2520 868 2587 docettudaeis,·tamquam
887 2522 932 2574 bei
968 2524 1078 2583 potum,
1093 2519 1140 2571 sed
1160 2520 1214 2570 iltis
1226 2510 1354 2571 omuibus
1372 2520 1443 2572 dona
1462 2520 1508 2571 illa
1527 2533 1560 2571 ac

343 2606 463 2671 populo,
478 2607 537 2671 eius
550 2605 695 2659 occasione
709 2606 810 2659 credita
823 2620 884 2659 esse
894 2607 933 2658 di·
967 2603 1099 2656 beneficia
1118 2603 1203 2657 luisse
1220 2606 1392 2668 communia,
1410 2610 1441 2656 ut
1464 2618 1562 2658 eorum

343 2690 404 2743 vina
416 2691 539 2755 eloquia:
558 2691 648 2753 «Quid
671 2702 736 2757 ergo
755 2692 872 2757 amplius
888 2694 933 2745 Ju-
968 2689 1092 2753 exemplo
1111 2688 1157 2754 qui
1185 2694 1224 2742 tot
1237 2690 1379 2742 beneficiis
1402 2690 1500 2757 ingrati
1511 2691 1561 2742 bei

344 2777 477 2829 daeoestl
489 2781 535 2829 aut
553 2777 727 2842 quaeutilitas
749 2777 930 2833 circumcisio·
968 2775 1036 2827 iram
1063 2782 1297 2840 provocaverunt,
1316 2777 1484 2829 Christianos
1505 2781 1560 2829 ter-

329 2861 407 2913 ·uis‘i
418 2862 529 2914 Multum
554 2875 723 2928 peromnem
737 2863 860 2916 modum.
876 2863 935 2916 Pri·
967 2865 1058 2923 reret,
1073 2875 1108 2913 ne
1126 2862 1224 2914 divinis
1245 2863 1325 2915 donis
1343 2863 1406 2915 elati
1431 2863 1504 2917 vitiis
1516 2863 1559 2915 ln-

342 2962 417 3000 mum
438 2949 549 3014 quidem
569 2948 632 3014 quia
661 2949 764 3002 credita
793 2955 855 3002 sunt
879 2950 933 3002 illis
969 2945 1560 3016 dulgerentzuscdnoninpluribuseorum

344 3033 516 3099 oloquiabei.
533 3033 569 3079 »⁵
969 3033 1172 3098 beneplacitum
1187 3042 1229 3088 est
1247 3037 1325 3088 beo:
1345 3048 1407 3088 nam
1428 3035 1562 3101 prostrati

376 3122 419 3172 98.
438 3121 538 3172 Omnes
554 3119 622 3171 ritus
640 3119 779 3183 judaicos,
801 3132 869 3184 quos
892 3133 934 3172 sa·
967 3124 1033 3169 suut
1053 3120 1082 3169 in
1104 3119 1221 3172 deserto.
1237 3121 1300 3172 ilaec
1312 3126 1401 3172 autem
1424 3119 1558 3186 infigura

344 3211 480 3260 eramenta
516 3220 730 3272 nuncupamuS,
759 3206 880 3259 caruisse
905 3205 932 3259 vi
969 3202 1037 3254 lacta
1050 3209 1115 3255 sunt
1127 3205 1272 3266 uostri‚ut
1288 3218 1344 3258 non
1357 3207 1443 3258 simus
1456 3216 1559 3258 conou-

343 3292 530 3346 sanctificandi
544 3292 663 3344 animam
674 3292 791 3357 plurima
810 3291 933 3357 Apostoli
967 3287 1105 3352 piscentes
1129 3290 1282 3350 malorum,
1298 3290 1367 3342 siout
1387 3297 1414 3342 et
1432 3290 1469 3341 illi
1483 3303 1562 3344 ›con‹

342 3378 496 3433 testimonia
517 3378 723 3430 demonstrant:
743 3397 755 3423 r
774 3390 887 3429 munera
906 3382 933 3430 et
967 3372 1120 3437 cupierunt.
1136 3372 1175 3419 »¹⁰

342 3466 439 3519 hostiae
463 3463 633 3528 offeruntur,
654 3477 715 3529 quae
737 3476 793 3516 non
816 3467 933 3528 possunt

339 3549 414 3617 juxta
444 3549 640 3602 conscientiam
667 3548 816 3614 perlectum
843 3547 931 3600 tacere
1079 3558 1081 3562 ·
1183 3545 1289 3597 CAPUT
1308 3548 1336 3597 V.

343 3635 520 3699 servientem,
533 3633 707 3687 solummodo
724 3633 751 3685 in
764 3632 849 3697 cibis,
863 3639 890 3685 et
903 3632 928 3684 iu

342 3721 470 3788 potibus,
500 3727 527 3774 et
550 3719 632 3773 variis
657 3719 882 3786 baptismatibus,
905 3725 932 3772 et
1152 3729 1183 3769 or
1200 3731 1363 3770 chramnus.

339 3807 453 3873 Justitiis
470 3805 560 3860 carnis
572 3820 659 3872 usque
678 3807 712 3859 ad
724 3812 830 3872 tempus
843 3818 933 3859 corre-

342 3891 441 3944 ctionis
456 3891 599 3956 impositis.
614 3889 672 3935 »⁸«
686 3889 711 3940 si
725 3889 797 3942 euim
820 3889 931 3955 sanguis
999 3889 1057 3938 roo.
1077 3888 1242 3941 sacramenti
1261 3892 1412 3944 substantia
1424 3890 1452 3942 in
1473 3891 1525 3943 ritu
1539 3906 1560 3943 ar

342 3974 479 4026 hircorum
491 3979 518 4026 et
533 3978 689 4034 taurorum,
706 3978 733 4026 et
754 3973 822 4025 cinis
839 3972 932 4026 vitulae
966 3971 1073 4024 Christo
1087 3973 1212 4026 instituto
1231 3975 1318 4039 posita
1340 3981 1398 4039 est,
1421 3975 1449 4027 in
1471 3989 1555 4042 quem

342 4071 488 4124 aspersus,
523 4057 681 4123 inquinatos
709 4057 859 4110 sanctificat
879 4057 930 4110 'ad
966 4058 1068 4109 nullam
1082 4057 1134 4109 sibi
1152 4059 1271 4112 vindicat
1283 4058 1446 4125 potestatem
1460 4062 1557 4114 Eccloa

342 4142 563 4196 emundationem
587 4141 678 4194 caruis
697 4157 704 4193 :
722 4146 825 4208 quanto
845 4142 932 4208 magis
966 4141 1031 4194 sia:
1058 4143 1107 4194 scd
1131 4143 1177 4196 alii
1200 4145 1363 4212 adjiciuntur
1388 4145 1434 4211 qui
1459 4159 1558 4198 sacras

343 4228 455 4294 sanguis
480 4227 578 4280 christi
600 4265 606 4278 .
628 4265 634 4278 .
656 4226 843 4279 ‚emundabit
865 4240 931 4280 eon-
965 4226 1068 4278 babent
1086 4228 1317 4293 significationes,
1330 4235 1357 4282 et
1370 4231 1403 4282 ad
1426 4243 1554 4284 reveren-

341 4315 483 4368 scientlam
507 4320 628 4368 nostram
647 4314 681 4366 ab
706 4315 836 4381 operibus
860 4327 932 4366 mor·
967 4312 1032 4364 tiam
1053 4315 1228 4367 sacramento
1247 4315 1444 4368 conciliandam
1460 4315 1555 4368 idonci

341 4398 463 4452 ruistri
482 4421 492 4446 l
511 4399 684 4468 impossibile
708 4399 779 4453 enim
807 4405 849 4452 est
870 4411 932 4451 sau·
966 4405 1038 4450 sunt.
1053 4399 1181 4466 baptismi
1198 4400 1349 4452 substantia
1367 4400 1395 4451 in
1414 4396 1560 4453 ablutione

1382 4644 1391 4670 t

365 4660 397 4712 ¹(t)
413 4661 450 4702 itt.
460 4673 482 4714 p.
492 4663 576 4714 qu-ln.
586 4669 626 4704 nrt.
636 4667 656 4704 t.
989 4627 1016 4714 lt)
1027 4664 1082 4704 Heb.
1095 4662 1121 4704 ix.
1130 4670 1150 4705 t.

368 4731 396 4780 tt)
406 4731 487 4770 ibidem
497 4738 536 4772 art.
547 4731 574 4771 iv.
584 4733 648 4786 ltrsp.
658 4732 684 4782 titt
695 4733 784 4775 ibidem
793 4732 819 4774 cd
834 4734 854 4774 1.
991 4732 1019 4783 (t)
1026 4733 1057 4774 lb.
1068 4739 1099 4775 tlt·
1114 4735 1141 4784 (tt)
1151 4733 1182 4773 th.
1192 4745 1210 4774 ι.
1221 4739 1240 4774 t.

368 4799 395 4851 tt]
406 4799 457 4841 Gen.
468 4800 508 4840 urii
528 4801 731 4854 Η.(ῦζ1ὶοιη.ἰίἱ.1.
992 4805 1018 4855 ιθ)
1028 4804 1044 4843 1.
1054 4803 1124 4845 Com
1140 4808 1156 4842 t.
1169 4804 1206 4855 (to)
1215 4803 1246 4843 lb.
1254 4808 1273 4842 δ.
