3792 5550
366 536 418 589 324
675 534 789 586 Tutor.
807 532 883 583 xvii.
903 533 946 584 blt
965 529 1077 582 stebls
1095 529 1277 582 bbolulous.

994 645 1159 699 necessitate
1176 651 1311 711 urgente,
1336 651 1363 698 et
1380 646 1538 716 praedicans
1558 661 1589 700 es

584 737 688 788 ctl‘tll
705 735 748 786 ill.
994 731 1121 798 Episcopi
1133 729 1253 784 licentia.

1209 818 1371 883 Proposittc.

566 921 598 960 or:
614 919 760 959 nnoonmo.
1029 904 1194 957 biaconatus
1208 909 1251 957 est
1268 918 1347 957 sacer
1367 905 1448 958 ordo.

1028 993 1070 1043 cb.
1089 991 1228 1044 Probatur
1244 993 1267 1042 l.
1293 1004 1328 1042 ea:
1348 987 1514 1056 scripturis.
1534 993 1590 1048 bia·

404 1083 445 1134 ¹19.
466 1080 601 1134 Diaconos
614 1078 686 1131 inter
709 1091 804 1132 sacros
820 1079 963 1134 ministros
996 1081 1123 1131 conatum
1134 1089 1243 1129 sacrum
1260 1089 1322 1128 esse
1335 1076 1463 1128 ordinem
1477 1091 1508 1129 er
1522 1079 1590 1130 Scri·

371 1172 516 1222 recensent
533 1167 691 1234 anglicani,
707 1171 734 1219 et
748 1180 844 1219 eorum
869 1168 963 1220 munia
996 1163 1084 1230 pluris
1097 1162 1196 1229 liquet,
1209 1162 1355 1228 exquibus
1370 1162 1453 1220 etiam
1467 1177 1530 1215 eum
1543 1166 1589 1216 Sa·

370 1254 541 1318 describunt,
550 1254 687 1307 sacerdoti
701 1254 839 1306 scilicetln
853 1254 964 1319 publico
996 1249 1128 1304 oramenti
1150 1249 1252 1302 habere
1279 1249 1416 1301 rationem
1442 1249 1588 1315 colligitur.

371 1342 446 1394 cultu
471 1346 499 1393 et
526 1340 553 1390 in
577 1339 766 1391 distribuenda
792 1339 963 1391 Eucharistia
997 1339 1050 1388 llos
1062 1335 1166 1387 clectos
1176 1347 1237 1387 esse
1248 1335 1376 1400 primitus
1387 1340 1416 1388 et
1426 1337 1588 1390 constitutos

372 1439 452 1491 opem
466 1427 551 1489 terre,
573 1425 726 1490 Scripturas
747 1430 775 1477 et
794 1424 921 1476 homilias
936 1424 963 1476 in
998 1421 1143 1474 occasione
1167 1420 1317 1472 murmuris
1348 1419 1383 1473 de
1410 1421 1546 1489 neglectis
1564 1420 1588 1476 in

373 1511 494 1566 Ecclesia
506 1510 692 1576 legere,tldei
704 1510 859 1562 rudimenta
870 1510 964 1576 pueris
998 1507 1235 1573 eleemosynarum
1265 1505 1464 1558 distributione
1504 1506 1588 1562 viduis

372 1596 494 1659 tradere,
508 1602 548 1658 et,
559 1596 583 1647 si
601 1595 730 1648 sacerdos
743 1595 832 1660 absit,
847 1595 965 1650 intentes
997 1593 1156 1646 ludaeorum
1170 1593 1426 1646 llellenistarumad
1435 1591 1521 1646 tidem
1530 1606 1589 1646 con·

373 1679 510 1745 baptizare
525 1680 701 1745 ,praedicare
718 1680 819 1746 etiam,
837 1682 966 1735 tacultatc
999 1690 1154 1742 versorum,
1165 1683 1290 1730 constat:
1305 1682 1427 1730 attamen
1437 1691 1473 1731 ex
1484 1679 1591 1731 dotibus

374 1772 465 1819 tamen
478 1766 513 1818 ab
523 1767 658 1832 Episcopo
670 1766 830 1832 impetrata;
841 1767 964 1834 insuper,
998 1777 1068 1830 quas
1086 1763 1113 1816 in
1128 1764 1161 1816 iis
1181 1763 1328 1830 exigebant
1347 1764 1493 1829 Apostoli,
1512 1769 1539 1818 et
1561 1778 1591 1816 ex

374 1853 399 1905 si
416 1853 453 1905 ita
474 1853 615 1919 provisum
637 1854 733 1918 tuerit,
757 1855 785 1908 in
812 1869 965 1921 pauperum
999 1849 1116 1904 solemni
1139 1850 1192 1902 ritu
1213 1863 1269 1916 quo
1290 1851 1409 1902 ordinati
1424 1857 1505 1914 sunt,
1526 1851 1592 1904 sicut

375 1941 555 1993 necessitates
572 1941 730 2006 inquirere,
751 1948 781 1995 ut
804 1943 844 1996 eis
866 1943 967 1996 subve-
999 1943 1069 1992 etex
1085 1938 1248 1990 muneribus
1264 1937 1351 1990 sacris
1370 1937 1474 2006 quibus
1487 1938 1593 1990 iunctos

375 2026 493 2079 niatur.¹
506 2029 674 2080 uetnonistae
683 2028 966 2094 Episcopalessimilia
1000 2037 1049 2078 ecs
1070 2039 1132 2078 esse
1155 2023 1238 2076 refert
1257 2037 1335 2077 sacer
1352 2023 1489 2090 scriptor,
1509 2025 1594 2091 liquet

376 2112 521 2164 tradunt.¹
538 2115 574 2165 be
587 2113 710 2166 diaconis
722 2127 792 2179 quos
804 2119 902 2167 vocant
913 2115 968 2168 via·
999 2111 1137 2178 praecipua
1166 2125 1261 2164 eorum
1291 2110 1387 2163 munia
1414 2125 1490 2164 sacra
1521 2125 1594 2168 esse.

376 2201 466 2259 tores,
484 2197 589 2250 scilicet
601 2197 859 2261 circumcursantes,
872 2201 968 2253 dicunt
1000 2197 1122 2262 Apostoll
1141 2197 1270 2250 fidelibus
1296 2197 1366 2249 lacta
1394 2197 1525 2252 facultate
1548 2211 1595 2258 eos

377 2293 473 2334 eorum
483 2295 546 2333 esse
557 2283 711 2346 baptizare,
725 2284 865 2336 celebrare
874 2285 967 2337 matri·
1001 2283 1135 2349 eligendi,
1153 2288 1184 2335 ut
1205 2283 1296 2336 omnis
1316 2283 1429 2338 occasio
1446 2283 1593 2338 murmuris

377 2366 481 2430 monia,
491 2368 605 2420 absente
617 2369 727 2422 seniore
737 2408 744 2432 ‚
755 2375 782 2422 et
797 2370 888 2423 omnia
905 2384 968 2436 quae
1001 2370 1157 2432 tolleretur,
1176 2369 1305 2422 dixerunt
1318 2383 1324 2419 :
1336 2389 1348 2414 «
1359 2369 1542 2430 Considerate
1555 2384 1594 2428 er-

377 2453 513 2518 pracconis
530 2455 682 2521 evangelici
705 2462 770 2509 sunt
782 2456 890 2510 εεῑεε.Ι
907 2460 969 2511 Pre·
1001 2467 1054 2522 go,
1071 2454 1185 2518 tratres,
1198 2454 1273 2509 viros
1292 2468 1325 2507 ex
1341 2456 1423 2509 vobis
1438 2455 1506 2518 boni
1520 2455 1593 2514 testi-

378 2541 526 2608 sbyteriani
540 2543 635 2596 dicunt
646 2545 801 2611 Scripturas
822 2545 968 2599 manifesto
1002 2540 1086 2594 monii
1100 2545 1223 2607 septem,
1237 2541 1335 2606 plenos
1347 2541 1452 2608 Spiritu
1467 2546 1560 2596 sancto
1569 2549 1594 2596 et

378 2627 511 2687 diaconos
523 2630 670 2683 ostendere
682 2645 745 2684 esse
763 2631 892 2684 Ecclesiae
911 2631 969 2684 otil-
1003 2626 1146 2693 sapientia,
1155 2638 1226 2692 quos
1239 2626 1442 2680 constituamus
1456 2629 1595 2694 supernos

379 2714 478 2779 ciales,
492 2729 610 2782 quorum
629 2729 729 2769 munus
750 2722 793 2769 cst
816 2731 968 2784 pauperum
1003 2725 1083 2779 opus.
1096 2711 1129 2758 ιι·
1140 2710 1285 2764 Prudentia
1297 2717 1325 2764 et
1337 2725 1449 2767 morum
1459 2713 1595 2781 integritas

379 2814 598 2868 gererecuram,
611 2808 638 2854 et
650 2803 855 2869 eleemosynas,
870 2803 970 2869 quain
1004 2805 1077 2853 recte
1098 2800 1305 2866 postularentur
1331 2800 1359 2852 in
1386 2802 1549 2855 bominibus
1565 2802 1597 2855 ad

380 2899 475 2940 eorum
487 2888 612 2940 levamen
625 2888 748 2940 collectae
757 2888 871 2949 tuerint,
882 2888 972 2939 distri·
1004 2886 1193 2952 eleemosynas
1211 2885 1420 2938 distribuendas
1431 2890 1540 2939 tantum
1551 2888 1598 2941 ele·

380 2970 474 3022 buere.
492 2970 604 3023 Addunt
614 2984 705 3023 rerum
718 2972 909 3036 temporalium
922 2975 971 3025 llo·
1005 2970 1065 3031 ctis;
1074 2971 1124 3023 sed
1132 2970 1249 3037 Spiritus
1258 2972 1345 3025 sancti
1359 2972 1506 3037 plenitudo
1516 2972 1599 3025 sacris

380 3054 471 3107 clasiae
479 3054 656 3107 moderamen
668 3055 702 3108 iis
715 3068 798 3121 posse
808 3057 972 3109 committi.l
1004 3056 1165 3109 muneribus
1174 3057 1366 3111 obeundiseos
1375 3057 1597 3115 idoneosedecit.

381 3139 507 3207 Baptistae
523 3141 717 3207 temporalium
730 3156 821 3195 rerum
840 3144 972 3197 Ecclesia
1005 3140 1095 3194 oratio
1108 3145 1135 3193 et
1147 3154 1278 3199 manuum
1299 3142 1441 3208 impositio
1456 3142 1485 3195 in
1507 3144 1541 3195 iis
1558 3156 1601 3197 or-

381 3239 475 3279 curam
494 3228 661 3293 praecipuum
676 3229 855 3281 diaconorum
870 3244 971 3283 mainus
1006 3228 1134 3281 dinandis
1163 3229 1293 3285 adbibitae
1316 3234 1400 3295 sunt,
1420 3244 1476 3297 qua
1496 3232 1601 3285 ratione

381 3313 511 3366 videntur
524 3314 726 3381 babere;quod
736 3320 827 3368 tamen
835 3315 971 3381 imprimis
1005 3316 1104 3368 Paulus
1120 3320 1146 3369 et
1165 3316 1305 3367 Barnabas
1325 3320 1495 3381 potestatem
1510 3329 1598 3369 susce·

383 3396 566 3454 exercendum
587 3408 630 3454 est
649 3393 835 3469 comparando
856 3415 918 3469 quae
936 3402 971 3454 ad
1005 3407 1105 3469 petunt
1127 3417 1133 3453 :
1153 3420 1168 3450 α
1196 3405 1310 3455 orantes
1336 3402 1533 3469 imposuerunt
1561 3402 1602 3459 eis

382 3500 505 3539 mensam
518 3491 687 3543 bominicam
698 3486 973 3555 requiruntur,minl-
1005 3501 1112 3539 manus.
1125 3486 1159 3533 »⁷
1172 3488 1254 3540 Saccr
1264 3486 1427 3554 igiturritus
1440 3490 1476 3541 ad
1489 3489 1599 3559 gratiam

383 3572 433 3623 stri
440 3586 534 3624 mensa
545 3574 617 3625 haud
629 3575 753 3639 neglecta
772 3574 807 3625 lis
820 3574 921 3626 idcirco
929 3586 974 3625 cu·
1006 3586 1069 3625 cum
1082 3577 1217 3638 potestate
1234 3586 1312 3625 sacra
1333 3572 1368 3625 iis
1391 3573 1598 3639 impertiendam

384 3656 500 3708 randum
509 3666 561 3720 est,
578 3663 608 3709 ut
619 3670 717 3710 omnes
731 3658 853 3710 subsidia
873 3659 900 3709 in
916 3670 973 3714 rem
1007 3658 1148 3711 adbibitus
1162 3664 1212 3710 est.
1225 3658 1278 3711 Eos
1289 3656 1482 3724 praedicationi
1490 3672 1599 3715 vacasse

383 3751 559 3793 communem
576 3742 705 3795 Ecclesiae
725 3743 881 3805 conterant,
906 3743 972 3797 etin
1006 3744 1111 3810 liquet,
1131 3748 1186 3798 beo
1212 3757 1309 3797 eorum
1331 3745 1519 3799 ministerium
1539 3758 1600 3812 pro-

383 3836 535 3890 pauperum
549 3826 682 3879 levamen.
698 3827 709 3861 ³
729 3828 805 3895 Apud
820 3829 974 3885 catholicos
1007 3830 1282 3899 digiiscontirmantc.
1292 3833 1328 3884 be
1338 3833 1600 3899 Stephanodiacono

385 3923 493 3965 sacrum
512 3912 625 3966 omnino
646 3917 688 3965 est
702 3927 818 3978 munus,
828 3914 902 3981 quod
915 3914 974 3969 obit
1008 3917 1108 3971 dicitur
1122 3933 1128 3969 ι
1142 3936 1158 3966 «
1170 3919 1269 3971 Plenus
1285 3918 1373 3985 gratia
1391 3925 1419 3973 et
1443 3918 1597 3976 tortitudine

385 3997 535 4061 diaconus,
547 3999 683 4052 sacerdoti
701 3999 772 4053 inter
794 4000 884 4053 ltissae
904 4003 975 4055 sole·
1007 4001 1124 4055 iaciebat
1142 4001 1284 4069 prodigia,
1306 4007 1333 4054 et
1354 4003 1434 4070 signa
1453 4016 1552 4071 magna
1570 4002 1595 4053 iu

386 4084 460 4138 mnia
480 4084 609 4151 adstans,
631 4086 772 4152 baptizans
796 4088 972 4154 solemniter,
1008 4087 1120 4155 populo.
1143 4126 1149 4139 .
1170 4125 1176 4138 .
1197 4126 1203 4139 .
1224 4090 1321 4149 utnon
1335 4088 1600 4155 poterant-resistere

411 4349 438 4401 (t)
447 4348 553 4399 ordering
562 4350 587 4389 ot
598 4351 703 4391 becconr.
1010 4349 1034 4389 ot
1045 4349 1081 4390 the
1094 4349 1176 4390 churcb
1186 4355 1239 4401 ,out
1257 4349 1281 4389 ct
1291 4349 1364 4391 which
1381 4351 1455 4403 rtoclr,
1471 4352 1521 4404 they
1533 4362 1568 4393 arc
1579 4354 1603 4389 to

412 4419 439 4470 (1)
451 4418 612 4460 Ordinationes
621 4420 725 4460 Βεεεεεε.
1009 4418 1075 4458 assist
1091 4418 1127 4459 the
1143 4429 1199 4471 poor
1221 4417 1329 4458 members
1348 4419 1372 4459 ot
1392 4420 1430 4460 the
1448 4420 1545 4471 chumb,
1559 4417 1599 4458 and

411 4488 552 4540 (ltboctrinc
570 4488 613 4527 aod
628 4488 747 4541 Discipline
768 4488 793 4529 oi
807 4489 844 4528 tlte
861 4486 977 4527 Methodist
1009 4491 1031 4526 to
1048 4486 1135 4539 provide
1151 4486 1217 4526 breed
1234 4486 1277 4526 and
1297 4486 1351 4527 nine
1367 4488 1401 4528 lor
1420 4488 1457 4529 ihc
1477 4488 1550 4529 Lord's
1571 4492 1601 4527 ta-

386 4556 503 4609 Epirccpal
517 4555 621 4606 charein,
638 4556 723 4597 &ctiori
740 4556 778 4597 vii.
791 4558 816 4597 ot
831 4557 868 4596 the
884 4554 976 4596 clection
1009 4556 1058 4607 bic,
1071 4556 1113 4597 and
1131 4558 1178 4597 alra
1195 4561 1216 4597 to
1230 4556 1285 4599 herc
1302 4558 1382 4609 regard
1401 4564 1424 4600 to
1438 4560 1475 4601 the
1485 4556 1602 4599 minister's

385 4626 427 4665 and
436 4622 558 4665 ordination
567 4624 591 4662 ct
598 4624 711 4676 travelling
721 4628 824 4667 bercons.
1009 4625 1073 4665 table.
1082 4638 1093 4664 r

411 4693 510 4742 taltorta
524 4692 754 4747 otaovsmmentmn.
762 4696 791 4736 ri.
808 4696 833 4735 ot
845 4696 950 4735 Βειεοεε.
1035 4696 1060 4746 (6)
1069 4695 1115 4735 Act.
1129 4695 1157 4736 ri.
1167 4701 1186 4736 a.

413 4763 460 4813 (511
471 4760 529 4811 They
545 4772 582 4801 arc
596 4767 617 4803 to
635 4762 661 4803 be
678 4765 784 4806 intrusted
799 4766 851 4807 arith
868 4765 905 4805 tlte
913 4765 974 4806 siocli
1033 4766 1060 4817 tl)
1070 4764 1151 4807 lbidcm
1160 4771 1179 4807 t.
