3792 5550
376 552 424 601 tol
673 549 787 602 Tusca.
807 550 872 601 littt.
893 552 919 601 P.
940 552 961 601 l.
980 548 1022 597 DE
1039 547 1260 598 ducatutsatn.

372 669 438 731 quia
450 680 482 719 ex
497 668 613 719 trocnon
626 665 796 719 manducabo
817 666 883 718 illud
896 707 901 728 ,
916 667 966 721 do·
997 663 1130 724 veniunt,
1154 682 1166 707 «
1187 662 1242 714 lloc
1263 666 1303 714 est
1333 673 1431 725 corpus
1450 671 1553 711 ancara.
1576 678 1588 701 ι

375 766 426 805 neo
445 754 590 819 impleatur
603 752 630 803 in
641 764 725 818 regno
739 753 794 805 uei.
809 755 840 805 Et
852 760 965 819 accepto
998 751 1045 802 llis
1067 749 1159 815 adjicit
1177 751 1264 801 Lucas
1286 762 1324 797 :a
1343 746 1417 812 quod
1441 757 1490 811 pro
1510 744 1590 797 voltis

372 838 478 901 calice,
501 838 600 903 gratias
627 838 697 904 egit,
716 844 743 891 et
763 838 831 891 dixit
852 854 858 889 :
890 839 965 892 Acci·
999 835 1094 895 datum
1107 852 1123 883 n
1138 832 1213 899 quod
1235 832 1334 885 Paulus
1347 831 1437 883 reddit
1455 845 1462 881 :
1483 850 1496 875 <r
1515 829 1589 895 quod

373 923 448 989 pite,
461 929 487 975 et
508 923 621 977 dividite
641 923 785 977 intervos.
807 924 872 976 ltico
891 924 964 976 enim
997 920 1145 986 provehis
1168 919 1326 986 frangitur:
1347 938 1360 963 v
1381 916 1430 969 sed
1451 916 1510 968 haee
1535 915 1589 968 vim

372 1006 466 1068 vobis,
481 1007 554 1071 quod
568 1020 623 1060 non
638 1008 729 1060 bibam
739 1009 774 1061 de
787 1010 964 1075 generatione
997 1013 1098 1072 augent
1114 1006 1259 1059 verborum
1271 1006 1387 1057 aliorum
1398 1040 1407 1065 ,
1417 1014 1502 1067 quum
1522 1000 1587 1052 illud

372 1092 452 1155 vitis,
464 1092 552 1145 donec
569 1106 683 1157 regnum
698 1094 743 1146 llei
756 1095 855 1147 veniat.
868 1098 900 1147 Et
917 1110 965 1148 ac·
997 1092 1137 1144 declarent
1153 1104 1253 1157 corpus
1271 1088 1420 1155 essequod
1439 1100 1489 1153 pro
1507 1086 1587 1139 nobis

371 1182 550 1243 ceptopane,
564 1179 665 1244 gratias
685 1180 758 1246 egit,
782 1185 809 1233 et
827 1180 923 1247 tregit,
937 1186 964 1233 et
998 1178 1092 1229 datum
1116 1184 1176 1240 est,
1202 1183 1230 1229 et
1244 1176 1434 1237 immolatum,
1454 1174 1483 1226 in
1509 1184 1586 1226 coena

371 1264 449 1315 dedit
472 1264 531 1326 eis,
571 1264 666 1318 dicens
690 1282 696 1316 :
721 1267 778 1319 Hoc
802 1272 842 1319 est
866 1280 964 1331 corpas
996 1262 1110 1328 quidem
1132 1262 1264 1327 murtiae,
1286 1260 1417 1325 deinceps
1437 1259 1465 1311 in
1484 1271 1584 1320 cruce,

274 1414 281 1424 ι
371 1362 481 1411 mcum,
496 1352 568 1416 quod
585 1364 634 1416 pro
649 1351 838 1405 deludatur:
853 1354 906 1405 hoo
922 1352 964 1405 la·
996 1349 1129 1415 sanguine
1144 1346 1474 1410 effuso‚immolandum.
1490 1347 1585 1397 deoa-

371 1434 425 1486 cite
449 1434 476 1486 in
495 1448 586 1488 meam
605 1438 904 1491 commemorationem.
920 1438 963 1490 si·
996 1436 1048 1488 lice
1065 1448 1122 1488 non
1136 1435 1206 1488 adeo
1223 1432 1392 1487 concordant
1409 1430 1510 1492 verba,
1529 1441 1584 1481 ma·

370 1519 470 1572 militer
482 1528 509 1572 et
521 1521 645 1585 calicem,
665 1530 810 1588 postquam
828 1525 961 1587 coenavit,
996 1522 1094 1574 niiesta
1110 1522 1145 1573 de
1158 1533 1240 1573 causa
1251 1535 1258 1570 :
1269 1532 1354 1585 quum
1366 1518 1440 1569 enim
1454 1516 1584 1581 poculum

369 1604 466 1657 dicens
491 1621 498 1657 τ
521 1607 574 1659 Hic
594 1613 634 1661 ert
659 1610 734 1661 catio
752 1624 854 1663 noorrm
875 1608 964 1663 Testa·
996 1618 1046 1673 pro
1075 1619 1107 1660 eo
1133 1606 1208 1672 quod
1233 1604 1372 1664 continet,
1404 1600 1531 1654 familiari
1558 1607 1585 1652 et

369 1695 492 1743 nuatum
504 1692 679 1759 inconpertae
700 1708 774 1757 traco,
795 1696 843 1760 qut
853 1710 902 1761 pro
918 1711 962 1749 uo·
995 1691 1094 1744 usitata
1116 1691 1218 1757 ligura,
1232 1689 1334 1755 passim
1350 1692 1517 1753 usurpetur,
1537 1687 1584 1737 Lu·

367 1773 409 1826 lais
419 1774 549 1839 landetur
571 1799 581 1820 n
593 1777 601 1809 ¹
615 1780 714 1831 Toxtus
726 1780 809 1832 habet
819 1796 825 1832 ε
836 1782 904 1831 Tetri
914 1783 962 1831 tarr
995 1790 1042 1831 cas
1051 1784 1079 1829 et
1087 1778 1185 1829 Paulus
1197 1776 1348 1828 retulerunt
1356 1773 1469 1825 calicem
1480 1772 1583 1823 dictum

367 1882 390 1909 r·
409 1864 477 1923 rapt
488 1885 545 1925 μου,
565 1863 588 1913 ri
609 1870 661 1933 asp
678 1870 737 1926 ipae
756 1867 879 1929 antipas·
892 1876 961 1918 Turn
995 1877 1058 1917 esse
1079 1877 1181 1917 novum
1203 1866 1407 1915 Testamentum
1431 1858 1460 1909 ln
1485 1856 1583 1910 Christi

367 1946 390 1996 τὶ
404 1950 512 2017 ποτίμου,
530 1958 540 1998 t
558 1958 618 2000 sarri
637 1955 733 2003 aaudiat
747 1955 807 2017 3er
820 1955 905 2016 αἵματι
916 1978 961 2016 μον
995 1950 1146 2017 sanguine,
1165 1950 1307 2001 Mallhaells
1337 1958 1402 1999 velo
1424 1950 1453 1997 θὶ
1475 1945 1583 1995 Marciis

365 2032 389 2083 ri
402 2040 454 2103 lup
466 2042 526 2097 ipat
537 2037 686 2098 ἵκκυιὸμιηι.
800 2036 803 2043 ’
994 2035 1155 2101 simpliciter
1167 2034 1311 2086 dixerunt:
1327 2051 1340 2077 α
1353 2030 1401 2083 llic
1416 2035 1459 2083 est
1470 2028 1585 2095 sanguis

397 2122 438 2171 ll.
458 2121 889 2184 Pauluscorinttrios,dedivina
907 2125 957 2176 tru-
991 2134 1080 2172 meus.
1111 2141 1124 2165 v
1146 2119 1224 2182 Quod
1257 2117 1326 2169 calix
1350 2116 1456 2168 dicatur
1481 2127 1583 2168 novum

360 2204 407 2267 jus
430 2204 597 2256 sacramenti
618 2205 788 2259 institutione
805 2208 861 2273 jam
887 2222 903 2260 a
925 2223 956 2262 se
990 2209 1194 2259 Testamentum
1206 2204 1235 2256 in
1252 2203 1351 2255 christi
1372 2200 1526 2268 sanguine,
1544 2200 1583 2253 si-

290 2352 292 2357 .
364 2287 494 2350 edoctos,
524 2288 691 2354 gravissimis
717 2291 808 2344 verbis
834 2299 956 2345 monet:
991 2293 1101 2359 gnificat
1116 2291 1318 2345 novumloedus
1335 2287 1581 2355 christisanguine

367 2392 380 2417 α
399 2374 455 2438 Ego
468 2374 543 2425 enim
557 2387 648 2439 accepi
667 2388 683 2427 a
699 2376 828 2433 llomino.
842 2378 916 2443 quod
930 2386 958 2431 et
991 2378 1090 2431 sanciri
1102 2416 1110 2441 ,
1120 2378 1168 2444 qui
1179 2390 1213 2431 eo
1227 2377 1312 2430 calice
1328 2374 1531 2429 continebatur.

364 2457 464 2510 tradidi
480 2459 568 2523 vobis,
582 2460 711 2525 quoniam
725 2461 855 2515 ltominus
865 2466 957 2528 lesus,
1024 2465 1066 2514 73.
1080 2462 1165 2514 Verba
1175 2461 1293 2524 Christi,
1306 2460 1387 2514 obvio
1397 2465 1506 2523 sumpta
1520 2471 1581 2510 sea·

365 2540 393 2593 in
410 2556 463 2607 qua
486 2551 567 2597 nocte
593 2546 768 2610 tradebatur,
786 2548 892 2614 accepit
909 2564 959 2615 pa·
991 2560 1039 2610 su,
1064 2558 1164 2613 corpus
1181 2554 1208 2601 et
1228 2546 1388 2612 sanguinem
1408 2557 1488 2597 suum
1520 2556 1581 2595 esse
1601 2592 1608 2598 .

364 2640 446 2692 nem,
461 2635 488 2682 et
500 2632 601 2697 gratias
623 2645 707 2699 agens
717 2633 815 2701 tregit,
830 2639 857 2687 et
866 2635 934 2689 dixit
948 2652 955 2687 :
991 2646 1052 2699 quar
1065 2634 1201 2699 apostolis
1213 2631 1334 2693 tradidit,
1346 2631 1463 2697 probant
1477 2644 1483 2679 :
1495 2641 1528 2681 ea
1538 2641 1582 2680 au·

362 2713 482 2780 Accipite
494 2725 521 2769 et
533 2717 695 2771 manducate
712 2720 789 2772 :lloc
807 2725 847 2774 eet
858 2734 956 2788 corpus
990 2725 1045 2771 tem
1061 2718 1143 2772 obvio
1161 2718 1294 2771 sumenda
1310 2729 1372 2769 esse
1392 2728 1475 2767 sensu
1489 2720 1582 2767 osten·

364 2811 471 2864 meacm,
489 2804 560 2866 quod
573 2817 622 2868 pro
639 2804 713 2857 vodis
734 2807 882 2859 tradetur:
903 2809 956 2862 hoc
989 2806 1063 2859 ditur
1083 2820 1115 2858 or
1134 2818 1273 2858 sacrorum
1289 2803 1452 2868 scriptorum
1466 2813 1581 2854 concor·

360 2881 441 2936 tacite
465 2885 494 2935 in
527 2901 615 2940 meam
651 2891 954 2945 commemorationem.
990 2889 1368 2954 dia:nullusenimiiguram
1385 2886 1533 2950 indicavit,
1549 2901 1580 2940 or

360 2966 490 3020 Simiffles
510 2977 537 3022 θῑ
561 2973 673 3025 ⁰2¹¹⁰e¹1¹
692 2978 839 3040 postquam
865 2989 956 3040 coena-
988 2977 1013 3031 vi
1034 2990 1088 3042 qua
1105 2975 1228 3028 Christus
1247 2975 1355 3025 loeutus
1377 2979 1437 3033 est;
1451 2985 1484 3024 ex
1501 2987 1580 3027 occa-

359 3051 413 3114 vit,
432 3053 527 3107 dicens
548 3057 624 3110 :Hic
643 3060 718 3112 catio
737 3074 838 3115 nouum
862 3063 956 3116 desta·
989 3063 1067 3115 sione
1080 3058 1380 3113 sermonis:condebat
1391 3057 1464 3110 enim
1477 3071 1579 3113 novum
1657 3071 1660 3074 ·

359 3141 531 3192 meatumest
545 3141 574 3194 in
594 3156 652 3196 meo
671 3147 825 3213 scapulae:
842 3149 895 3202 hoc
914 3150 954 3202 ia·
987 3146 1094 3208 ioedus,
1112 3157 1245 3210 novaeque
1270 3141 1338 3209 tegis
1355 3143 1524 3208 praecipuum
1538 3143 1579 3196 in·

358 3221 430 3284 cite,
451 3226 677 3294 quotiescumque
690 3230 807 3296 bibetis,
822 3232 849 3285 tn
864 3247 952 3285 meam
988 3229 1118 3282 stituebat
1144 3232 1364 3288 Sacramentum
1386 3241 1419 3280 ex
1448 3227 1481 3279 iis
1507 3241 1578 3294 quos

358 3312 659 3366 commemorationem.
674 3335 686 3360 v
700 3314 711 3348 ¹
728 3318 847 3370 intentu
864 3317 954 3370 :artri
987 3317 1121 3369 allocutus
1135 3320 1187 3379 cst,
1199 3315 1336 3382 apostolis
1348 3314 1462 3378 scilicet,
1477 3312 1577 3379 quibus

356 3412 400 3450 μου
420 3394 466 3442 ἔστ)
488 3395 511 3444 ro
535 3408 604 3458 σῦμα
626 3400 649 3448 τὶ
675 3405 728 3468 u'rtp
752 3408 811 3464 ν’μῦι
834 3408 952 3466 uulpem·
987 3403 1145 3470 mysterium
1163 3402 1239 3469 Pesslii
1257 3413 1340 3453 nosse.
1357 3399 1451 3451 datum
1472 3404 1529 3458 est,
1543 3411 1576 3450 ei(

357 3487 415 3526 rodes
434 3487 511 3529 reatin
529 3489 561 3534 εἶν
578 3507 611 3533 rvr
629 3487 682 3547 ἶμὶι
702 3489 914 3549 &ripariola-rodni
930 3494 953 3542 τὶ
987 3493 1109 3552 tempore
1122 3487 1204 3552 paulo
1218 3493 1281 3538 alite
1295 3491 1427 3545 mollem}
1445 3497 1478 3536 eil
1490 3484 1577 3535 omni·

356 3564 656 3624 wipu,t1amarastsv
669 3572 724 3619 tert,
736 3573 754 3619 a
765 3575 952 3637 rainadus„-
986 3570 1038 3622 bus
1066 3571 1184 3636 deniqne
1204 3571 1355 3637 adjunctis.
1377 3582 1438 3636 quae
1468 3562 1574 3621 nullum

357 3657 416 3697 τοῦτο
436 3655 516 3702 norim
538 3654 618 3706 triam
637 3679 662 3705 ar
682 3659 769 3718 strar»,
793 3661 825 3711 ln
844 3683 877 3709 rar
899 3665 951 3723 ἓμῦν
985 3656 1079 3722 figurae
1097 3656 1162 3709 dall!
1184 3657 1324 3710 indicium.
1573 3652 1575 3657 Ι

357 3736 488 3794 ἃνᾶμνκσιν.
1018 3741 1206 3807 sanquinem
1225 3741 1371 3795 concordia
1394 3746 1511 3807 quatuor
1528 3753 1574 3792 sa-

370 3821 432 3870 -72,
453 3823 520 3874 illud
547 3823 680 3890 imprimis
708 3829 824 3882 occurrit
855 3832 951 3885 obser·
984 3837 1092 3881 crorum
1116 3829 1277 3895 scriptorum
1299 3829 1326 3880 in
1354 3834 1482 3893 regesta
1513 3838 1574 3877 nar·

357 3897 485 3966 vandum,
500 3911 773 3977 quatuorsoriptores
786 3928 880 3970 sacros
892 3933 947 3970 rem
984 3913 1068 3966 randa
1085 3927 1182 3980 quam,
1206 3914 1279 3979 quod
1300 3913 1417 3978 pertinet
1436 3912 1471 3964 ad
1492 3911 1572 3976 panis

354 3990 499 4053 retulisse;
521 3995 595 4058 quod
621 3995 714 4059 quanti
753 3997 788 4051 sit
817 4006 948 4056 momenti
983 3998 1571 4060 consecrationem,omnesreleruntiisdem

356 4074 474 4138 indicat,
500 4079 650 4144 praesertim
673 4095 757 4146 orrum
778 4097 810 4136 ex
837 4088 948 4152 speciali
982 4086 1209 4148 omninoverlris‚
1225 4085 1267 4137 vel
1285 4098 1317 4137 ea
1333 4082 1573 4137 varietateverbo·

326 4163 329 4169 '
357 4161 523 4216 revelatione
552 4177 582 4216 sc
606 4178 666 4216 eam
695 4167 824 4222 didicisse
849 4173 948 4224 Paulus
983 4186 1063 4234 rum,
1091 4185 1152 4237 quae
1176 4171 1231 4224 vim
1265 4169 1372 4223 olrviam
1399 4170 1520 4223 declarat
1545 4175 1573 4220 et

356 4249 480 4297 testetur.
500 4250 558 4300 tam
581 4263 645 4302 vero
659 4250 717 4316 ipsa
734 4254 815 4306 verba
836 4269 949 4321 perpen·
983 4262 1078 4323 auget,
1099 4257 1170 4309 haud
1188 4257 1247 4308 leve
1268 4260 1458 4321 argumentum
1478 4261 1520 4306 est
1540 4267 1573 4306 ca

356 4329 465 4382 damus.
492 4336 591 4386 Omnes
623 4336 649 4386 in
677 4336 773 4389 iisdem
799 4340 947 4394 referendis
983 4341 1064 4394 obvio
1086 4341 1219 4394 sumenda
1243 4354 1305 4393 esse
1334 4353 1427 4391 sensu.
1452 4342 1520 4390 Nam
1550 4339 1575 4400 si

357 4414 449 4467 verbis
463 4418 577 4484 depane
591 4421 771 4475 eucharistico
789 4424 947 4478 dictiscon-
982 4440 1081 4478 sensus
1104 4426 1173 4479 toret
1198 4427 1364 4485 translatus,
1386 4423 1575 4476 inverosimlle

384 4692 413 4742 lli
426 4695 475 4737 luc·
491 4698 539 4738 nti.
556 4704 586 4738 rt.
1006 4708 1034 4760 (a)
1051 4708 1125 4747 reor.
1143 4708 1171 4748 n.
1187 4713 1218 4748 ss.
