3792 5550
601 560 605 567 ’
688 562 758 615 CAP.
777 560 810 611 ll.
828 560 871 611 bl:
887 559 975 612 11000
994 558 1193 613 elbrtzettul.
1524 554 1558 605 25

344 675 478 740 esnisia,
501 679 635 732 beruleno
662 677 768 731 homini
792 676 862 730 laico
891 674 935 727 in·
969 675 1256 729 scandalizentnrihn
1266 674 1406 729 consecuti
1418 678 1482 727 sunt
1501 674 1557 739 qui·

341 764 484 829 junxisse,
505 778 554 832 per
581 766 680 819 domos
713 764 888 829 discurrere,
907 770 935 817 ct
969 761 1030 814 dem
1051 761 1164 828 gratiam
1180 760 1418 823 bominicam,sed
1432 760 1557 814 breviore

346 871 359 897 «
377 851 517 917 persuasis
529 851 661 905 matronis
679 850 828 905 morituros
847 848 933 915 bapti·
958 854 996 901 ’31
1016 847 1121 900 minore
1136 859 1264 899 mensura
1287 845 1410 898 muneris
1423 845 1507 899 divini
1526 858 1558 898 ac

343 950 406 989 zare
423 937 532 990 illorum
546 937 705 1000 infantulos,
716 937 860 990 benedicta
872 936 935 989 sim·
968 934 1083 999 Spiritus
1102 922 1207 997 sancti,
1227 937 1259 985 ut
1277 932 1429 985 habeantur
1446 930 1558 996 quidem

343 1023 451 1089 pliciter
472 1038 563 1090 aqua,
583 1025 612 1077 in
633 1025 744 1078 nomine
768 1025 873 1079 bomini
891 1025 934 1077 in·
968 1019 1131 1082 Christiani,
1156 1032 1212 1075 non
1246 1018 1301 1071 sint
1327 1023 1418 1070 tamen
1452 1016 1558 1068 caeteris

343 1108 444 1161 tinctos
456 1110 499 1161 331
515 1110 673 1176 3303313303
687 1123 749 1162 cum
762 1110 934 1164 invocatione
968 1105 1175 1171 adaequandiii
1191 1104 1221 1156 ld
1234 1102 1317 1157 veluti
1338 1102 1487 1155 absurdum
1502 1114 1559 1154 mc·

343 1196 371 1245 s.
385 1194 534 1247 trinitatis.
548 1194 585 1242 »¹
604 1196 672 1248 ilinc
690 1195 797 1259 Strabo,
816 1196 935 1266 scriptor
968 1192 1020 1251 rito
1034 1190 1132 1257 rejicit.

343 1279 410 1332 noni
429 1280 538 1342 saeculi,
552 1280 618 1333 dicit
631 1296 637 1331 :
651 1282 829 1334 «Notandum
842 1288 933 1335 autem
1000 1280 1042 1331 96.
1065 1280 1091 1329 S.
1102 1275 1272 1343 Augustinus
1283 1274 1320 1327 ait
1331 1290 1337 1325 :
1348 1292 1364 1323 3
1379 1276 1435 1328 1103
1445 1273 1559 1327 verbum

343 1376 401 1418 nou
423 1366 512 1419 solum
537 1368 709 1434 mergendo,
732 1382 826 1421 verum
852 1369 934 1422 etiam
968 1362 1431 1418 111311331333331311313313313
1453 1361 1560 1425 bei‚ut

345 1450 640 1517 (13330331333133310,
659 1454 760 1505 multos
780 1454 865 1507 tuisse
886 1455 934 1507 ba·
967 1466 1017 1519 per
1050 1453 1140 1518 ipsum
1169 1451 1346 1513 credentem,
1375 1448 1558 1512 offerentem,

343 1538 475 1603 ptizatos,
495 1544 522 1591 et
534 1540 624 1593 adhuc
642 1553 725 1606 posse
737 1540 888 1607 baptizari,
909 1541 933 1594 si
968 1539 1195 1602 benedicentem,
1214 1538 1364 1605 tingentem
1392 1536 1472 1589 etiam
1502 1539 1559 1588 tan·

344 1624 497 1678 necessitas
515 1625 565 1689 sit,
579 1626 650 1679 sicut
664 1626 691 1679 in
705 1627 836 1691 passione
860 1626 935 1679 beati
967 1624 1056 1678 iillum
1085 1624 1199 1677 mundet
1224 1624 1364 1675 infantem.
1387 1640 1403 1669 3
1430 1620 1557 1688 ⁴lingo,

342 1711 482 1763 Laurentii
495 1712 642 1776 quemdam
661 1725 744 1765 urceo
764 1713 845 1766 allato
866 1712 936 1779 legi-
969 1710 1062 1764 tinctio
1075 1710 1282 1776 qualiscumque
1295 1708 1414 1775 perfidci
1430 1707 1555 1768 uerbum,

344 1809 406 1849 mus
418 1797 595 1862 baptizatum.
611 1818 623 1843 ι
637 1797 650 1831 2
969 1798 1170 1850 invocationem
1184 1796 1455 1860 331113311313113113,
1471 1795 1557 1847 inian-

377 1893 421 1942 ot.
440 1890 559 1943 Plurima
579 1893 689 1943 latrum
709 1891 937 1957 scripta,tlouci·
970 1887 1025 1934 111111
1045 1881 1180 1945 mundat,
1211 1882 1274 1949 (11111
1298 1886 1340 1934 esi
1365 1894 1447 1934 1111113
1468 1881 1558 1946 Bapti-

343 1974 445 2027 liorum
460 1974 569 2027 decreta
588 1981 615 2028 et
632 1975 685 2028 alia
707 1977 818 2042 antiqua
837 1991 936 2031 33033-
970 1982 1058 2022 smus·

344 2066 438 2113 menta
459 2065 596 2114 testantur
613 2062 784 2128 baptismum
803 2070 934 2131 33030133-
1001 2058 1042 2107 97·
1054 2056 1211 2110 (1015011111
1229 2053 1357 2120 equidem
1378 2057 1436 2105 elai
1458 2051 1556 2105 (11111131

342 2147 418 2200 tibus
437 2148 466 2199 in
481 2149 552 2201 lecto
565 2148 797 2204 decumbentibus
814 2151 935 2205 nemini.
967 2142 1061 2207 pietati
1073 2144 1277 2193 Sacramentum
1288 2140 1356 2193 adeo
1369 2139 1555 2192 necessarium

344 2238 459 2285 stratum
481 2233 633 2299 infusione,
647 2235 693 2302 qni
713 2235 810 2290 33303
831 2237 933 2291 iccirco
967 2228 1003 2282 ita
1024 2228 1167 2282 instituere
1191 2228 1309 2281 atraere
1327 2226 1413 2293 nossa
1436 2226 1553 2292 suscipi,

345 2318 515 2382 dicebantur.
545 2320 591 2373 llis
615 2325 706 2373 tamen
736 2335 817 2375 neme
849 2336 933 2375 ansus
967 2314 1162 2380 praesertimin
1181 2313 1277 2366 mortis
1289 2312 1457 2365 discrimine.
1472 2313 1555 2364 innu-

344 2408 389 2456 est
418 2405 586 2470 baptismum
616 2407 738 2460 secundo
761 2408 934 2473 ministrare,
967 2414 1042 2453 mera
1066 2405 1156 2453 antem
1175 2404 1240 2451 sunt
1263 2411 1354 2451 rerum
1376 2396 1503 2463 adjuncta
1526 2396 1553 2448 tn

344 2490 456 2554 quanda
471 2503 503 2543 33
517 2491 614 2545 morbo
630 2493 828 2558 convaluerint,
841 2508 935 2559 qnnnn.
967 2485 1066 2551 quihus
1085 2484 1224 2537 immersio
1237 2482 1295 2535 lieri
1312 2495 1368 2535 non
1382 2482 1454 2533 valet
1474 2480 1555 2533 etiam

344 2575 389 2627 vis
403 2576 438 2627 ob
458 2576 569 2629 dilatam
586 2592 672 2643 usque
690 2579 725 2631 ad
744 2582 842 2631 mortis
863 2582 934 2646 peri·
968 2574 1042 2623 extra
1062 2570 1157 2622 11101ῑί1
1178 2566 1339 2637 periculum·

346 2660 440 2710 culum
453 2661 581 2726 baptismi
595 2662 817 2729 susceptionem,
834 2666 933 2719 merito
1092 2664 1257 2729 objectiones
1275 2662 1430 2715 diluuntur.

344 2744 427 2798 31313
445 2746 529 2800 sacris
546 2748 693 2802 Ordinibus
713 2749 855 2816 prohibiti.
1000 2764 1041 2816 ng,
1057 2761 1115 2829 onj,
1133 2763 1157 2814 i.
1177 2758 1305 2826 gspnnsin
1325 2763 1352 2812 n
1370 2755 1470 2810 infnsin
1493 2754 1555 2808 nnn.

376 2847 420 2897 95.
438 2846 575 2899 Probatur
585 2850 609 2899 5.
622 2847 741 2901 Petrum
761 2850 931 2904 auctoritate.
967 2864 1020 2916 que
1038 2851 1093 2902 ulla
1112 2847 1311 2913 scripturarum
1327 2843 1494 2897 'auctoritate
1515 2841 1556 2894 in-

343 2932 372 2982 S.
396 2931 544 2997 Cyprianus
558 2934 592 2986 de
612 2935 721 2989 Clinicis
741 2943 851 3003 rogatus
869 2951 933 2991 sen·
966 2937 1056 2989 ductae
1072 2940 1145 2988 suni.

345 3015 472 3081 tentiam,
500 3035 512 3068 3
535 3032 570 3070 33
592 3020 711 3074 habendi
739 3019 795 3075 sint
818 3023 932 3089 legitimi
998 3024 1041 3074 99.
1061 3022 1140 3088 Recp.
1163 3017 1278 3083 Quando
1300 3016 1388 3084 agitur
1408 3015 1442 3068 de
1466 3014 1519 3067 ritu
1540 3026 1555 3066 a

343 3101 489 3156 Christiani
509 3117 542 3158 eo
563 3107 637 3171 quod
655 3121 725 3174 aqua
745 3108 856 3161 salutari
876 3122 932 3162 non
966 3107 1073 3162 Christo
1092 3106 1235 3168 instituto,
1253 3103 1319 3156 33113
1340 3107 1382 3155 331
1409 3100 1555 3154 ostendere

343 3188 394 3240 loti
423 3189 497 3253 sint,
516 3191 565 3242 sed
586 3191 706 3256 pertusi,
725 3212 738 3238 3
763 3193 930 3258 respondit:
967 3206 1029 3258 quac
1051 3190 1086 3243 sit
1112 3189 1283 3244 consuetudo
1312 3193 1338 3241 et
1360 3199 1438 3239 mens
1471 3187 1556 3238 totius

347 3275 431 3327 «lios
457 3278 589 3340 quantum
617 3275 736 3338 concipit
756 3276 933 3328 mediocritas
966 3276 1096 3329 Ecclesiae
1114 3290 1120 3325 :
1135 3276 1205 3325 hanc
1225 3273 1298 3325 enim
1316 3271 1397 3324 nobis
1417 3282 1556 3322 commen-

341 3364 456 3420 nostra,
474 3357 643 3410 aestimamus
662 3358 689 3409 in
707 3358 784 3410 nullo
799 3359 932 3423 mutilari,
968 3360 1035 3411 daut
1057 3358 1201 3424 scripturae
1229 3356 1313 3409 veluti
1342 3355 1498 3407 columnam
1530 3359 1557 3406 ei

342 3448 372 3496 31
400 3442 538 3494 debilitari
565 3454 648 3508 posse
676 3442 766 3498 divina
787 3444 931 3499 beneficia.
967 3446 1168 3498 firmamentum
1190 3440 1321 3496 veritatis.
1349 3443 1380 3494 ln
1409 3439 1556 3505 scripturis

344 3567 351 3579 .
390 3568 397 3579 .
435 3566 441 3578 .
478 3566 485 3578 .
521 3528 596 3584 Unde
616 3535 727 3597 3003331
744 3531 932 3598 aspersionem
966 3532 1063 3585 nullibi
1080 3529 1232 3598 perspicuis
1251 3528 1339 3584 verbis
1355 3528 1425 3586 tradi
1444 3529 1557 3594 Aposto-

341 3625 455 3680 qucque
476 3626 554 3680 aquae
574 3615 661 3670 instar
680 3618 806 3673 salutaris
832 3619 931 3674 lavacri
966 3622 1008 3674 los
1020 3618 1156 3670 inlusione
1167 3618 1209 3671 331
1230 3616 1389 3683 aspersione
1402 3615 1555 3682 baptizasse

341 3699 510 3755 obtinere.»
534 3702 546 3736 ⁸
570 3703 644 3758 Adeo
670 3706 814 3759 constabat
844 3706 932 3776 bapti·
965 3701 1556 3772 131333330331333333031033303133111133

343 3800 435 3840 smum
446 3788 555 3853 ualere,
570 3793 600 3842 ut
617 3790 651 3843 de
664 3803 697 3843 30
718 3790 843 3845 iterando
856 3794 931 3846 nulla
965 3790 1109 3857 conjicitur
1128 3787 1244 3843 carceris
1258 3788 1401 3842 custodem
1420 3801 1482 3841 cum
1496 3787 1554 3840 suis

342 3872 423 3926 fuerit
438 3875 553 3939 quaestio
565 3913 573 3939 ‚
585 3875 634 3928 sed
655 3881 746 3928 utrum
767 3877 825 3942 pari
845 3879 930 3944 gratia
965 3876 1002 3928 ita
1016 3875 1199 3941 baptizatum:
1211 3888 1273 3926 nam
1295 3894 1306 3919 «
1320 3873 1346 3925 in
1364 3874 1409 3925 illa
1429 3875 1495 3924 hora
1505 3885 1555 3926 no·

342 3970 374 4010 33
384 3958 492 4023 juribus
511 3959 634 4025 eisdem,
649 3961 696 4026 qui
714 3961 750 4014 ita
763 3962 870 4016 lucrant
885 3963 931 4015 ba·
966 3963 1035 4026 ctis,
1050 3982 1063 4009 »
1080 3962 1107 4014 in
1129 3975 1182 4028 qua
1194 3961 1399 4028 expergefactus
1419 3965 1461 4012 est
1472 3997 1479 4023 ,
1492 3965 1555 4024 post

342 4043 433 4109 ptizati
446 4083 454 4108 ‚
467 4045 631 4099 fruerentur.
654 4047 718 4100 ldec
736 4048 860 4100 addidit:
878 4049 932 4100 «si
966 4047 1127 4100 concionem
1150 4047 1284 4112 3113310,
1305 4066 1317 4092 a
1338 4045 1490 4110 baptizatus
1512 4049 1553 4096 est

341 4134 433 4183 autem
450 4131 580 4198 baptizari
592 4144 648 4185 non
673 4138 790 4199 possunt
810 4131 858 4198 qui
875 4133 932 4198 jam
966 4132 1025 4197 ipsc
1038 4138 1065 4185 31
1076 4133 1165 4186 omnis
1177 4133 1276 4186 domus
1289 4133 1348 4197 eius
1365 4129 1528 4183 continuo.»
1543 4129 1554 4164 ⁸

341 4215 676 4282 Baptismcecclesiastico
688 4217 929 4279 sanctificatisunt,
966 4219 1029 4269 llaec
1051 4216 1178 4282 adjuncta
1197 4227 1253 4267 nou
1266 4214 1381 4266 suadent
1398 4225 1445 4265 303
1466 4213 1553 4268 131333

341 4312 390 4353 cur
401 4300 430 4353 in
449 4300 503 4355 tide
522 4314 572 4356 sua
591 4307 619 4356 et
638 4301 745 4355 bomini
763 4301 932 4369 indulgentia
968 4302 1258 4358 immersosbctribus
1271 4301 1391 4356 millibus
1402 4301 1552 4368 hominum,

365 4585 392 4638 (t)
401 4587 453 4628 Vide
461 4588 519 4641 apud
527 4589 620 4630 11331333
627 4588 653 4630 (13
662 4588 757 4641 antiquis
768 4589 825 4630 Ecci.
835 4588 869 4630 rit.
879 4589 893 4629 l.
905 4594 923 4629 l.
983 4589 1008 4641 iti
1024 4590 1062 4642 110.
1072 4589 1099 4630 ad
1115 4589 1229 4640 ldagnum.

341 4677 361 4705 c.
375 4669 394 4705 t.
409 4666 503 4708 331313.
990 4668 1016 4720 (ti
1032 4671 1102 4710 Tract.
1113 4669 1164 4708 lxm.
1175 4667 1267 4721 131033.

368 4745 433 4797 (alin
444 4745 483 4787 lib.
496 4745 522 4786 de
532 4745 596 4786 rebus
606 4746 687 4789 1133133.
697 4759 716 4789 3.
727 4747 780 4790 xxvi.
989 4747 1015 4799 ts)
1030 4749 1075 4790 131.
1089 4748 1131 4789 rui.
1143 4752 1174 4787 30.
