3792 5550
373 498 407 548 7ss
710 498 961 552 1616611166
982 494 1253 549 coustuutatoss.

373 612 447 667 blora
467 613 512 668 illa
534 614 561 667 id
581 614 663 667 babet
683 614 821 667 commodi
841 619 871 666 ut
886 613 963 679 pueri
1031 612 1073 662 67.
1092 610 1142 673 Qui
1175 622 1270 663 anum
1300 611 1351 664 rite
1374 617 1470 677 parato
1493 612 1593 667 coulir-

372 698 436 752 fidoi
463 698 615 751 rudimenta
639 697 826 762 edoceantur,
860 703 887 751 el
917 697 963 763 pio
997 696 1592 763 mantur,augmentumgratlaecumrobore

371 784 454 837 animi
483 781 580 835 affectu
602 782 635 835 ad
667 782 760 836 diuina
788 782 964 849 suscipienda
994 780 1082 832 animi
1094 781 1131 833 ad
1143 781 1224 833 tidem
1238 780 1420 846 profitendam
1437 781 1591 847 recipiunt,

372 870 444 923 dona
461 873 600 934 parentur.
621 867 760 921 Edooendi
790 874 853 921 sunt
871 872 963 920 aulem
995 870 1025 918 et
1042 867 1200 919 charactere
1223 865 1344 931 quodam
1364 865 1524 932 signantur,
1542 866 1591 931 qui

371 965 421 1020 pro
435 952 540 1004 ratione
554 951 825 1018 aetatis,praesertim
844 953 879 1005 de
896 965 964 1017 prae·
994 964 1146 1016 numquam
1170 950 1256 1003 deleri
1276 955 1374 1017 potest
1397 952 1479 1004 liccte
1506 951 1590 1017 igitur

372 1034 458 1103 clpuis
478 1036 541 1089 lidei
557 1037 705 1104 mysteriis.
995 1035 1051 1087 illis
1068 1036 1168 1088 dicitur
1184 1036 1276 1089 uerbis
1291 1035 1435 1101 Apostoli:
1450 1053 1467 1083 α
1483 1035 1589 1102 signati

402 1120 445 1172 ca.
465 1122 497 1173 Ut
511 1120 573 1189 quis
587 1124 791 1175 Sacramentum
817 1122 870 1175 hoc
890 1122 962 1174 reci·
995 1120 1063 1172 estis
1086 1119 1186 1186 Spiritu
1211 1119 1402 1185 promissionis
1419 1126 1525 1173 sancto.
1543 1119 1588 1166 ι’

371 1206 445 1277 piat,
460 1206 543 1261 debet
562 1208 680 1261 animam
698 1207 799 1259 trabere
820 1212 962 1272 apeccato
995 1224 1010 1251 a
1028 1205 1116 1259 Nolite
1133 1205 1296 1259 contristare
1316 1205 1447 1270 spirltum
1460 1210 1586 1257 saumuro

370 1291 446 1359 gravi
467 1292 618 1346 immunem
632 1307 638 1343 :
654 1304 718 1345 nam
735 1291 845 1357 Spiritui
866 1298 961 1345 sancto
995 1292 1042 1343 bel
1054 1305 1061 1342 :
1075 1290 1103 1343 in
1123 1304 1180 1356 uuo
1198 1290 1298 1356 signati
1319 1289 1385 1342 estis
1406 1288 1434 1341 in
1452 1288 1526 1341 diem
1544 1302 1587 1343 re·

371 1376 482 1431 lnlcrrel
506 1378 649 1446 injuriam,
672 1377 735 1443 qui,
755 1382 868 1442 peccam
887 1377 963 1429 addi·
995 1376 1173 1442 demptionis.
1194 1397 1207 1423 s
1226 1376 1237 1411 ⁸
1258 1379 1295 1429 be
1312 1377 1470 1430 cbaraetere
1492 1377 1585 1428 Patres

371 1469 446 1527 ctus,
465 1478 528 1517 eum
541 1464 675 1530 hospitem
699 1462 824 1528 excipere
845 1476 876 1515 se
891 1464 962 1516 velle
994 1462 1097 1529 passim
1128 1462 1287 1528 loquuntur.
1309 1464 1336 1515 S.
1349 1460 1501 1527 cyprianus
1518 1460 1584 1515 dicit

371 1550 493 1617 tingeret.
515 1552 581 1603 ilinc
597 1549 640 1615 pia
661 1548 769 1602 obtinet
789 1549 960 1602 consuetudo
993 1546 1070 1612 quod
1081 1546 1285 1613 impositionem
1299 1559 1431 1599 manuum
1448 1546 1585 1612 recipien-

370 1634 552 1689 coniessionis
566 1621 885 1700 poiagendaeantequam
898 1633 961 1699 quis
994 1640 1037 1685 tes
1059 1653 1072 1679 α
1097 1632 1238 1700 signaculo
1273 1633 1414 1687 bominico
1453 1646 1586 1687 cousum-

370 1720 585 1775 coniirmandum
601 1731 631 1770 se
650 1717 747 1782 sistat,
761 1730 843 1784 quam
863 1719 961 1772 suadet
994 1724 1144 1771 mentor.»
1169 1718 1180 1752 ¹
1201 1718 1390 1772 theodoretus
1412 1718 1479 1771 illud
1503 1725 1585 1773 uocat

371 1808 528 1865 Pontificale
548 1807 709 1857 Romanum.
995 1824 1009 1851 α
1026 1806 1102 1859 uelut
1115 1804 1235 1871 sigilium
1248 1806 1390 1871 quoddam
1409 1804 1532 1872 regium;
1548 1805 1584 1850 »¹⁵

403 1896 445 1949 65.
464 1890 614 1960 optandum
629 1889 800 1957 utiejuniad
814 1892 960 1944 Confirma-
993 1892 1021 1942 S.
1044 1892 1099 1943 beo
1127 1892 1241 1957 1113666
1268 1909 1285 1938 o
1314 1891 1487 1958 signaculum
1521 1891 1583 1945 uitae

373 1982 474 2036 tionem
508 1975 658 2040 accedant,
692 1976 767 2041 quod
803 1976 959 2030 pontificale
993 1980 1118 2035 astemaet
1138 1995 1151 2021 υ
1168 1975 1181 2009 ⁸
1196 1977 1224 2027 s.
1236 1976 1383 2042 Gregorius
1399 1975 1582 2029 umlanaeuus

371 2064 562 2125 commendat,
584 2066 611 2114 et
641 2066 720 2115 vetus
741 2074 790 2127 per
812 2061 959 2115 duodecim
991 2059 1060 2112 dicit
1079 2072 1129 2113 eos
1152 2078 1169 2109 κ
1192 2060 1314 2126 sigilium
1345 2060 1485 2127 suscipere
1508 2061 1582 2127 quod

372 2149 469 2205 saecula
486 2146 661 2199 cousuetudo
680 2146 777 2200 babuit
799 2161 805 2197 :
826 2148 875 2200 sed
899 2148 960 2215 lege
992 2145 1161 2210 sepulturam
1182 2144 1270 2210 ipsam
1292 2146 1453 2210 comitetur,
1472 2151 1501 2199 et
1520 2153 1582 2211 post

368 2248 423 2290 non
442 2232 563 2300 jubetur.
992 2236 1109 2283 mortem
1128 2237 1256 2292 mancat;
1280 2250 1293 2277 ι
1314 2231 1325 2265 ⁷
1347 2234 1374 2285 s.
1392 2231 1580 2285 ambrosius:

400 2320 441 2371 66.
455 2319 549 2370 Utrum
562 2316 652 2383 gravis
673 2315 709 2369 sit
729 2317 806 2383 culpa
821 2318 959 2385 negligere
993 2335 1007 2361 ι
1024 2316 1158 2382 accepisti
1177 2316 1349 2383 signaculum
1366 2317 1506 2384 spiritale,
1527 2317 1581 2384 spi·

369 2399 588 2457 confirmationis
627 2403 858 2468 susceptionem,
891 2404 958 2470 quin
992 2402 1074 2454 ritum
1091 2402 1292 2468 sapierrtlae,et
1315 2402 1584 2469 intellectus.spld·

366 2493 509 2557 spernatur
520 2489 746 2552 Sacramentum,
766 2488 837 2543 inter
854 2490 959 2544 1116616-
972 2472 979 2494 ’
991 2493 1049 2539 tum
1073 2488 1183 2541 consilii
1207 2495 1290 2554 atque
1309 2488 1435 2553 virtutis,
1455 2487 1580 2555 spiritum

367 2587 415 2643 gos
425 2572 564 2640 quaeritur.
584 2571 732 2626 Affirmauti
754 2575 898 2628 sententiae
918 2575 957 2629 fs·
991 2572 1176 2639 cognitionis,
1195 2579 1280 2639 atque
1301 2573 1430 2639 pietatis,
1456 2572 1581 2639 spiritum

364 2674 427 2718 vere
439 2660 546 2715 uidetur
555 2660 719 2716 constitutio
730 2662 867 2716 Benedicti
880 2664 956 2728 11111,
991 2660 1079 2713 sancti
1105 2658 1236 2713 timoris:
1256 2663 1283 2712 et
1306 2670 1384 2713 serva
1407 2658 1484 2724 quod
1504 2671 1581 2712 acce·

360 2760 424 2816 quae
441 2746 562 2801 declarat
587 2759 635 2802 eos
666 2746 713 2813 qui
741 2760 756 2799 a
786 2746 954 2816 presbyteris
990 2743 1063 2811 pisti.
1082 2744 1204 2813 Signuvit
1224 2750 1251 2798 te
1272 2746 1344 2799 beus
1365 2746 1463 2809 Pater,
1479 2744 1581 2798 confir·

359 2833 460 2888 Graccis
478 2833 585 2886 fueraut
604 2831 758 2885 chrismate
775 2831 843 2885 liniti
858 2871 865 2898 ,
880 2833 908 2885 in
922 2833 956 2886 iis
989 2833 1074 2886 mavit
1085 2838 1112 2885 te
1123 2832 1255 2884 emistus.
1274 2849 1290 2879 »
1306 2831 1361 2883 ⁸8.
1373 2830 1518 2896 Augustini
1535 2845 1581 2885 ve·

360 2919 519 2987 regionibus
547 2919 574 2970 iu
594 2917 695 2984 quibus
716 2917 830 2972 facultas
854 2919 955 2973 contir-
989 2923 1079 2972 iustus
1091 2917 1258 2984 discipulus,
1271 2917 1322 2992 tria
1344 2916 1471 2969 indicans
1486 2918 1581 2971 Sacra·

362 3007 454 3059 mandi
473 3006 506 3059 iis
527 3012 569 3059 est
581 3004 737 3072 denegata,
758 3026 770 3052 a
788 3008 879 3074 gravis
891 3021 955 3075 poc·
988 3009 1081 3063 menta
1092 3015 1155 3068 oum
1168 3003 1249 3055 umul
1259 3001 1480 3065 conferebantur,
1493 3002 1578 3056 dicit:

361 3092 414 3145 cati
434 3098 510 3145 reatu
532 3090 630 3153 teneri,
653 3091 677 3142 si
697 3093 770 3154 (cum
788 3093 907 3158 possint)
919 3094 954 3146 ad
990 3108 1003 3135 a
1022 3087 1375 3154 Bspliwlus·⁰⁸‚⁵lssss³²1¹⁸
1387 3087 1580 3153 1816610011·

360 3177 601 3231 confirmationem
623 3176 755 3230 accedere
781 3185 901 3232 renuunt
922 3192 955 3233 ac
988 3181 1092 3230 raatere
1102 3213 1109 3236 ,
1121 3174 1230 3240 coepisti
1245 3172 1378 3240 consequi
1390 3185 1530 3226 annonam
1542 3174 1579 3227 de

359 3265 510 3332 negligunt.
528 3281 544 3312 >i
563 3263 639 3317 ¹sed
659 3263 808 3334 pertinacia
827 3266 953 3332 qltaedatn
988 3272 1083 3313 mensa
1102 3259 1179 3326 regis
1202 3259 1252 3312 toi.
1270 3277 1282 3307 s
1303 3260 1315 3293 ⁹
1334 3261 1397 3312 llaec
1421 3259 1578 3312 testimonia

359 3350 467 3404 videtur
481 3363 543 3403 cum
564 3350 693 3417 neglectu
712 3350 891 3404 lisinrerum
905 3351 955 3404 ad·
988 3343 1056 3398 satis
1077 3345 1196 3411 probam
1218 3345 1392 3398 traditionem
1416 3344 1453 3397 de
1479 3345 1579 3397 obara-

357 3436 460 3500 J'uuctis
476 3447 609 3488 connexa.
631 3436 662 3486 ln
684 3435 955 3490 instructioneasa-
988 3438 1062 3503 otene
1085 3431 1138 3484 boc
1149 3434 1326 3484 sacramento
1345 3430 1491 3496 impresso.
1510 3430 1576 3484 ideo

359 3531 405 3572 cra
423 3518 641 3584 congregatione
653 3518 688 3570 de
701 3520 879 3584 Propaganda
889 3519 954 3572 Fide
987 3518 1129 3569 decretum
1149 3523 1192 3568 est
1205 3522 1235 3568 ut
1247 3531 1254 3566 t
1267 3535 1284 3563 a
1300 3517 1326 3567 si
1345 3516 1380 3568 de
1401 3516 1473 3569 iacto
1490 3516 1579 3581 Bapti-

360 3603 433 3656 edita
451 3601 550 3670 dicitur
574 3616 580 3652 :
607 3601 704 3653 «siue
727 3601 816 3666 gravis
848 3602 952 3668 peccati
987 3604 1057 3664 smi‚
1088 3601 1326 3677 confirmationis,
1356 3601 1576 3656 consecrationis

361 3694 438 3742 reatu
449 3687 541 3753 respui
552 3699 608 3740 nou
618 3691 710 3752 potest
723 3699 755 3740 ac
766 3687 877 3754 negligi,
889 3701 953 3740 cum
986 3687 1146 3751 dubitetur,
1162 3700 1215 3740 uec
1231 3687 1322 3753 possit
1344 3689 1401 3744 ulla
1428 3687 1575 3753 probatio,

361 3771 428 3826 illud
444 3770 613 3836 suscipiendi
632 3775 787 3836 opportuna
810 3773 889 3824 adest
906 3784 952 3825 oc-
985 3771 1164 3839 inquisitione
1173 3773 1261 3837 lacta,
1274 3785 1446 3835 succurrere,
1458 3771 1574 3838 perinde

360 3858 445 3912 casio.
459 3857 543 3910 Porro
561 3857 620 3910 baec
636 3855 776 3921 doctrina,
789 3858 813 3910 si
825 3871 880 3926 pro,
895 3869 953 3913 om·
986 3859 1123 3926 agendmm
1150 3864 1193 3912 ost
1217 3871 1250 3910 ac
1268 3858 1292 3910 si
1315 3857 1382 3910 nibil
1406 3857 1505 3910 borum
1534 3856 1578 3908 fa·

359 3944 440 3997 nibus
453 3944 499 4009 qui
512 3942 706 4009 suntundique
724 3943 952 3998 Chrislitidelibus
986 3951 1061 3998 otram
1086 3943 1192 3997 luisset.
1212 3963 1224 3990 υ
1245 3942 1318 3994 ω116
1335 3940 1449 3996 concilii
1469 3942 1577 3994 6611111·

323 4043 324 4046 ’
358 4042 423 4082 vera
438 4035 496 4093 est,
514 4029 602 4082 multo
621 4029 708 4096 magis
722 4029 813 4084 locum
827 4031 910 4084 babet
923 4032 951 4084 iu
985 4029 1108 4098 ginemb
1124 4032 1153 4081 v.
1171 4031 1274 4082 Patres.
1287 4027 1365 4092 Quod
1380 4032 1472 4080 autem
1490 4027 1578 4079 eccle·

356 4116 479 4183 illisqui
508 4116 536 4170 iu
563 4116 642 4174 terris
672 4117 776 4186 degunt
808 4119 953 4173 iraeretioo-
985 4115 1034 4168 siae
1052 4115 1224 4170 consecratio
1243 4114 1343 4167 eodem
1361 4112 1579 4179 comprehenda-

315 4213 318 4220 ·
365 4217 465 4256 rum.»
986 4208 1030 4254 tur
1041 4202 1169 4266 decretos,
1184 4212 1240 4254 uon
1259 4199 1580 4252 obstat-:cammera-

386 4489 414 4542 lt)
434 4488 526 4530 Constit.
541 4489 591 4531 Etsi
603 4491 739 4542 pastoralis,
756 4492 768 4544 5
787 4498 806 4534 6.
820 4504 841 4533 ιι.
860 4495 879 4534 1.
896 4491 952 4534 uult.
1011 4490 1040 4543 (a)
1053 4490 1124 4532 Soror.
1132 4488 1161 4529 ir.
1169 4489 1196 4529 ds
1205 4486 1275 4528 Natio.
1285 4485 1312 4540 lt)
1329 4487 1415 4528 Exhort.
1428 4485 1456 4527 ad
1465 4497 1483 4526 s.
1496 4486 1565 4529 ierac.

360 4559 423 4600 Tm·
432 4557 447 4598 i·
1010 4565 1040 4616 (s)
1055 4559 1350 4615 marcomanicum.

384 4628 412 4679 (Ι)
424 4627 478 4679 pr.
487 4627 502 4668 i.
516 4628 585 4680 1111)
599 4627 653 4669 ibid.
662 4629 690 4671 ir.
699 4634 731 4670 16.
1010 4632 1037 4685 (a)
1047 4632 1115 4674 Sarna.
1128 4631 1155 4672 de
1170 4628 1306 4681 eauctprmo
1318 4639 1337 4668 c.
1355 4627 1370 4668 i.
1386 4627 1445 4668 lotar
1460 4626 1580 4679 augustiam

385 4696 414 4746 (tl
429 4695 469 4751 Ep.
480 4687 533 4737 l'ur.
545 4696 573 4750 lb)
588 4697 611 4739 L.
621 4696 651 4738 ir.
659 4696 681 4738 in
690 4698 771 4740 Cautio.
984 4712 1102 4744 sermm
1109 4700 1164 4742 oiim
1171 4697 1332 4740 monoculus.
1348 4697 1387 4748 (lul
1403 4696 1456 4738 ceu.
1468 4693 1501 4737 ui.
