3792 5550
572 524 641 577 CAP.
667 525 701 577 ll.
721 526 764 578 BE
781 525 952 580 sacalulcll
971 527 1255 582 nuouulurculnus.
1441 525 1492 578 loo

292 635 443 694 sacrificium
455 653 462 688 ι
472 649 537 690 narn
551 638 658 694 uictima
672 653 735 694 vore
745 640 868 707 offertur,
901 644 1124 710 repraesentatio,
1140 642 1251 706 ulctima
1271 641 1432 705 deficiente,
1444 652 1493 707 po·

291 722 675 790 tlulisstmnraestantisslms.
902 736 956 784 test
973 729 1134 783 sacrificium
1152 727 1256 781 haberi.
1276 725 1491 792 Theologirarie

903 814 1027 868 sentiunt
1043 813 1079 866 de
1096 811 1215 867 essentia
1235 811 1363 866 sacrificii
1387 813 1491 864 llucha·

497 898 601 950 cltl’lll
620 899 651 949 ll.
902 900 1007 965 nimici,
1025 912 1077 953 nec
1096 899 1177 952 nohis
1192 911 1241 964 per
1261 897 1348 951 otium
1360 897 1423 950 licet
1435 897 1491 949 sin·

903 988 982 1054 gulas
1001 986 1152 1040 sententias
1160 982 1333 1051 perscrutari.
1346 984 1436 1036 Placet
1444 981 1489 1034 illa

370 1079 400 1118 ns
418 1079 549 1120 secamur
566 1079 784 1124 monninrtrrnos.
903 1085 965 1138 quae
976 1077 1062 1126 totam
1077 1073 1104 1124 in
1126 1069 1333 1124 consecratione
1350 1065 1490 1134 agnoscit:

902 1171 966 1211 nam
988 1157 1112 1210 christus
1134 1160 1273 1221 tamquam
1294 1153 1402 1208 victima
1419 1163 1491 1217 prse-

317 1237 356 1290 86.
376 1239 413 1290 lix
438 1239 481 1291 his
505 1253 568 1305 quae
592 1242 733 1298 attulimus
754 1249 868 1298 vetustos
902 1242 1024 1307 sensit,
1039 1242 1159 1308 iocoque
1176 1241 1247 1302 lieo,
1266 1238 1326 1304 ipsa
1345 1235 1491 1303 cusentin

289 1321 347 1374 hoel
368 1323 867 1394 documentis,sicutetlpsischristi
902 1328 1091 1392 sua‚oblatus
1102 1325 1258 1380 censendus
1275 1328 1327 1377 est.
1347 1321 1491 1387 Uenusque

288 1407 387 1462 llomini
410 1410 520 1475 verbis,
544 1412 629 1479 liquet
646 1426 745 1480 corpus
763 1417 822 1482 ejus
841 1421 869 1469 et
903 1413 1005 1481 speciei
1028 1409 1265 1466 consecrationem
1287 1408 1321 1461 ad
1343 1405 1490 1461 essentiam

287 1494 442 1560 sangninem
459 1509 523 1550 vere
544 1499 599 1552 heo
616 1491 869 1568 oilern‚'snhspe·
903 1499 1030 1553 sacrificii
1055 1498 1192 1565 pertinere
1226 1493 1350 1563 plerique
1380 1497 1490 1552 tenent,

286 1575 374 1632 clebus
386 1584 464 1646 ponis
476 1580 575 1636 etvini.
586 1584 783 1651 optimelgitur
794 1587 872 1640 hcin-
903 1585 1008 1638 colleto
1020 1588 1111 1636 tamen
1131 1595 1194 1636 eom
1212 1581 1273 1634 aliis
1291 1578 1489 1638 dissentiente,

286 1661 364 1718 nitius
377 1677 384 1718 t
397 1683 414 1714 «
433 1667 486 1720 lies
504 1667 597 1720 oblata
615 1668 672 1723 sive
695 1671 804 1724 victima
824 1677 871 1726 aut
904 1668 1039 1734 qui,licet
1050 1665 1173 1720 diuinum
1185 1670 1351 1733 pracceptum
1360 1669 1491 1731 agnoscat

286 1748 370 1805 hostia
383 1752 498 1818 estinse
509 1753 654 1819 christus,
673 1757 751 1822 cujus
770 1769 834 1810 caro
844 1763 871 1812 ot
904 1751 1177 1818 utramquesneciem
1189 1750 1370 1804 consecrandi
1380 1788 1388 1815 ‚
1399 1759 1492 1802 essen-

284 1836 395 1902 sanguis
409 1837 462 1891 sub
476 1838 568 1903 specle
579 1838 764 1906 syrnbolorum
778 1841 871 1907 titique
905 1839 971 1892 tiam
984 1838 1108 1890 sacrificii
1124 1836 1218 1889 haberi
1239 1837 1267 1888 in
1284 1837 1367 1888 unius
1388 1833 1490 1900 speciei

286 1917 482 1974 immolationis
495 1927 577 1988 atrine
593 1923 733 1977 libamenti
753 1923 870 1979 cilicium
905 1923 1113 1978 consecratione
1129 1927 1215 1988 nutat.
1230 1923 1305 1973 lianc
1322 1920 1404 1972 nohis
1424 1919 1493 1971 arri-

284 2004 365 2059 subit.
379 2009 434 2060 Noc
449 2007 529 2062 video
552 2008 618 2076 quid
639 2009 682 2063 hic
696 2011 811 2064 desituri
824 2025 871 2064 ve·
905 2010 972 2062 dere
984 2007 1141 2075 opinionem
1151 2006 1223 2060 hauri
1232 2005 1391 2067 (lillitemnr3
1400 2015 1493 2071 quarn-

285 2102 339 2142 ram
360 2091 486 2146 sacrificii
508 2093 642 2148 rationem
658 2097 774 2162 :quidni
798 2101 869 2151 enirn
904 2096 947 2151 vis
959 2095 1034 2149 enirn
1043 2107 1099 2148 non
1111 2093 1190 2147 laeilo
1198 2093 1302 2146 Collcto
1311 2091 1493 2145 assentiamur

285 2173 309 2226 itl
323 2177 398 2242 quod
412 2178 464 2231 suh
475 2179 607 2246 symbolis
618 2193 740 2247 nraesens
752 2189 804 2246 est,
816 2186 870 2238 lieo
904 2182 1014 2237 nocenti
1028 2180 1056 2234 in
1071 2180 1164 2235 divino
1176 2181 1224 2234 illo
1235 2177 1492 2246 pmceptodispen·
1540 2242 1556 2264 ο

284 2259 372 2316 offerri
392 2265 495 2329 possit,
516 2279 578 2320 cum
603 2268 677 2334 quod
702 2270 754 2322 suli
776 2270 819 2324 his
842 2271 869 2324 in
904 2269 960 2322 sari
978 2267 1105 2334 posseall
1123 2264 1492 2331 Ecclesiamrgentenecos·

285 2347 450 2404 Eucharislia
460 2352 630 2417 continetur,
644 2352 680 2406 sil
693 2355 815 2409 omnium
828 2369 870 2409 re·
904 2355 1000 2418 sitnia,
1021 2357 1112 2406 tamen
1129 2352 1154 2404 si
1173 2365 1239 2406 casu
1263 2350 1306 2404 uel
1325 2350 1405 2416 culpa
1425 2360 1492 2401 con·

284 2446 341 2486 rum
353 2436 617 2501 pretiosissimum»
631 2437 641 2471 ¹
653 2441 793 2507 Anglicani
804 2455 871 2496 non·
905 2441 992 2506 tingat
1014 2440 1128 2492 alteram
1149 2437 1269 2503 speciem
1284 2434 1416 2496 delicere,
1431 2445 1492 2498 per·

283 2519 347 2572 nulli
362 2520 420 2576 fere
445 2529 589 2579 cesserunt
609 2528 760 2590 veritati‚¹
779 2530 870 2595 aliqua
904 2529 964 2577 acta
1002 2521 1115 2574 alterius
1152 2519 1376 2582 consecratione,
1408 2529 1492 2583 quum

283 2609 374 2658 tamen
388 2607 565 2675 adjicientes,
576 2617 607 2664 ut
619 2613 676 2666 suis
694 2614 871 2668 consulerent
905 2608 1045 2669 llhristus,
1058 2605 1169 2659 victima
1183 2608 1277 2657 nostra
1288 2640 1296 2667 ‚
1308 2602 1396 2664 adsit,
1407 2602 1492 2653 sacri·

281 2690 399 2755 illimis·
905 2691 998 2745 licium
1016 2688 1111 2742 haberi
1133 2688 1287 2755 opinemur,
1310 2688 1376 2740 cum
1400 2688 1439 2738 ue
1457 2688 1492 2738 La

313 2778 357 2829 et.
377 2780 436 2843 Qua
455 2780 482 2832 iu
500 2794 530 2834 re
549 2782 675 2837 sacrificii
694 2784 869 2839 Eucharistici
906 2783 1022 2847 Boane,
1049 2779 1204 2841 l’errooeo‚
1229 2774 1346 2842 aliisque
1363 2771 1489 2841 plurimis

283 2865 350 2918 ratio
369 2866 562 2921 constituenda
581 2868 632 2933 sit,
654 2870 793 2936 quaeritur.
817 2873 872 2925 hn-
904 2864 1146 2927 communionem,
1172 2876 1221 2917 seu
1247 2860 1420 2927 sacerdotis,
1444 2873 1493 2913 seu

283 2948 453 3013 glicanorum
467 2956 605 3009 sententia
627 2968 687 3009 earn
700 2956 727 3009 in
746 2956 824 3025 panis
844 2966 871 3013 ot
904 2954 1018 3021 populi,
1036 2953 1071 3006 ad
1096 2950 1220 3005 sacrificii
1243 2949 1391 3003 essentiam
1420 2947 1493 3000 haud

281 3034 335 3087 vini
347 3036 501 3113 oblatione,
516 3042 652 3105 qnatenus
662 3042 785 3109 symbola
804 3045 871 3099 liunt
903 3054 1051 3096 censemus
1077 3039 1230 3106 perfluere,
1258 3036 1382 3103 quamvis
1403 3038 1432 3089 s.
1451 3036 1494 3087 tl·

282 3123 718 3191 corporisetsanguinischristi,
737 3141 871 3194 reponen-
904 3130 1012 3195 phonso
1033 3126 1177 3180 alllrmanli
1202 3126 1276 3178 haud
1305 3124 1386 3178 ualde
1413 3135 1493 3188 repu-

214 3214 218 3225 ·
282 3207 348 3260 tium
379 3209 486 3262 absona
515 3210 597 3275 plane
625 3215 668 3263 est
685 3225 693 3261 t
712 3211 870 3277 hujusmodi
905 3225 1033 3279 gnemus.
1476 3202 1481 3212 '

281 3294 353 3346 enim
366 3296 472 3350 oblatio
489 3295 559 3349 toret
583 3308 599 3348 a
621 3307 737 3361 corpore
762 3296 822 3361 ipso
845 3302 873 3349 ct
938 3298 981 3349 88.
1001 3292 1168 3347 sacrificium
1187 3291 1379 3350 henoticum,
1401 3288 1495 3353 impri-

281 3380 419 3446 sanguine
437 3380 875 3448 diversa‚etprolntleropu3nu·
907 3380 961 3433 mis
984 3376 1153 3431 liucharistia
1172 3381 1233 3438 est,
1256 3375 1357 3441 qnippe
1385 3374 1419 3425 ad
1448 3372 1494 3427 liei
1589 3416 1594 3423 .

281 3470 321 3517 ret
340 3464 425 3519 unico
447 3464 545 3517 Christi
565 3464 714 3533 suenheim
732 3478 783 3520 nec
798 3478 873 3520 mora
906 3468 1042 3522 honorem
1059 3469 1087 3518 et
1105 3463 1208 3517 cultum
1230 3474 1388 3529 supremum
1412 3459 1496 3513 uesti-

283 3778 288 3787 ·
307 3777 312 3790 .
329 3778 335 3791 .
348 3748 460 3803 Certainly
470 3778 477 3801 ,
486 3750 494 3791 l
504 3750 547 3793 will
563 3750 628 3804 epealr
647 3750 711 3806 ireely
721 3780 727 3803 ‚
742 3751 826 3794 neither
833 3764 873 3795 carr
907 3753 1023 3796 thathnorr
1030 3753 1047 3794 it
1056 3758 1078 3795 to
1086 3751 1175 3795 hetheir
1181 3749 1302 3805 proleuion
1312 3749 1389 3803 (ehieh
1398 3750 1427 3791 all
1437 3754 1496 3791 most

281 3820 329 3873 they
340 3821 388 3861 thet
397 3818 449 3863 hold
458 3820 698 3874 annino-tenelerias,
713 3822 739 3863 be
753 3824 810 3876 trnly
826 3822 873 3865 said
909 3824 970 3866 lnorr
986 3823 1033 3865 that
1046 3822 1090 3865 rrill
1105 3828 1143 3863 not
1151 3822 1217 3875 epea!
1226 3820 1307 3873 otthey
1316 3821 1422 3862 lnovnot
1431 3820 1495 3869 rrhat)

281 3892 302 3929 to
308 3890 372 3933 nand
380 3889 466 3941 obliged
475 3894 542 3943 torn!
551 3892 605 3932 ench
613 3894 876 3945 coneeqrroneeflolm,
908 3899 968 3934 met
982 3891 1229 3943 echnoerletlgethatthe
1236 3889 1496 3943 npeetrngottheseen-

282 3970 305 4000 ιι
321 3960 372 4013 they
386 3958 548 4011 aelrnowledge,
569 3960 621 4001 with
636 3960 656 4001 ιΙ
673 3960 808 4015 Christiane,
828 3964 874 4003 that
907 3962 948 4002 fleo
962 3960 1076 4002 olenus
1085 3958 1187 4000 crueitlerl
1205 3960 1232 4011 hy
1249 3957 1496 4007 tleelloehariet,ienot

282 4030 435 4073 theCorenant
442 4026 560 4069 oIGraceis
569 4029 601 4068 lor
609 4039 662 4069 oneo
671 4030 746 4071 settled
751 4030 779 4082 hy
788 4029 824 4070 the
833 4042 875 4071 one
907 4032 945 4072 the
959 4030 1070 4083 repeatim
1079 4029 1157 4071 elthei
1166 4029 1267 4072 sacrifice
1274 4029 1302 4081 hy
1313 4028 1383 4069 which
1393 4027 1495 4069 mankind

283 4098 384 4139 Sacrifico
392 4099 418 4139 ol
430 4110 471 4139 our
479 4098 538 4138 horn
558 4108 616 4151 upon
632 4098 668 4138 the
676 4098 812 4152 Crono-Why
821 4100 832 4139 l
840 4099 874 4139 be
908 4111 953 4143 rrae
965 4097 1076 4140 reticem
1086 4096 1215 4150 ‚otherwise
1228 4097 1333 4137 thaneee
1344 4096 1468 4137 sacrament
1476 4093 1496 4137 ie

282 4178 347 4209 cause
356 4197 364 4221 ‚
372 4166 458 4219 though
474 4166 612 4221 therbellem
622 4168 658 4207 the
666 4166 750 4208 natural
760 4168 822 4209 Flesh
832 4169 874 4209 ancl
907 4169 955 4211 eniel
962 4174 985 4209 tu
994 4168 1021 4221 be
1028 4168 1075 4209 thet
1082 4166 1178 4210 thereos
1187 4165 1405 4207 innumerorum.»
1414 4164 1497 4205 Thorn-

282 4238 468 4280 urmootcnrn
476 4266 484 4289 ‚
493 4249 519 4279 se
528 4236 629 4279 crncitlerl
641 4242 663 4277 to
677 4236 786 4289 hethere,
796 4243 831 4291 yet
837 4244 875 4278 not
907 4240 957 4282 rlilre
965 4268 973 4293 ‚
981 4238 1160 4293 epilogue‚hooh
1169 4236 1203 4278 iii.
1217 4236 1251 4278 eh.
1261 4248 1281 4278 r.
1295 4235 1353 4288 rpsrl
1366 4234 1497 4277 oxonienses

284 4308 406 4360 naturally,
422 4307 462 4347 bnt
476 4306 641 4365 sacramentelly
651 4334 657 4357 ,
667 4304 765 4359 (thetis,
778 4306 799 4349 irr
817 4307 874 4349 their
907 4315 970 4353 treet.
978 4314 1002 4352 et
1012 4320 1035 4363 p.
1044 4315 1090 4351 tec.

282 4388 361 4429 sense,
378 4376 446 4417 under
458 4377 496 4418 the
510 4376 617 4418 accidente
636 4377 660 4417 ol
675 4376 739 4417 hread
749 4376 791 4417 anti
804 4377 873 4430 wine,
932 4380 960 4431 (ll
969 4380 1061 4433 system.
1071 4377 1146 4419 Theoi·
1155 4389 1177 4430 p.
1185 4382 1230 4419 tea

283 4447 354 4489 ehieh
364 4448 399 4499 is,
409 4447 493 4499 indeed,
506 4448 547 4489 end
558 4448 579 4487 in
589 4448 696 4489 thesaure
712 4447 761 4489 olle
769 4446 874 4499 Choreb,
932 4451 960 4501 (tl
970 4464 980 4488 ι
991 4449 1057 4490 What
1065 4448 1117 4489 time
1125 4447 1177 4488 then
1195 4458 1221 4489 eo
1238 4447 1262 4488 llt
1278 4446 1321 4488 eud
1335 4446 1461 4488 cersonalile
1473 4453 1496 4489 to

283 4523 352 4563 under
368 4523 409 4562 the
420 4522 502 4574 species
515 4534 540 4563 or
554 4521 615 4563 kinds
626 4522 640 4574 ς)
651 4521 721 4563 ulrich
731 4520 845 4562 dilierence
854 4520 873 4562 is
907 4517 1191 4561 commendoorderotione
1205 4522 1258 4558 nnto
1273 4516 1365 4569 (ἴοιμι
1381 4516 1443 4557 when
1459 4517 1496 4557 the

283 4602 307 4629 so
317 4596 379 4641 great
394 4601 421 4630 an
430 4590 551 4632 abetement
563 4591 587 4632 ol
593 4591 639 4631 thet
648 4600 748 4631 common
758 4590 799 4631 and
809 4590 872 4631 usuri
908 4588 1076 4630 himelconis
1086 4586 1141 4628 elain
1150 4598 1209 4639 upon
1217 4587 1255 4628 the
1263 4586 1317 4639 lioly
1324 4584 1497 4637 Tablelrllerle,

282 4669 361 4711 sense,
380 4658 481 4701 inuhieh
499 4660 656 4703 allchrietiane
678 4659 809 4701 understand
826 4658 873 4699 thot
905 4658 1031 4712 presbyter,
1049 4656 1093 4697 The
1115 4654 1230 4698 Christian
1251 4654 1353 4707 sacrifice
1370 4654 1418 4695 ΙιΙ.
1437 4654 1451 4692 i.
1469 4653 1494 4694 ii.

282 4729 363 4769 Cnursr
378 4740 421 4771 rrae
434 4728 544 4772 sacrificed
562 4740 620 4783 upon
638 4731 674 4771 the
692 4726 771 4783 Croes,
787 4728 833 4771 thot
845 4730 874 4771 all
908 4728 966 4782 apud
978 4726 1109 4771 oxonienses
1119 4730 1254 4780 tremene.
1265 4730 1310 4767 ttt.

691 4866 705 4892 ὁ
