3792 5550
595 548 665 600 CAP.
686 550 740 599 vlt.
760 552 802 601 DE
819 550 1051 603 liteEbtttEtluls
1068 550 1271 605 uaraluotttt.
1488 555 1539 605 395

322 659 497 712 interdictum
526 660 626 713 iactum
647 663 786 717 inuentum
811 665 909 728 luerit,
944 671 1036 718 menta
1046 665 1175 720 dirimere
1186 674 1367 722 contractum.
1384 669 1536 723 Ecclesiam

316 751 471 811 separetur.
488 744 517 791 »¹
532 747 614 799 luins
638 749 766 802 omnibus
793 750 910 803 decretis
943 764 1009 803 vero
1021 751 1094 802 baud
1102 765 1210 804 errasse
1222 753 1250 804 in
1266 755 1467 807 constituendis
1478 766 1538 805 ma-

322 830 397 883 irrita
409 830 584 884 declarantur
593 833 750 896 hujusmodi
761 836 887 903 conjugia
902 851 909 886 :
944 834 1064 887 trimonii
1076 836 1297 901 impedimentis,
1311 852 1343 891 ex
1361 838 1460 891 Christi
1471 851 1537 903 pro-

321 915 396 967 unde
414 922 488 981 patet
506 930 566 969 eam
592 920 758 971 Praesulibus
781 920 911 973 Ecclesiae
943 919 1120 973 missionibus
1141 921 1298 985 inserimus,
1312 928 1340 976 et
1357 937 1386 975 re
1400 924 1459 988 ipsa
1471 935 1536 987 pre·

318 1001 397 1053 omni
419 1007 498 1053 aetate
516 1002 651 1055 insedisse
683 1005 910 1069 persuasionem,
943 1004 1042 1056 bamus
1056 1018 1063 1054 ε
1076 1017 1139 1069 quae
1148 1006 1220 1057 euim
1230 1006 1325 1059 statuit
1337 1020 1370 1059 eo
1380 1008 1535 1074 diriguntur

319 1086 366 1138 sui
386 1086 455 1152 juris
480 1098 542 1139 esse
565 1087 759 1153 impedimenta
775 1094 910 1152 statuere,
943 1096 974 1141 ut
993 1102 1100 1142 morum
1113 1096 1140 1141 et
1158 1089 1221 1142 iidei
1234 1091 1376 1157 integritas
1393 1097 1528 1145 servetur.

320 1183 382 1236 quae
396 1170 536 1223 obstarent
546 1184 580 1223 ue
593 1173 712 1225 valerent
724 1174 910 1227 matrimonia·
1068 1173 1233 1238 abjectiones
1253 1178 1406 1228 solvuntur.

320 1256 362 1309 les
374 1262 529 1308 contractus
541 1262 635 1309 contra
648 1260 762 1309 vetitum
775 1260 908 1311 attentati.
975 1261 1018 1311 87.
1037 1258 1096 1324 ott.
1119 1262 1142 1311 l.
1168 1260 1292 1312 cbristus
1316 1260 1414 1312 nullibi
1431 1259 1530 1327 legitur

321 1342 406 1393 Porro
427 1340 502 1393 netas
523 1347 565 1393 est
595 1342 716 1408 cogitare
746 1348 909 1408 potestatem
943 1344 1116 1397 concessisse
1137 1345 1266 1398 Ecclesiae
1278 1346 1470 1399 auctoritatem
1494 1346 1535 1397 di·

317 1425 389 1479 adeo
407 1430 564 1479 constanter
576 1428 726 1480 adhibitam
740 1442 834 1482 carere
847 1429 908 1482 iun·
943 1428 1071 1481 rimentia
1092 1430 1288 1494 impedimenta
1312 1412 1499 1483 constituendi
1524 1446 1531 1481 ι

320 1512 460 1566 dameuto.
642 1532 646 1537 ·
942 1518 1065 1577 potestas
1088 1520 1180 1566 autern
1199 1516 1286 1581 major
1306 1522 1349 1567 est
1367 1529 1450 1581 quam
1470 1528 1533 1582 quae

354 1598 396 1649 st.
411 1598 549 1651 Probatur
568 1602 593 1651 2.
607 1614 642 1653 erc
661 1602 779 1654 Petrum
791 1603 910 1654 testimo·
943 1597 1133 1650 ratiocinando
1146 1599 1228 1650 statui
1242 1601 1339 1664 possit.

320 1682 386 1735 nim.
405 1686 433 1736 S.
456 1685 572 1736 Basilius
594 1685 654 1737 ait:
676 1704 691 1733 ι(
711 1685 908 1739 canonicorum
975 1684 1017 1732 88.
1029 1682 1110 1746 desp.
1129 1684 1270 1736 concessit
1283 1684 1408 1737 cbristus
1420 1687 1535 1750 Aposto-

321 1768 465 1820 iomicatio
487 1780 535 1834 pro
558 1770 732 1823 matrimonio
751 1784 807 1823 nou
829 1783 909 1835 repu-
942 1766 976 1818 lis
992 1767 1190 1831 amplissimam
1220 1771 1410 1822 auctoritatem
1431 1771 1533 1837 ligandi

320 1860 407 1916 tetur,
432 1854 480 1906 sed
503 1867 598 1907 eorum
619 1856 775 1922 conjunctio
798 1856 911 1909 divella-
943 1858 971 1904 et
984 1852 1125 1914 soluendi3
1142 1858 1170 1904 et
1182 1866 1259 1916 eam,
1274 1868 1355 1919 quam
1369 1868 1384 1906 a
1398 1857 1476 1908 Patre
1488 1869 1534 1908 ac-

320 1946 373 1990 tur.
390 1938 433 1985 »²
453 1939 583 1992 canonici
609 1940 813 2007 intelliguntur,
833 1942 909 2008 juxta
942 1944 1213 2003 ceperat,summam
1225 1945 1406 2004 potestatem,
1419 1940 1447 1992 in
1460 1941 1535 1993 uadi·

319 2024 523 2087 balsamonem,
536 2026 582 2090 qui
593 2025 775 2092 virginitatem
793 2026 909 2093 professi
942 2023 1066 2075 monium
1079 2023 1154 2075 dedit
1174 2024 1325 2089 ejusquam
1335 2023 1369 2075 iis
1379 2024 1533 2076 communi·

319 2108 348 2161 iu
358 2122 506 2173 canonem,
528 2111 681 2177 catalogum
700 2111 803 2164 seilicet
816 2124 910 2164 mona-
942 2108 1013 2160 cauit
1037 2108 1227 2161 exercendam.
1252 2110 1307 2161 Eos
1325 2108 1469 2161 constituit
1490 2108 1533 2161 sui

317 2194 572 2259 chorumvelcleri,
590 2197 786 2249 referebantur.
942 2194 1103 2259 ministros,
1124 2201 1152 2247 et
1170 2195 1374 2261 dispensatores
1389 2194 1533 2261 mysterio·

351 2282 393 2331 85.
407 2282 433 2331 S.
449 2282 594 2347 Gregorius
612 2284 646 2333 bl.
670 2283 776 2349 scriptis
797 2282 908 2335 edocuit
940 2293 1002 2330 rum
1015 2279 1189 2344 diuinorum,
1210 2280 1256 2345 qui
1276 2280 1379 2333 idcirco
1396 2280 1532 2347 legatione

318 2365 499 2431 augustinum
521 2368 660 2432 quomodo
682 2382 742 2421 cum
762 2369 854 2435 anglis
872 2369 906 2420 ad
940 2379 990 2431 pro
1009 2366 1069 2431 ipso
1087 2365 1246 2433 funguutur,
1260 2368 1318 2434 ejus
1337 2365 1411 2419 vices
1428 2366 1533 2419 obeun-

316 2450 400 2503 tidem
419 2453 582 2517 conversis,
608 2454 642 2505 de
663 2454 845 2507 matrimoniis
863 2468 908 2519 ge·
940 2456 982 2502 tes
995 2450 1070 2502 iniis
1088 2463 1151 2515 quae
1161 2452 1297 2516 pertinent
1317 2452 1352 2504 ad
1369 2454 1533 2503 sacramen-

315 2550 376 2589 rere
390 2550 419 2589 se
437 2538 560 2591 deberet.
575 2541 724 2591 itomanam
741 2540 829 2605 legem
852 2552 905 2605 qua
940 2539 1030 2586 lorum
1051 2534 1328 2587 administrationem.
1353 2537 1418 2586 lura
1437 2536 1532 2587 matri·

316 2622 547 2687 permittebantur
564 2624 793 2675 consobrinorum
813 2625 907 2689 conju·
939 2619 1026 2671 monii
1045 2625 1119 2671 certe
1138 2619 1267 2685 explicuit
1287 2619 1479 2682 Paulus,etea
1491 2619 1531 2670 ui-

313 2707 376 2774 gla,
397 2707 531 2774 imprimis
547 2709 694 2772 emendat,
716 2710 904 2777 subjungens:
942 2720 995 2757 xus
1007 2705 1170 2758 auctoritate
1184 2742 1192 2769 ,
1205 2704 1274 2771 qnid
1285 2705 1379 2757 liceret
1397 2705 1489 2768 fideli,
1507 2705 1530 2756 si

317 2815 329 2839 u
344 2795 420 2847 llnde
437 2808 549 2849 neccsse
567 2803 623 2858 est,
644 2803 673 2848 ut
686 2797 742 2864 jam
761 2797 839 2850 tertia
862 2799 906 2852 uel
939 2791 1059 2844 infidelis
1076 2793 1234 2844 uelleteum
1250 2791 1310 2856 ipso
1329 2790 1453 2843 babitare
1465 2791 1531 2853 ,de-

312 2887 410 2946 quarta
423 2881 563 2948 generatio
582 2880 704 2934 iidelium
716 2882 831 2935 licenter
853 2883 905 2935 sibi
939 2876 1059 2930 claravit·
1081 2878 1141 2929 Non
1157 2875 1345 2929 ratiocinandO
1365 2882 1530 2941 potestatem

309 2965 388 3033 iungi
407 2966 515 3019 debeat.
538 2969 603 3020 Nam
626 2967 746 3020 secunda
768 2981 849 3034 quam
863 2968 905 3020 di·
938 2963 1010 3015 banc
1040 2963 1199 3023 statuimus;
1233 2962 1283 3014 sed
1311 2974 1393 3028 quam
1421 2974 1530 3027 semper

313 3052 404 3104 ximus
427 3065 442 3103 a
462 3065 492 3105 se
512 3055 625 3106 omnine
648 3054 731 3107 debet
742 3053 902 3106 abstinere:
937 3048 1058 3100 exercuit
1086 3047 1223 3110 Ecclesia,
1246 3047 1419 3100 ostendimus
1438 3046 1530 3101 uerbis

312 3148 377 3188 eum
397 3149 514 3188 noverca
533 3143 632 3194 autem¹
647 3139 756 3191 misceri
767 3124 904 3205 grave'est
938 3131 1037 3185 Christi
1048 3132 1232 3197 comprobari.

314 3221 431 3275 lacinus.
442 3220 480 3269 »⁸
740 3227 742 3244 ¹
970 3219 1014 3269 aa.
1034 3215 1095 3280 obj.
1106 3217 1132 3266 E.
1153 3218 1238 3280 Leges
1249 3228 1319 3280 quas
1338 3215 1374 3268 de
1391 3215 1530 3267 matrime-

346 3309 389 3358 86.
406 3307 543 3360 Probatur
560 3311 585 3361 3.
614 3309 718 3362 ratione
748 3309 903 3377 menippaea,
937 3303 985 3356 nio
1009 3301 1086 3354 dedit
1109 3303 1200 3361 licus,
1234 3306 1339 3352 metum
1372 3300 1529 3366 spectanda

312 3395 402 3456 Quum
428 3393 551 3446 Christus
570 3394 736 3446 Praesulibus
759 3394 903 3458 Ecclesiae,
937 3395 1018 3452 sunt,
1044 3401 1096 3440 nec
1116 3387 1177 3440 aliae
1195 3386 1395 3452 adjungenda,
1409 3397 1486 3452 quae,
1501 3387 1530 3438 li-

312 3478 491 3543 amplissimis
516 3480 621 3540 uerbis,
645 3480 748 3546 ligandi
770 3481 905 3534 solvendi·
936 3475 1042 3527 bertate
1059 3473 1181 3526 nubendi
1201 3471 1464 3537 minuta,peceandi
1480 3485 1529 3538 pe·

314 3577 369 3629 que
396 3565 501 3618 dederit
525 3569 732 3628 auctoritatem,
767 3571 904 3632 potestate
937 3561 1053 3614 rieulum
1065 3566 1175 3626 erigent.

314 3650 421 3716 praediti
430 3651 560 3704 censendi
572 3657 636 3704 sunt
654 3652 746 3704 emnia
765 3651 903 3705 statuendi
968 3649 1011 3699 90.
1034 3647 1113 3711 llesp.
1132 3648 1218 3712 Leges
1235 3644 1291 3695 illae
1310 3643 1411 3708 populo
1432 3643 1528 3710 singu-

312 3747 377 3801 ouae
389 3737 423 3788 ad
431 3737 533 3789 bonum
543 3738 664 3804 regimen
679 3738 831 3791 animarum
840 3751 904 3804 per·
936 3732 987 3785 lari
999 3733 1070 3785 datae
1083 3744 1139 3784 non
1151 3730 1273 3798 obligant
1290 3735 1404 3783 caeteras
1416 3735 1526 3796 gentes3

313 3819 421 3873 tinent:
435 3822 632 3876 adbocautem
653 3825 733 3889 plane
747 3829 851 3890 spectat
869 3836 900 3876 ea
937 3819 1039 3872 etenim
1059 3819 1131 3870 bens
1150 3822 1235 3870 totam
1255 3817 1344 3882 legem
1367 3815 1527 3882 abrogatam

311 3906 349 3957 de
369 3906 543 3959 matrimonio
561 3908 710 3960 decernere
731 3921 792 3973 quae
809 3909 899 3960 bonos
934 3904 1143 3966 voluit,cnristo
1156 3915 1235 3954 suam
1248 3901 1275 3951 in
1286 3901 1367 3953 terris
1378 3900 1527 3954 Ecclesiam

312 3999 405 4042 mores
423 3988 529 4052 iuvent,
549 3990 584 4042 'et
607 3991 748 4042 bominum
773 3992 900 4043 salutem.
936 3989 1078 4040 fundante.
1101 3989 1186 4038 Penes
1204 3989 1325 4037 rectores
1346 3984 1476 4037 Ecclesiae
1486 3984 1528 4036 id·

311 4077 379 4138 Quae
395 4087 559 4128 concurrere
580 4075 697 4128 debeant
711 4080 740 4127 ut
750 4086 902 4128 cousensus
936 4073 1010 4126 circe
1028 4077 1071 4124 est
1093 4085 1126 4123 ex
1149 4069 1234 4123 ueteri
1247 4069 1342 4121 codice
1362 4069 1526 4131 desumere,

312 4155 450 4226 legitimus
471 4159 720 4220 habeatur,mores
741 4167 767 4212 et
785 4161 899 4214 salutem
936 4171 999 4224 quae
1019 4156 1143 4209 emnium
1167 4155 1290 4222 gentium
1310 4153 1461 4206 conditioni
1483 4167 1527 4207 ac·

313 4251 446 4312 spectant.
458 4249 528 4312 Ergo
548 4246 575 4297 in
588 4245 631 4297 liis
647 4245 810 4299 definiendis
827 4259 900 4298 exer·
934 4243 1106 4297 commodata
1127 4239 1280 4303 uideantur,
1307 4251 1394 4305 eaque
1406 4238 1525 4306 adjicere

309 4331 397 4385 aenda
410 4338 453 4384 est
462 4333 591 4386 Ecclesiae
603 4337 735 4399 potestas,
746 4345 899 4398 qnaequum
933 4341 995 4396 quae
1007 4326 1135 4394 specialia
1155 4338 1247 4379 rerum
1274 4324 1401 4392 adjuncta
1428 4321 1527 4392 postu·

311 4425 370 4470 rata
390 4418 565 4471 habendasit
581 4419 709 4480 incaelo,
732 4418 839 4470 cbristo
863 4417 899 4469 ita
933 4417 1002 4467 lant.
1433 4455 1435 4459 .

312 4504 476 4570 pollicente,
491 4505 583 4557 volem
595 4517 686 4558 coram
711 4507 766 4558 ileo
786 4503 898 4569 impedi·
967 4503 1009 4554 at.
1024 4497 1083 4564 obj.
1102 4500 1127 4549 5.
1139 4495 1254 4560 Quoties
1267 4497 1396 4553 eeclesia
1417 4504 1526 4554 Praesu-

340 4766 368 4817 (tt
380 4765 433 4805 Cau.
444 4764 479 4805 liv.
488 4763 516 4817 (i)
526 4765 578 4806 Can.
588 4765 616 4805 ri.
962 4763 992 4814 (s)
1002 4757 1152 4813 Ep.l.1ii.ep.
1162 4756 1215 4796 nini.
1225 4756 1252 4797 ad
1262 4757 1320 4810 Aug.
