3792 5550
641 567 709 619 GAP.
724 567 758 617 ll.
783 566 824 617 DE
841 564 996 619 ululsuuo
1013 561 1307 618 sacuauuuuultutl.
1539 565 1589 636 415

372 698 434 741 rum
448 686 517 736 aestu
530 685 572 736 est
585 680 773 745 disceptatum.
792 679 966 733 caecilianum
1208 679 1372 745 Propositio.

370 772 408 823 ad
422 766 661 834 carthaginensem
673 766 767 819 sedern
777 771 900 819 ereetum
915 764 965 818 im·
1034 766 1128 820 valent
1138 767 1311 822 Sacramenta
1325 780 1340 819 a
1353 765 1479 819 ministro
1487 766 1513 822 in
1524 780 1588 832 peo-

370 860 529 923 pugnarunt
542 852 683 917 nonnulli,
708 866 771 905 eum
783 856 966 918 praetexentes
1000 856 1062 902 outo
1074 849 1183 905 mortali
1196 850 1330 903 existente
1347 852 1469 904 oonleota
1481 888 1489 914 ,
1502 853 1585 905 modo

374 943 461 995 luisse
478 954 492 994 a
507 938 684 997 traditoribus
713 938 886 1005 ordinatum,
910 936 965 989 reis
1000 934 1093 993 onruia
1101 935 1257 990 essentialia
1266 950 1328 1001 quae
1336 937 1370 989 ad
1383 939 1588 994 Sacramentum

374 1025 679 1082 sollicetsaeroslibros
705 1030 732 1075 et
748 1036 812 1075 vasa
832 1022 964 1085 ethnicis,
1003 1020 1204 1073 conficiendum
1234 1028 1281 1074 aut
1304 1022 1588 1091 conterendumperti-

375 1112 571 1167 dumierveret
582 1110 905 1177 perseeutio,prodentli.
920 1112 967 1163 Va·
1001 1111 1069 1161 nent
1085 1106 1242 1160 servaverit.

376 1199 489 1253 nissima
509 1196 645 1249 calumnia
659 1196 791 1260 dissipata
803 1200 864 1259 est,
877 1194 926 1247 sed
940 1198 967 1246 et
1034 1195 1079 1245 55.
1095 1192 1234 1247 Probatur
1246 1197 1269 1245 l.
1286 1196 1489 1262 exscriptoris.
1502 1199 1589 1261 Quum

374 1284 539 1351 prinoipium
550 1284 640 1349 ipsum
659 1283 741 1335 simul
751 1280 967 1346 evorsum-quod
1001 1278 1074 1343 apud
1092 1278 1247 1332 Corinthios
1263 1282 1455 1347 magistrorum
1465 1296 1548 1335 causa
1559 1284 1590 1335 ti·

379 1384 394 1423 a
407 1370 593 1423 ministrorum
611 1368 715 1421 meritis
730 1370 967 1421 sacramentorum
1001 1363 1078 1417 deles
1092 1372 1248 1418 exercerent
1262 1365 1428 1431 simultates,
1441 1374 1468 1421 ot
1477 1368 1589 1424 distorta

381 1456 608 1523 valorpenderet.
631 1452 778 1506 Donatistae
795 1453 883 1505 vocati
904 1458 969 1506 sunt
1003 1448 1137 1503 intactos
1160 1450 1318 1512 ministros.
1336 1466 1371 1503 110
1389 1453 1590 1519 Apostoloqni-

382 1544 567 1605 sectariiilli,
585 1541 697 1601 nomine
717 1554 732 1595 a
751 1542 879 1593 ltooatoa
893 1540 968 1593 casis
1004 1534 1066 1586 dem
1090 1541 1220 1601 excepto,
1233 1536 1428 1610 funderentutt
1447 1539 1589 1593 hominum

205 1632 210 1649 ¹
289 1663 320 1691 ,-
378 1628 966 1699 nigris,celebriseotaapatronusnmpto.
1004 1621 1126 1685 ipsorum
1152 1622 1253 1673 nullam
1282 1624 1415 1675 rationem
1438 1622 1590 1677 taciendam

375 1717 537 1771 waldenses
560 1712 661 1764 saeculo
683 1708 866 1772 duodecimo,
898 1710 968 1763 duee
1004 1719 1067 1759 osse
1079 1707 1186 1769 doouit,
1201 1707 1250 1759 sed
1265 1708 1329 1766 uei.
1342 1710 1418 1775 cujus
1430 1711 1590 1764 auctoritate

375 1804 455 1855 Petro
469 1798 617 1856 waldone,
631 1798 782 1848 mercatore
802 1794 969 1861 lugdunen·
995 1796 1189 1863 ¹iungebantur
1208 1812 1220 1849 :-
1237 1818 1250 1843 ιι
1268 1799 1334 1861 Quid
1355 1799 1489 1866 igiturest
1507 1802 1591 1866 lpot-

373 1887 399 1942 si
411 1926 418 1950 ‚
431 1886 619 1938 restaurarunt
632 1881 707 1933 illum
722 1893 858 1943 errorem,
873 1882 967 1934 Saora·
1002 1884 1052 1938 loa
1066 1882 1130 1948 quid
1157 1896 1223 1937 uero
1247 1886 1364 1938 Paulusl
1388 1886 1502 1939 llinistri
1514 1890 1589 1953 ejus,

377 1974 468 2027 menta
494 1968 528 2020 ab
547 1966 679 2032 improbis
696 1966 884 2019 sacerdotibus
902 1979 968 2019 oon·
1001 1969 1045 2022 eui
1074 1969 1240 2022 credidistis.
1261 2010 1267 2021 .
1288 2007 1294 2021 .
1315 2008 1322 2021 .
1341 1970 1386 2022 Dei
1407 1971 1481 2025 euim
1494 1985 1590 2025 suxnus

377 2055 422 2109 stoi
440 2054 512 2107 laud
529 2065 611 2119 posse
633 2052 771 2111 sicennam
797 2064 859 2116 quae
881 2064 897 2103 a
917 2064 982 2112 se‚·
1001 2055 1158 2121 adjutores:
1173 2057 1219 2109 net
1242 2058 1407 2123 agricultura
1433 2058 1517 2121 esus,
1543 2058 1590 2112 uei

376 2142 414 2195 ob
433 2140 597 2206 probitatem
619 2143 646 2189 et
666 2137 795 2202 pietatem
814 2135 965 2201 insignem,
1001 2141 1146 2195 aedificatio
1155 2143 1232 2195 estis.
1254 2183 1260 2195 .
1281 2184 1287 2197 .
1309 2184 1315 2197 .
1336 2144 1590 2197 Sionosexistimet

379 2226 531 2279 ministrata
555 2224 646 2277 valere
665 2221 825 2274 dictitabant
848 2219 876 2273 hi
900 2234 966 2285 pau·
1000 2227 1083 2282 homo
1099 2232 1128 2283 ut
1146 2228 1288 2284 ministros
1300 2230 1415 2293 Christi,
1437 2235 1465 2284 et
1479 2229 1589 2296 dispen-

378 2312 490 2379 pertatis
504 2310 666 2377 apostoliea
675 2308 854 2374 professores.
868 2310 966 2359 Errore
1000 2319 1107 2367 satores
1119 2314 1310 2381 mysteriorum
1321 2317 1377 2369 pei,
1391 2319 1440 2369 flac
1448 2318 1505 2383 Jam
1517 2330 1590 2383 (ψῃ.

376 2399 474 2452 eodem
488 2397 621 2449 laboravit
636 2395 737 2447 saeeulo
751 2394 965 2459 decimoquarto
1000 2400 1148 2454 rituriuter
1156 2400 1378 2466 dispensatores,
1392 2408 1422 2454 ut
1434 2401 1589 2467 idolisquis

374 2478 651 2541 loannesWiokleff‚
677 2478 838 2532 oxoniensis
859 2478 966 2543 proles·
997 2483 1161 2538 inveniatur.
1196 2523 1203 2537 ,
1237 2524 1243 2537 ,
1269 2488 1389 2551 ,traque
1418 2488 1503 2539 „011oe
1526 2491 1589 2541 ante

375 2582 434 2631 sor,
446 2568 493 2634 oui
506 2567 576 2621 inter
588 2573 686 2619 caetera
699 2564 810 2617 doouit:
828 2583 840 2609 x
865 2562 892 2613 si
906 2562 966 2628 api·
1000 2568 1248 2633 tempusjudioare.
1262 2569 1293 2615 »ὅ
1306 2572 1452 2635 Apostolus
1464 2573 1544 2637 plane
1561 2573 1589 2625 in

375 2654 546 2721 seopusvu
559 2652 688 2707 sacerdos
701 2650 798 2704 existar
813 2648 840 2701 in
852 2653 964 2713 peceato
999 2653 1161 2709 auctoratus
1180 2668 1230 2710 sua
1243 2655 1377 2717 euntium,
1389 2656 1423 2708 ue
1436 2657 1590 2721 suaurgnt-

375 2741 494 2804 mortali,
508 2752 562 2796 uon
577 2736 694 2801 ordinat,
706 2750 760 2791 non
774 2734 964 2798 contuimur
999 2743 1055 2795 tate
1073 2745 1101 2792 ot
1113 2739 1211 2794 merito
1229 2740 1264 2794 ad
1285 2742 1369 2794 Deum
1388 2740 1531 2796 referendo
1548 2743 1590 2809 ju·

376 2827 502 2894 baptizat.
516 2847 528 2873 n
540 2825 549 2859 ¹
568 2823 696 2878 Hodierui
711 2822 878 2876 oxonienses
891 2833 966 2886 pror·
998 2825 1110 2878 dicium.
1124 2825 1209 2892 igitur
1221 2827 1255 2878 ad
1269 2827 1455 2880 auctoritatem
1466 2828 1588 2882 diuinam

375 2928 424 2968 sus
435 2912 601 2967 eontrarium
611 2911 719 2964 docent·
731 2907 742 2942 ²
753 2906 965 2972 posteriorum
998 2911 1204 2976 respiciendum
1223 2917 1281 2976 est,
1294 2913 1328 2965 ale
1337 2915 1452 2966 occultis
1464 2915 1589 2968 cordium

374 3000 642 3065 nullumagnosoam
655 2997 869 3056 sacramentum,
883 2991 966 3045 dedi·
1000 2997 1124 3061 areanis»,
1148 3002 1176 3051 et
1198 2997 1372 3050 deomnilrus
1401 2998 1589 3052 ministrorum

375 3083 478 3148 gnitate
502 3081 621 3133 ministri
633 3093 687 3132 non
699 3085 783 3146 agunt
795 3093 802 3140 ;
817 3077 866 3130 sed
883 3075 966 3128 mini·
999 3082 1106 3134 meritis
1120 3088 1230 3135 servato
1239 3083 1343 3149 jrrtlioio
1357 3085 1421 3136 Deo.

377 3168 453 3221 sterii
476 3168 587 3220 nomine
616 3165 799 3231 intelligentes
829 3175 963 3228 operam,
1031 3168 1074 3217 at.
1094 3167 1233 3220 Probatur
1243 3169 1441 3221 aeoPatrum
1454 3171 1589 3222 constanti

377 3267 458 3321 quaxn
474 3253 535 3319 quis
554 3266 569 3304 a
590 3252 690 3318 Spiritu
703 3255 798 3306 saneto
811 3254 902 3301 motus
914 3247 966 3297 im·
998 3252 1131 3305 doctrino.
1153 3256 1179 3304 S·
1198 3255 1537 3320 Gregoriusllazianzenus
1550 3256 1589 3307 ui-

377 3337 474 3405 pendit
494 3343 524 3390 ut
537 3337 606 3390 alios
625 3336 660 3390 ad
678 3337 761 3388 Deum
773 3332 908 3386 hortando
918 3332 966 3384 ‹lu-
997 3337 1036 3390 nit
1056 3351 1063 3387 :
1082 3339 1273 3403 «omnesqui
1296 3339 1450 3404 baptizandi
1474 3353 1588 3393 munere

377 3429 436 3484 eat,
456 3422 626 3476 contendunt
650 3420 715 3475 illud
733 3417 836 3472 nemini
854 3430 964 3483 compe·
997 3421 1158 3488 funguutur,
1177 3422 1268 3480 idonei
1292 3423 1444 3485 habentur3
1462 3424 1588 3490 quamvis

302 3508 304 3512 '
378 3517 451 3574 tere,
470 3510 518 3576 <lui
539 3507 642 3562 nonsit
659 3503 965 3570 sanetus,douospiri·
998 3508 1073 3560 enirn
1093 3507 1163 3561 alius
1184 3508 1229 3560 alii
1248 3508 1458 3575 probitatevitae
1470 3511 1588 3562 anteoel-
1614 3566 1618 3573 ,

378 3604 422 3650 tus
436 3596 520 3653 divini
534 3603 615 3650 auotu
997 3593 1052 3655 lat,
1065 3592 1162 3647 eadem
1174 3598 1264 3646 tamen
1278 3595 1408 3659 Baptismi
1429 3595 1470 3648 vis
1490 3600 1542 3648 est.
1556 3596 1588 3642 »θ

409 3683 451 3736 52.
465 3682 615 3736 Concilium
626 3681 814 3736 tridentinum
827 3682 963 3738 delinivit:
999 3680 1026 3730 S.
1041 3680 1160 3734 loannes
1176 3681 1387 3755 Chrysostomus
1400 3696 1408 3733 .·
1423 3701 1435 3727 o
1450 3681 1588 3748 contingit

375 3786 393 3817 a
412 3768 439 3822 Si
453 3768 515 3834 quis
534 3753 797 3822 dixeritmlnistrum
820 3768 848 3820 in
871 3782 966 3835 penea-
998 3763 1110 3831 noluero
1127 3765 1212 3820 laioos
1234 3767 1278 3832 pie
1300 3768 1383 3820 uitam
1398 3780 1499 3834 agere,
1516 3767 1587 3822 male

378 3860 407 3907 to
431 3856 537 3908 mortali
562 3855 739 3919 existentem,
765 3855 848 3908 modo
872 3856 963 3908 omnia
998 3855 1125 3904 autemst
1138 3851 1262 3916 improbe
1272 3853 1445 3915 sacerdotes,
1459 3851 1532 3907 unde
1543 3864 1589 3904 ne·

375 3939 560 4002 essentialia‚
588 3951 651 4004 uuae
692 3939 727 3990 ael
759 3940 963 3992 sacramentum
997 3947 1052 3999 que
1066 3935 1186 3987 futurum
1203 3941 1277 3989 esset
1294 3937 1587 4001 Baptisma,neollor·

377 4021 577 4076 eoufieiendum
604 4027 651 4074 aut
681 4021 875 4075 conterendum
903 4037 963 4088 per·
998 4031 1051 4084 pus
1070 4019 1190 4083 Christi,
1211 4033 1263 4074 neo
1282 4021 1383 4077 oulatio
1401 4034 1451 4087 per
1471 4020 1548 4085 illos,
1562 4021 1586 4076 si

376 4111 487 4171 tinent,
510 4106 670 4168 servaverit,
690 4119 747 4159 non
769 4107 902 4161 conticere
918 4112 965 4161 aut
998 4102 1102 4168 ubique
1123 4104 1282 4170 dignitatem
1305 4119 1337 4158 ao
1353 4107 1449 4164 merita
1466 4107 1587 4173 roquire-

380 4191 506 4246 oonterre
547 4193 779 4252 Sacramentumt
824 4191 968 4245 anathema
1000 4191 1141 4257 retgratia
1160 4207 1167 4242 ε
1183 4193 1258 4258 atqui
1281 4195 1362 4246 etiam
1384 4208 1435 4259 per
1459 4194 1587 4261 indignos

376 4277 420 4331 sit.
434 4297 445 4326 a
458 4278 469 4311 ⁴
998 4279 1071 4333 neus
1084 4279 1155 4332 solet
1168 4281 1291 4344 operari,
1304 4293 1394 4345 neque
1413 4281 1587 4347 Baptismatis

407 4560 540 4613 illl‘rop.ir.
552 4559 607 4601 inter
624 4561 736 4602 damnatae
753 4572 766 4600 a
781 4560 845 4600 Cono-
863 4558 966 4598 Comun-
1002 4560 1048 4599 uela
1064 4559 1085 4599 in
1102 4561 1207 4602 uhiehlre
1217 4563 1362 4604 headeatined
1378 4563 1505 4604 ittoflorm
1515 4565 1585 4606 Traet.

378 4627 449 4668 tieosi.
999 4628 1038 4668 llo.
1047 4633 1067 4668 lt.
1073 4629 1100 4678 (tl)
1109 4630 1216 4683 Barolay's
1225 4631 1328 4683 Apology‚
1336 4643 1397 4684 prop.
1406 4644 1426 4672 x.
1435 4639 1505 4684 quest.
1511 4633 1545 4684 ιθ
1553 4646 1587 4676 xx.

406 4695 432 4748 (1)
452 4711 461 4733 ι
471 4697 516 4737 Tiro
530 4697 687 4740 unnortlrinesa
705 4697 729 4736 ol
735 4709 783 4738 men
792 4704 870 4738 cannot
878 4706 967 4750 prevent
1025 4698 1053 4750 (tl
1064 4697 1122 4739 Seos.
1132 4699 1168 4741 rii.
1178 4701 1273 4742 canali.
1283 4703 1311 4753 (tp
1321 4703 1338 4742 l.
1346 4702 1396 4744 Cor.
1405 4702 1438 4744 iii.
1447 4709 1466 4744 t.
1475 4709 1495 4744 a.
1502 4703 1530 4745 iv.
1539 4709 1559 4746 t.

379 4763 415 4802 the
432 4763 537 4814 goodnesa
549 4766 573 4805 ol
579 4766 624 4807 God
634 4765 688 4806 iroro
704 4766 790 4818 llouing
800 4767 822 4808 in
832 4767 893 4808 those
901 4768 966 4810 enan·
1027 4768 1055 4819 (til
1070 4764 1127 4812 Orat.
1136 4769 1164 4811 xi.
1173 4770 1196 4810 in
1209 4769 1231 4812 S·
1241 4770 1301 4824 Bupt.
