3792 5550
391 508 428 566 96
695 510 808 562 TRACT.
827 510 894 561 xlll.
914 512 941 561 P.
957 511 984 561 l.
1003 506 1047 559 ult
1064 506 1290 560 uocuaulsrlll.

390 623 455 690 quid
481 637 611 678 arcanum
637 625 773 677 enuntiari
803 626 979 679 intellexisse.
1014 622 1157 690 intelligite
1168 636 1230 688 quae
1247 622 1384 675 dicuntur.
1396 622 1423 673 Si
1439 621 1513 674 enlm
1527 634 1611 688 qnass

388 712 522 763 Praeterea
551 712 638 775 liquet
657 711 762 761 nullum
793 710 981 775 perniciosum
1014 709 1199 762 camalesista
1214 707 1486 772 suscipitis,laedunt
1503 713 1607 770 ros,et

389 808 510 848 errorem
531 809 564 848 ex
584 794 639 847 illis
655 794 753 848 christi
771 796 862 850 verbis
877 796 982 849 audito·
1013 808 1070 848 non
1088 796 1172 847 alunt.
1191 796 1237 847 llst
1261 794 1334 847 enim
1355 799 1382 847 et
1402 795 1430 846 in
1450 794 1608 860 Evangeliis

388 882 464 934 ribus
483 882 547 934 oriri
559 880 697 947 potuisse,
708 887 734 935 et
745 894 857 935 omnem
870 882 980 936 errandi
1013 880 1091 933 litera
1102 892 1164 946 quae
1174 879 1290 943 occidit,
1309 892 1365 932 non
1377 879 1467 931 solum
1481 879 1509 929 in
1519 877 1606 931 veteri

389 966 562 1020 occasionem
585 967 704 1032 posteris
717 968 873 1033 ademptam
894 968 981 1034 expli·
1013 967 1188 1018 'testamento
1211 964 1340 1017 occidens
1358 964 1436 1017 litera
1449 964 1606 1029 deprenen-

388 1053 586 1115 cationequam
600 1054 669 1106 sacri
685 1054 832 1120 scriptores
845 1055 978 1120 praebent.
1013 1052 1096 1103 ditur.
1110 1054 1156 1103 list
1171 1057 1199 1103 et
1217 1051 1327 1104 innovo
1339 1054 1516 1103 Testamento
1527 1050 1604 1102 litera

387 1141 446 1190 lton
459 1138 496 1189 ita
516 1138 663 1190 dicendum
683 1140 717 1191 do
736 1140 869 1192 concione
894 1141 980 1192 relata
1013 1150 1075 1202 quae
1094 1138 1293 1201 occideteum,
1307 1137 1353 1202 qui
1371 1149 1426 1190 non
1444 1135 1612 1201 spiritaliter>
1710 1135 1711 1208 j

387 1222 416 1274 in
443 1228 519 1277 sexto
549 1224 662 1276 loannis
682 1226 792 1290 capite:
815 1238 877 1277 nam
895 1226 979 1278 verba
1013 1235 1075 1287 quae
1091 1222 1219 1275 dicuntur
1239 1221 1394 1276 adverterit.
1416 1220 1443 1272 Si
1467 1221 1542 1273 enim
1561 1233 1605 1273 se·
1710 1215 1711 1220 ’

388 1313 451 1360 nata
470 1309 584 1361 suntad
602 1310 743 1363 notionem
760 1310 843 1363 oralis
862 1311 980 1363 maudu-
1012 1308 1133 1360 cundum
1147 1307 1254 1360 literam
1277 1306 1402 1372 sequaris
1417 1307 1472 1358 hoc
1492 1305 1582 1370 ipsum
1593 1344 1611 1368 ,.

388 1394 504 1447 cationis
522 1395 721 1462 ingerendam,
752 1401 779 1448 et
801 1398 926 1449 christus
945 1409 978 1449 ea
1012 1395 1086 1461 quod
1096 1394 1197 1447 dictum
1209 1398 1267 1446 est:
1279 1393 1358 1445 «Nisi
1373 1391 1604 1445 manducaveritis

386 1480 513 1544 plurimis
527 1481 778 1533 vehementioribus
790 1482 977 1545 confirmavit,
1012 1500 1024 1526 u
1045 1493 1154 1533 carnem
1166 1491 1265 1541 meam,
1274 1476 1431 1531 ethiberitis
1440 1476 1603 1542 sanguinem

388 1564 604 1618 etnilrilasacro
618 1566 750 1631 scriptore
764 1567 922 1619 adnotatum
937 1572 980 1621 cst
1012 1586 1024 1611 n
1043 1578 1150 1627 meum,
1175 1563 1276 1617 occidit
1298 1564 1357 1615 lraec
1379 1562 1491 1614 litera.»
1507 1560 1516 1594 ¹
1540 1564 1609 1615 llaec

386 1655 417 1703 ut
428 1650 544 1703 lectores
554 1665 664 1703 sensum
676 1653 837 1705 translatum
850 1653 979 1719 detegere
1011 1650 1128 1703 tidenter
1139 1649 1234 1715 objicit
1245 1649 1372 1702 Cosiuus.
1386 1647 1398 1681 ²

386 1735 503 1787 valeant.
517 1734 574 1789 Alio
593 1736 655 1789 loco
667 1737 773 1804 objecto
787 1751 885 1791 sensus
897 1738 978 1791 facile
1043 1739 1085 1789 58.
1105 1738 1184 1801 llcsp.
1203 1734 1380 1787 Notissimum
1396 1739 1439 1786 est
1455 1732 1601 1799 origenem

386 1820 476 1887 colligi
495 1825 601 1885 poterat
621 1835 654 1873 ex
678 1823 823 1875 occasione
844 1822 976 1877 dicendi:
1011 1834 1062 1874 suo
1076 1819 1185 1883 ingenio
1202 1818 1284 1871 nimis
1295 1818 1460 1881 indulsisse,
1471 1817 1604 1884 mysticas

386 1917 449 1957 nam
462 1904 564 1958 Scribae
586 1911 613 1958 et
627 1906 756 1960 Pharisaei
768 1909 978 1962 murmurabant
1010 1907 1159 1971 praebendo
1179 1904 1378 1969 Scripturarum
1397 1901 1604 1967 interpretatio·

330 1982 332 1985 ’
386 1988 421 2042 de
440 1989 581 2055 discipulis
606 1992 678 2044 haud
703 1993 857 2046 lavantibus
878 2008 977 2047 manus
1010 2004 1075 2053 nes;
1088 1992 1165 2057 cuius
1184 1990 1336 2054 exemplum
1349 1987 1416 2039 satis
1425 1986 1607 2056 manifestum

386 2078 531 2140 antequam
547 2076 797 2129 cibumsumerent.
806 2078 881 2141 Quod
894 2078 976 2144 igitur
1009 2079 1060 2130 hoc
1077 2078 1138 2130 loco
1150 2076 1268 2142 praebet,
1279 2074 1392 2127 verbum
1408 2072 1505 2125 christi
1517 2086 1606 2126 carne

385 2158 453 2209 dixit
475 2159 597 2211 christus
612 2174 618 2209 :
632 2178 648 2207 «
664 2162 721 2213 llon
745 2162 818 2227 quod
844 2162 927 2215 intrat
946 2163 973 2215 in
1009 2164 1069 2229 eius
1094 2162 1233 2228 designari
1258 2161 1376 2222 dicens,
1400 2165 1428 2212 et
1451 2160 1599 2225 Apostolos

385 2254 433 2305 os,
446 2242 605 2307 coinquinat
617 2244 773 2303 hominemr
793 2266 805 2291 r
822 2246 976 2315 intelligen-
1009 2249 1101 2302 eibum
1119 2253 1242 2301 nostrum
1263 2247 1421 2312 appellans:
1440 2265 1453 2291 α
1465 2246 1607 2298 carnibus

384 2326 450 2378 dum
469 2332 527 2380 erat
541 2328 576 2381 do
594 2329 647 2381 cibi
666 2330 854 2397 immunditia,
873 2338 975 2387 attactu
1009 2334 1123 2387 enimet
1141 2334 1276 2401 sanguine
1291 2332 1367 2386 verbi
1384 2331 1444 2395 sui,
1457 2338 1603 2397 tamquam

384 2424 515 2464 manuum
527 2412 674 2475 illotarum;
686 2421 713 2468 et
726 2418 825 2471 merito
838 2420 975 2473 recusavit
1008 2419 1113 2471 mundo
1130 2418 1193 2471 cillo
1214 2431 1246 2470 ac
1267 2422 1351 2483 potu,
1373 2421 1450 2482 potat
1471 2420 1499 2469 et
1513 2415 1602 2469 reiicit

384 2496 500 2563 amplius
511 2512 592 2551 suam
612 2501 747 2566 explicare
767 2509 887 2557 mentem
906 2506 975 2558 Pha·
1008 2518 1090 2558 omne
1106 2503 1247 2556 homiuum
1258 2516 1355 2569 genus.
1371 2502 1605 2555 Secundoiulnoc

383 2581 486 2646 risaeis,
505 2584 551 2649 qui
571 2586 662 2639 animo
681 2587 801 2655 maligno
823 2589 895 2643 dicta
915 2592 974 2657 ejus
1007 2590 1069 2642 loco
1081 2594 1144 2655 post
1153 2588 1227 2640 illius
1235 2600 1361 2644 carnem.
1375 2588 1497 2639 mundus
1507 2586 1603 2649 cibus,

383 2668 475 2721 omnia
497 2675 524 2722 et
543 2683 588 2723 res
605 2677 696 2739 gestas
715 2672 973 2740 interpretabantur,
1007 2679 1036 2727 et
1056 2675 1172 2735 Paulus,
1195 2677 1222 2725 et
1242 2686 1340 2726 omues
1363 2672 1495 2738 apostoli.
1512 2690 1526 2720 n
1542 2674 1600 2725 cat·

382 2752 536 2820 biscipulos
547 2761 639 2810 autem
652 2756 688 2811 ol>
707 2759 862 2813 tarditatem
872 2758 974 2826 ingenii
1006 2765 1095 2814 terum
1109 2759 1233 2826 quamvis
1244 2771 1300 2812 uon
1310 2758 1434 2810 adstruat
1443 2770 1477 2810 eo
1492 2756 1604 2824 loctge·

383 2853 466 2904 quum
485 2841 678 2907 corripuisset,
698 2857 756 2896 rem
783 2845 884 2910 quippe
904 2845 973 2898 adeo
1006 2845 1124 2897 nulnum
1135 2843 1234 2896 christi
1248 2844 1394 2897 verborum
1405 2855 1531 2908 sensum,
1541 2855 1601 2896 non

347 2959 356 2976 .
382 2924 490 2979 obviam
508 2926 712 2996 intelligebant,
735 2929 863 2995 dignatus
884 2929 973 2981 estiis
1006 2929 1070 2982 ideo
1085 2942 1147 2981 eum
1156 2941 1270 2994 prorsus
1282 2927 1425 2978 excludere
1438 2928 1600 2980 censendus

382 3023 448 3065 suos
475 3014 597 3068 revelare
623 3027 731 3066 sensus.
763 3013 815 3064 sed
844 3013 872 3064 in
896 3019 972 3067 sexto
1007 3018 1049 3066 est
1069 3014 1170 3066 :litera
1187 3013 1260 3065 enim
1285 3023 1347 3078 quae
1365 3010 1601 3079 occiditestquae

380 3097 494 3151 loannis
518 3099 606 3164 capite
639 3097 750 3151 occasio
775 3097 885 3150 dicendi
913 3105 972 3152 erat
1006 3099 1148 3166 sanguinis
1170 3098 1283 3150 immani
1294 3090 1431 3150 lusionem
1443 3095 1470 3150 ni
1494 3102 1523 3151 ct
1545 3109 1599 3164 po·

380 3182 543 3236 miraculum
560 3180 801 3247 multiplicaturum
814 3195 916 3247 panum
927 3188 973 3245 ,et
1005 3185 1150 3247 tationem,
1166 3184 1283 3236 naturali
1305 3181 1480 3245 conditione,
1501 3183 1595 3250 erigit.

380 3269 548 3334 postulatum
564 3279 578 3319 a
596 3265 700 3320 ludaeis
718 3265 828 3334 signum
843 3267 970 3333 coeleste,
1006 3270 1142 3337 Quidquid
1167 3274 1258 3323 autem
1282 3267 1422 3322 censuerit
1449 3267 1484 3321 de
1503 3267 1600 3322 verbis

380 3353 972 3424 instarmannaeccoelodecidentis:quorum
1005 3357 1075 3421 illis,
1100 3362 1208 3410 constat
1230 3369 1292 3409 cum
1320 3355 1433 3408 omnino
1449 3355 1600 3420 agnovisse

380 3444 507 3491 neutrum
531 3440 674 3493 minuebat
690 3443 747 3494 vim
767 3442 969 3506 promissionis.
1005 3453 1105 3506 corpus
1127 3446 1154 3493 et
1169 3440 1330 3507 sauguinem
1351 3439 1460 3492 'Domini
1479 3449 1544 3492 vere
1565 3441 1598 3490 in

379 3522 482 3574 ludaeis
494 3523 566 3574 haud
579 3523 671 3575 omnis
683 3525 817 3589 denegata
829 3530 873 3577 est
883 3527 973 3590 expli·
1004 3527 1179 3578 sacramento
1206 3525 1323 3588 adesse,
1353 3523 1413 3577 dari
1441 3528 1468 3576 et
1481 3523 1596 3589 suscipi.

380 3605 465 3669 catio,
481 3619 564 3670 quum
577 3607 663 3658 semel
676 3613 908 3672 murmurassent,
919 3611 970 3662 sed
1007 3629 1019 3654 ι
1036 3609 1143 3669 Nostis,
1157 3628 1168 3655 ι
1183 3609 1287 3675 inquit,
1301 3628 1314 3655 c
1327 3609 1374 3674 qui
1383 3608 1483 3662 divinis
1494 3613 1599 3674 mystc·

380 3699 411 3740 ea
433 3689 610 3742 vehementer
623 3690 783 3742 confirmata
803 3694 972 3758 estpromis·
1003 3692 1052 3746 riis
1073 3694 1206 3746 iuteresse
1216 3693 1431 3757 consuevistis,
1452 3692 1596 3759 quomodo

381 3771 440 3834 sica
455 3777 483 3826 et
507 3785 569 3838 quac
594 3772 720 3838 privatim
744 3774 887 3842 discipulis
906 3784 971 3832 sunt
1003 3791 1066 3832 curn
1089 3779 1228 3844 suscipitis
1253 3791 1354 3844 corpus
1381 3777 1504 3841 Domini,
1527 3789 1594 3830 cnm

380 3856 452 3910 dicta
471 3857 509 3910 nil
526 3857 661 3926 mitigant.
961 3927 964 3934 Ι
1004 3863 1079 3916 omni
1092 3865 1197 3917 cautela
1215 3869 1243 3916 et
1259 3864 1435 3917 veneratione
1456 3863 1590 3925 servatis,

411 3945 453 3996 57.
473 3942 534 4008 ocj.
553 3945 594 3996 ld.
609 3944 738 4012 Origenes
750 3945 969 4003 deverhlschrl·
1000 3963 1036 4004 ne
1047 3963 1081 4004 ex
1098 3963 1132 4004 eo
1145 3963 1242 4016 pamm
1259 3949 1325 4016 quid
1341 3949 1466 4012 decidat,
1479 3961 1516 4002 nc
1527 3961 1593 4002 cou-

379 4029 414 4082 sti
430 4037 505 4083 sento
519 4030 633 4084 loannis
652 4031 741 4097 capite
758 4032 851 4084 relatis
865 4046 949 4100 agens
957 4056 970 4100 ,’
995 4036 1099 4090 ‚socrati
1114 4036 1235 4089 muneris
1251 4034 1354 4102 aliquid
1365 4034 1516 4097 dilabatur3
1528 4045 1598 4087 reos

379 4115 463 4170 dicit:
480 4137 492 4162 ι
514 4116 661 4184 ignoscite
683 4119 748 4183 quia
770 4119 863 4185 figurae
887 4127 965 4185 suut,
1001 4111 1135 4176 animnos
1151 4121 1278 4183 creditis,
1291 4126 1402 4174 etracte
1418 4119 1549 4184 creditis,
1568 4118 1595 4171 si

379 4215 440 4266 quae
469 4203 497 4255 in
529 4203 628 4257 diuinis
654 4203 839 4257 voluminibus
866 4205 967 4272 scripta
1005 4207 1072 4274 quid
1083 4208 1150 4260 inde
1161 4221 1210 4274 per
1220 4206 1415 4274 negligentiam
1427 4201 1604 4259 decidam*

379 4291 458 4351 sunt,
483 4294 510 4341 ot
527 4289 590 4342 ideo
609 4294 750 4354 tamquam
770 4289 921 4354 spiritales,
940 4297 970 4344 et
1036 4295 1078 4344 ta.
1099 4293 1158 4358 ooj.
1177 4295 1217 4345 tl.
1237 4293 1404 4360 Augustinus
1426 4293 1486 4358 ipse
1508 4301 1598 4344 sensti

378 4383 434 4424 non
450 4378 587 4440 tamquam
608 4374 732 4428 ceruales
754 4374 924 4439 examinato,
942 4381 971 4430 et
1007 4376 1141 4443 spirituali
1152 4383 1180 4431 et
1191 4379 1334 4446 figurativo
1349 4377 1433 4433 rerba
1452 4377 1499 4430 illa
1518 4375 1601 4430 lntel·

404 4623 432 4676 lt)
442 4624 467 4666 ln
476 4624 543 4666 Lerit.
553 4625 612 4665 hom.
621 4623 659 4666 vii.
667 4635 691 4664 n.
700 4627 719 4664 t.
1002 4625 1096 4668 Cosinm
1113 4627 1209 4669 invenire
1225 4629 1283 4670 hand
1300 4629 1371 4682 potui,
1388 4641 1458 4683 quum
1477 4631 1540 4675 locus
1550 4642 1609 4674 non.

404 4692 431 4745 tal
447 4693 511 4735 Aliud
527 4692 627 4746 origenis
645 4689 794 4734 testimonium
812 4691 870 4745 quod
892 4692 969 4748 oliiicit
1000 4694 1115 4738 indicetur.
1125 4697 1154 4751 (c)
1164 4697 1312 4741 Romulidis
1324 4699 1392 4742 Exed-
