3792 5550
375 549 424 603 {82
658 547 772 600 rator.
791 549 858 600 xlii.
877 547 904 598 Ρ.
924 548 955 597 ll.
974 547 1018 597 DE
1034 545 1262 598 Eucatalsrllt.

374 667 456 720 etiam
468 665 641 721 documentis
659 661 837 717 lucidissimis
848 703 856 726 ,
867 663 968 729 quibus
1001 659 1120 726 plinam,
1132 673 1194 726 quae
1212 660 1245 711 ad
1260 662 1391 714 saeculum
1414 676 1505 730 usque
1522 665 1598 719 deci·

376 751 521 806 maximam
560 749 643 818 exigit
673 749 819 815 puritatem
846 753 877 801 ut
905 747 967 814 quis
1002 758 1096 808 mum,
1118 750 1165 797 ant
1184 745 1361 798 undecimum
1383 749 1458 814 apud
1484 751 1600 805 Latinos

377 843 453 891 tanto
473 835 609 890 beneflcio
629 834 742 886 fruatur.
1002 828 1137 892 obtinuit,
1150 835 1178 882 et
1200 843 1261 896 qnae
1279 833 1352 897 apud
1375 834 1484 887 Graecos
1506 835 1600 890 adbuc

379 949 383 956 ·
409 926 469 976 136.
486 925 609 975 Attamen
631 920 658 972 in
679 919 806 987 liturgiis
823 921 901 986 plura
922 931 968 972 oc·
1002 914 1148 978 retinetur,
1163 916 1285 980 parvulis
1304 917 1397 971 statim
1420 925 1485 985 post
1506 922 1600 986 Bapti-

377 1015 489 1064 currunt
504 1021 565 1074 quae
581 1012 756 1074 peccatorum
776 1005 969 1059 remissionem
1003 1013 1094 1052 smum
1111 1001 1280 1054 Eucharistia
1298 1003 1525 1070 ministrabatur,
1538 1021 1600 1073 pre·

375 1096 459 1148 veluti
487 1093 655 1147 sacramenti
685 1093 803 1144 fructum
827 1091 967 1143 indicant:
1003 1085 1067 1138 tiosi
1078 1087 1219 1153 sanguinis
1229 1093 1306 1153 gutta
1315 1088 1463 1142 oriininsa.
1474 1091 1505 1142 ld
1514 1091 1600 1144 tiebat

377 1201 389 1226 a
411 1183 473 1233 llaec
499 1192 551 1233 nos
572 1177 729 1233 communio
752 1181 851 1244 purget
870 1190 884 1228 a
915 1175 969 1248 cri·
1003 1171 1137 1225 ntdivino
1150 1185 1265 1225 munere
1283 1173 1378 1226 donati
1390 1174 1517 1228 intimius
1531 1189 1602 1229 con·

376 1265 494 1318 minem)
514 1304 520 1318 .
542 1303 548 1316 .
570 1305 576 1317 .
599 1263 965 1324 ,vsitablutioscelerumm
999 1259 1180 1324 iungerentur
1204 1258 1329 1319 Christo,
1356 1259 1416 1324 ipso
1441 1261 1598 1314 sanctitatis

376 1350 425 1404 scd
438 1349 596 1417 hujusmodi
609 1350 682 1403 dieta
696 1348 846 1414 respiciunt
859 1348 969 1413 plenam
1002 1347 1114 1395 auctore
1134 1349 1162 1395 et
1173 1343 1284 1406 salutis,
1299 1348 1420 1409 accepto.
1441 1347 1479 1399 be
1501 1348 1598 1400 arctis-

377 1436 540 1489 delictorum
558 1435 775 1502 indulgentiam,
795 1445 857 1500 qnae
876 1440 969 1486 tamen
1003 1427 1073 1481 sima
1105 1428 1299 1494 conjunctione
1320 1432 1414 1483 Patres
1443 1432 1530 1497 aliqui
1560 1433 1600 1486 ita

376 1521 510 1586 planxerit
519 1525 656 1586 peccator,
667 1526 694 1573 ct
706 1531 822 1586 quornm
832 1518 969 1585 poenitens
1002 1513 1087 1566 locuti
1104 1518 1184 1576 811111.
1202 1519 1233 1566 ΰῑ
1253 1527 1315 1566 0³⁰1
1334 1527 1449 1580 11018115
1467 1529 1598 1570 necessa-

375 1605 484 1658 veniam
506 1605 533 1658 in
549 1605 678 1658 tribunali
697 1610 840 1658 assecutus
870 1604 968 1668 inerit,
1002 1600 1071 1652 riam
1084 1613 1146 1653 esse
1157 1599 1316 1653 viderentur
1334 1600 1441 1662 dicere;
1460 1602 1511 1654 sed
1523 1602 1598 1656 dicia

377 1696 523 1757 antequam
549 1691 670 1745 divinum
698 1691 790 1744 cibum
824 1691 969 1758 degustare
1003 1682 1160 1751 bujusmbdi
1173 1685 1319 1752 benignius
1336 1691 1402 1739 sunt
1417 1689 1599 1753 exponenda,

377 1777 500 1830 auderet,
1004 1784 1088 1835 quum
1110 1770 1253 1835 baptizatis
1272 1770 1413 1824 infantulis
1429 1786 1511 1826 nemo
1526 1775 1598 1828 salu·

381 1887 383 1891 ,
408 1863 468 1916 tar.
487 1861 576 1928 ieiuni
595 1860 726 1914 accedere
744 1859 848 1914 debent
861 1860 895 1912 ad
915 1861 969 1912 Eu·
1003 1859 1060 1907 tem
1085 1855 1271 1922 denegaverit.
1300 1856 1491 1921 augustinus,
1517 1860 1596 1925 cujns

378 1946 535 2000 charistiam
557 1947 667 2009 tideles,
689 1946 759 1998 adeo
781 1951 811 1998 ut
834 1958 849 1998 a
877 1944 969 1998 media
1003 1939 1159 1993 testimonia
1170 1941 1363 1994 necessitatem
1372 1942 1599 1998 illamadstruere

377 2038 457 2086 nocte
470 2033 537 2085 nibil
557 2031 732 2098 quantumvis
748 2031 908 2094 minimum,
924 2031 969 2084 vel
1003 2024 1269 2087 niaximevideniun
1282 2026 1363 2079 docet
1374 2048 1381 2076 τ
1393 2046 1411 2075 «
1422 2028 1450 2079 Sl
1464 2036 1594 2096 percepto

379 2113 450 2181 eibi',
467 2119 510 2172 vel
527 2111 609 2183 'potus
621 2155 628 2180 ,
641 2117 684 2170 vel
697 2116 841 2168 medicinae
859 2128 969 2167 sumere
1003 2111 1168 2176 baptismate
1179 2111 1214 2164 de
1230 2111 1281 2164 hac
1297 2125 1327 2164 re
1336 2112 1392 2165 vita
1405 2113 1594 2181 emigraverit,

377 2203 466 2255 liceat.
480 2201 668 2254 vetustissima
685 2203 727 2253 est
738 2201 797 2254 brec
808 2200 967 2266 disciplina,
1003 2196 1094 2248 soluto
1110 2201 1186 2248 reatu
1199 2196 1243 2248 cui
1256 2195 1428 2264 originaliter
1439 2205 1498 2251 erat
1511 2200 1596 2253 ebno-

378 2286 407 2338 in
424 2287 560 2338 bonorem
575 2286 643 2338 tanti
654 2285 821 2338 sacramenti
831 2285 967 2350 instituta,
1001 2280 1077 2333 xius.
1091 2281 1271 2347 perficitur'in
1285 2283 1333 2336 illo
1345 2284 1603 2352 lumine‘reritatis,

378 2375 406 2423 et
422 2369 585 2432 occasione,
606 2369 644 2422 uti
665 2369 821 2423 verosimile
842 2374 899 2433 est,
923 2383 969 2422 ex·
1002 2366 1077 2432 quod
1086 2366 1346 2420 incommutabiliter
1354 2382 1469 2422 manens
1481 2369 1510 2423 in
1519 2375 1596 2426 aeter·

377 2469 505 2509 cessuum
519 2455 565 2522 qui
577 2455 698 2508 Corinthi
708 2455 891 2522 contigerunt.
902 2458 968 2508 liam
1002 2466 1087 2515 num,
1106 2453 1269 2519 justificatos
1285 2445 1432 2520 prae'sentia
1458 2458 1600 2511 Creatoris

377 2547 512 2594 memorat
521 2539 712 2604 Tertullianus,
724 2553 836 2594 uxorem
845 2553 861 2592 a
870 2553 969 2594 secun·
1002 2537 1145 2590 illuminat.
1160 2557 1173 2584 a
1185 2537 1196 2570 ⁸
1210 2538 1396 2604 lanfrancus,
1416 2541 1595 2595 cantuarien·

378 2625 421 2679 dis
434 2625 538 2692 nuptiis
556 2631 586 2680 ut
604 2627 786 2680 absterreret:
803 2627 885 2678 «Non
900 2629 969 2679 sciet
1002 2623 1055 2688 sis,
1068 2623 1219 2678 bomnaldo
1241 2625 1378 2680 iliberniae
1394 2627 1531 2695 Episcopo
1550 2641 1596 2681 re-

377 2712 493 2766 maritus
512 2712 577 2779 quid
599 2717 704 2766 secreto
727 2718 789 2765 ante
808 2725 918 2765 omnem
934 2710 971 2764 ci·
1002 2710 1143 2775 spondens
1154 2708 1210 2762 ait:
1227 2711 1351 2764 «Revera
1363 2717 1390 2765 et
1406 2715 1503 2779 procul
1514 2715 1594 2781 pulsa

377 2800 442 2852 bum
465 2805 593 2865 gustes.»
606 2799 615 2833 ¹
634 2798 801 2865 Augustinus
816 2811 873 2852 non
892 2798 969 2849 dubi·
1002 2796 1077 2849 omni
1087 2796 1278 2863 ambiguitate,
1290 2798 1392 2862 sciatis,
1405 2812 1497 2866 neque
1508 2805 1597 2853 trans·

379 2884 445 2937 tavit
462 2884 571 2937 dicere:
586 2902 602 2931 r<
615 2882 717 2935 Placuit
729 2881 839 2947 spiritui
856 2886 968 2945 sancto,
1001 2881 1123 2934 marinas
1136 2882 1288 2946 scelestas,
1302 2896 1392 2950 neque
1405 2896 1457 2937 noa
1477 2886 1599 2952 ingles,

377 2975 408 3021 ut
419 2968 447 3020 in
458 2970 593 3022 honorem
607 2969 677 3020 tanti
693 2966 877 3029 sacramenti,
895 2966 923 3017 in
936 2978 969 3019 os
1002 2966 1073 3019 banc
1090 2966 1124 3019 de
1142 2966 1291 3020 infantibus
1309 2971 1402 3020 tenere
1413 2970 1592 3033 sententiam,

378 3053 523 3106 christiani
544 3053 620 3119 prius
633 3051 805 3106 bominicum
820 3050 971 3115 corpusin-
1002 3065 1085 3118 quam
1105 3053 1218 3118 putatis.
1238 3053 1382 3106 Credimus
1393 3054 1467 3107 enim
1482 3069 1594 3123 genera·

378 3143 478 3202 traret,
491 3150 573 3204 quam
586 3136 671 3190 exteri
683 3135 747 3189 cibi.
758 3138 824 3187 llam
838 3134 900 3189 ideo
919 3150 969 3202 per
1002 3137 1065 3191 liter
1076 3150 1193 3201 omnes,
1216 3138 1344 3191 omnibus
1364 3139 1492 3193 aetatibus
1510 3142 1594 3207 pinri-

378 3223 536 3277 universum
551 3223 646 3276 orbem
655 3222 777 3276 mosiste
791 3225 924 3276 servatur.
935 3221 970 3267 »¹
1002 3236 1079 3274 mum
1096 3222 1244 3289 expedire,
1266 3228 1321 3275 tam
1342 3223 1484 3289 viventes,
1511 3240 1600 3292 quam

376 3309 435 3361 vita
442 3308 669 3376 periclitantibus,
684 3314 775 3364 tamen
787 3320 843 3360 non
854 3309 968 3376 jejunis,
1003 3308 1168 3371 morientes,
1187 3309 1319 3362 bomiuici
1337 3310 1462 3375 corporis
1483 3316 1511 3364 et
1530 3324 1596 3364 san·

376 3401 515 3461 tamquam
536 3394 676 3449 Viaticom
687 3395 776 3447 datur.
791 3394 867 3457 Quod
877 3398 969 3447 autem
1002 3394 1093 3461 guinis
1111 3394 1287 3460 perceptione
1308 3408 1370 3448 sese
1393 3395 1512 3449 munire.
1540 3400 1594 3450 liec

377 3480 838 3547 institutaiueritEucharistiapost
850 3492 968 3543 coenam,
1002 3484 1095 3533 13111311
1115 3479 1139 3531 si
1154 3479 1315 3544 priusquam
1334 3492 1436 3546 corpus
1450 3481 1550 3534 christi
1565 3488 1599 3535 eo

300 3629 303 3635 ,
377 3578 432 3619 non
452 3565 566 3618 obstat:
586 3566 731 3629 oportebat
753 3565 827 3617 enim
840 3563 903 3631 agni
924 3578 970 3629 pa·
1003 3562 1164 3629 sanguinem
1173 3565 1434 3632 sumant,contingit
1442 3565 1594 3632 baptizatos

379 3650 481 3703 schalis
496 3653 589 3715 typum
611 3648 638 3700 in
652 3649 759 3703 Christo
782 3650 897 3716 mystice
918 3650 969 3701 im·
1003 3636 1094 3700 statim
1113 3648 1148 3701 de
1175 3648 1228 3701 hoc
1245 3649 1346 3703 saeculo
1373 3650 1429 3712 ire,
1456 3652 1601 3705 ullatenus

378 3734 482 3786 molato
502 3732 634 3798 implere,
659 3733 777 3799 ideoque
799 3747 901 3787 novum
919 3748 969 3788 sa·
1002 3732 1141 3789 eredimus
1162 3745 1222 3797 eos,
1235 3734 1309 3799 quod
1322 3735 1594 3801 beusavcrtat,pro·

378 3816 511 3873 criticinm
527 3817 613 3871 veteri
627 3817 719 3871 statim
737 3818 880 3887 subjicere.
892 3820 971 3872 lnsti-
1003 3823 1063 3884 pter
1085 3816 1185 3871 hocin
1209 3823 1344 3871 aeternum
1372 3819 1472 3885 perire.
1485 3819 1601 3873 »111113

377 3903 969 3971 tutaautemEucharistia,penesApostolos
1003 3902 1086 3969 igitur
1124 3902 1230 3967 optimo
1265 3903 1424 3959 Tridentina
1468 3904 1602 3971 synodus

378 3995 437 4044 crat
456 4003 488 4043 ea
509 3993 629 4044 statuere
643 4003 704 4057 quae
725 3991 758 4044 ad
780 3991 969 4058 quotidianam
1003 3988 1094 4052 docet,
1108 3988 1262 4052 «parvulos
1279 4001 1331 4040 usu
1344 3987 1458 4041 rationis
1470 3994 1602 4042 carentes-

379 4082 406 4131 et
418 4089 566 4143 perennem
581 4077 640 4144 ejus
656 4077 868 4134 celebrationem
886 4077 971 4143 perti·
1003 4073 1079 4126 nulla
1104 4071 1219 4139 obligari
1248 4072 1414 4126 necessitate
1445 4073 1479 4126 ad
1503 4086 1593 4127 sacra-

379 4163 496 4225 nebant;
520 4174 568 4216 eos
592 4161 665 4216 enim
688 4161 921 4225 ministrossuos,
942 4167 971 4214 et
1003 4157 1151 4211 mentalem
1166 4156 1344 4212 Eucharistiae
1356 4159 1604 4219 communionem„

378 4248 584 4314 dispensatores
604 4246 797 4313 mysteriorum
813 4246 969 4317 divinorum
1003 4243 1139 4309 siquidem
1157 4256 1206 4308 per
1223 4244 1353 4309 baptismi
1365 4245 1504 4299 lavacrum
1523 4257 1596 4311 rege

376 4333 499 4387 caristus
513 4332 682 4386 constituit..
1004 4328 1091 4383 nerati
1112 4334 1140 4381 et
1156 4327 1264 4382 Christo
1283 4328 1450 4395 incorporati
1469 4329 1598 4395 adeptam

409 4421 467 4473 158.
487 4420 566 4473 Juxta
592 4421 713 4471 veterem
734 4415 873 4471 Ecclesiae
886 4416 971 4471 disci·
1002 4415 1058 4481 jam
1081 4412 1200 4467 filiorum
1218 4414 1264 4467 bei
1283 4414 1399 4481 gratiam
1416 4415 1445 4468 in
1457 4415 1504 4468 illa
1517 4418 1607 4468 aetate·

402 4678 428 4729 {tl
439 4678 463 4717 L.
471 4677 494 4716 11.
508 4676 534 4717 ad
544 4688 631 4717 uxorem
641 4688 659 4717 c.
668 4688 688 4718 v.
1001 4663 1009 4742 Σ
1029 4678 1055 4729 (a)
1064 4676 1088 4717 L.
1097 4676 1111 4716 1.
1121 4674 1148 4715 de
1157 4685 1205 4728 poc.
1213 4674 1285 4717 merit.
1292 4674 1405 4717 sennim.
1413 4675 1487 4717 cair.

403 4746 428 4798 (a)
439 4746 477 4798 Ep.
487 4744 523 4786 liv.
533 4746 588 4787 allas
595 4746 665 4788 cxviii.
675 4744 701 4786 od
709 4746 844 4787 Ianuarium.
1030 4744 1112 4799 (11101.
1122 4744 1150 4786 vi.
1160 4745 1194 4786 ed.
1204 4750 1261 4787 ttae.
1270 4745 1337 4787 conc.
1344 4745 1385 4786 ool.
1395 4755 1442 4797 reg.
