3792 5550
620 572 688 622 CAl’.
710 571 741 620 ll.
761 572 803 622 DE
824 569 950 621 HAERESl
969 567 1162 620 NOVATIANA.
1450 569 1502 620 ets

292 686 373 747 Quum
385 683 543 749 ¹Baptismus
556 698 570 737 a
589 686 672 738 Paulo
684 685 789 738 dicatur
801 687 871 738 lava·
904 699 1031 752 pressum
1042 683 1168 738 videmus
1178 720 1188 745 ‚
1197 682 1243 748 qui
1254 683 1397 735 bominum
1407 685 1500 736 iesum

291 783 362 821 crum
381 769 582 834 renovationis,
601 771 675 836 prior
696 770 741 823 illa
757 771 872 836 explica·
906 773 934 824 in
955 770 1110 825 Beelzebub
1128 769 1227 835 ejicere
1247 769 1384 821 (laemonia
1405 771 1501 835 loque·

290 855 338 916 tio,
352 868 404 921 qua
421 855 530 908 iteratio
554 856 726 921 baptismatis
752 857 873 909 excludi·
906 859 1021 921 bantur,
1034 857 1133 923 quibus
1146 857 1185 908 sic
1195 855 1342 922 respondit
1353 856 1499 912 Dominus.

290 948 343 1004 tur,
365 941 431 993 satis
452 941 616 995 verosimilis
633 949 696 994 est:
711 943 818 1008 quodsi
839 943 872 995 tle
906 944 981 1010 quod
999 949 1101 995 satanae
1113 941 1258 995 baereelitas
1271 941 1299 992 in
1317 941 1349 992 iis
1368 941 1500 1007 essetqui

288 1027 403 1092 qualibet
414 1027 592 1081 renovatione
607 1027 758 1094 intelligere
768 1030 873 1094 placeat
907 1035 1013 1083 satanae
1034 1034 1225 1094 compararent
1244 1029 1412 1082 salvatorem
1443 1041 1502 1080 om·

288 1113 487 1174 testimonium,
512 1120 607 1167 notum
637 1121 679 1168 est
703 1115 872 1180 impossibile
906 1116 992 1179 nium,
1003 1115 1067 1168 etin
1081 1127 1166 1180 regne
1177 1114 1281 1166 diaboli
1292 1112 1500 1167 constituebant

279 1197 430 1263 ,aliquando
451 1197 505 1251 diei
527 1199 601 1264 quod
623 1214 729 1253 summe
748 1203 789 1253 est
802 1201 873 1252 diffi·
906 1201 1020 1267 gratiam
1037 1200 1145 1252 Christi.
1166 1203 1198 1252 llt
1221 1204 1501 1265 recognosceremus

287 1282 351 1345 cile;
372 1289 399 1336 et
420 1289 607 1348 apostatarum
630 1298 645 1337 a
676 1285 748 1348 lide,
772 1285 818 1350 qui
837 1285 871 1338 ad
906 1287 969 1353 quia
979 1286 1151 1340 dehacdixit
1160 1285 1348 1351 blasphemia,
1363 1285 1499 1350 adiunxit:

287 1370 450 1422 ludaismum
462 1369 636 1432 relabuntur,
647 1371 682 1424 de
695 1371 794 1436 quibus
804 1375 872 1436 Apo·
910 1390 921 1420 ι
939 1372 1086 1438 Progenies
1098 1372 1270 1437 viperarum,
1290 1369 1429 1435 quomodo
1450 1382 1501 1434 po·

287 1455 370 1508 stolus
386 1453 459 1522 agit,
473 1455 680 1509 conversionem
699 1470 760 1510 esse
778 1456 872 1510 diffici-
905 1475 923 1506 ιι
940 1458 1017 1510 testis
1037 1445 1205 1521 bona'loqut
1216 1494 1223 1519 ,
1234 1468 1296 1508 cum
1310 1453 1369 1506 sitis
1387 1453 1496 1506 malit»

289 1541 348 1592 lem.
906 1544 961 1595 llos
980 1555 1045 1608 ergo
1066 1542 1112 1607 qui
1130 1543 1189 1594 baec
1203 1542 1354 1607 loquuntur
1367 1545 1450 1606 negat
1462 1539 1498 1591 ad

316 1629 355 1680 76.
374 1629 487 1682 Celebre
507 1635 548 1681 cst
561 1627 747 1681 testimenium
761 1627 796 1679 (le
811 1638 873 1692 pec·
905 1627 1013 1680 veniam
1032 1628 1179 1692 pertinere.
1197 1627 1320 1692 lienique
1339 1628 1436 1678 Petrus
1456 1625 1500 1676 Si-

289 1718 346 1766 cato
366 1714 393 1766 in
413 1715 543 1779 Spiritum
565 1718 705 1775 sanctum,
719 1713 793 1777 quon
806 1726 874 1763 nun·
906 1713 981 1766 moni
994 1753 1000 1774 ,
1015 1713 1062 1778 qui
1075 1714 1188 1779 magicae
1210 1713 1276 1766 artis
1298 1712 1499 1766 consuetudine

286 1811 363 1863 qnam
381 1798 544 1850 remittatur.
560 1797 629 1848 illud
651 1797 811 1862 objecerunt
824 1799 874 1849 No·
907 1797 1071 1862 depravatus
1081 1797 1288 1862 putassetquod
1299 1797 1414 1862 gratiam
1424 1796 1501 1848 cbri-

284 1883 399 1944 vatiani,
418 1881 517 1946 quibus
535 1882 676 1946 respondit
689 1881 871 1934 Ambrosius:
908 1883 942 1936 sti
967 1897 1016 1949 per
1045 1883 1253 1949 impositionem
1280 1896 1397 1944 manus,
1417 1887 1501 1947 atque

285 1969 453 2019 «vertutum
474 1972 515 2020 est
542 1972 632 2019 tamen
658 1967 692 2019 ad
717 1980 768 2021 nos
792 1967 873 2020 etiam
907 1968 1074 2022 infusionem
1094 1967 1211 2033 Spiritus
1224 1967 1310 2020 sancti
1330 1969 1501 2031 compararet

285 2053 349 2106 illud
362 2066 411 2107 vos
424 2052 543 2120 objicere
556 2053 658 2115 solere,
678 2053 752 2118 quod
774 2053 871 2106 dicatis
907 2054 1037 2122 pecunia,
1048 2055 1102 2106 ait:
1119 2056 1201 2106 «Non
1210 2058 1252 2106 est
1263 2052 1311 2104 tibi
1324 2065 1401 2117 pars,
1411 2064 1501 2116 neque

286 2140 413 2206 seriptum
436 2153 496 2192 osse
513 2155 519 2190 :
535 2159 546 2186 v
572 2141 657 2192 Omne
681 2144 822 2204 peecatum
846 2145 873 2192 et
907 2161 919 2188 ι
941 2154 1018 2204 sors,
1032 2141 1059 2192 in
1071 2141 1123 2193 hac
1135 2139 1203 2201 ilde;
1217 2137 1280 2204 quia
1299 2150 1348 2190 eor
1359 2143 1500 2189 tuumncn

282 2231 299 2270 a
315 2225 485 2291 blasphemia
513 2225 666 2277 remittetur
693 2225 871 2289 hominibuS‚
906 2245 924 2274 ιι
940 2232 982 2279 est
994 2232 1100 2280 rectum
1112 2224 1186 2290 apud
1199 2227 1292 2276 iteum.
1308 2221 1501 2274 l‘oenitentiam

285 2310 430 2376 »Spiritus
452 2315 542 2363 autem
564 2309 807 2375 blasphemianon
832 2323 872 2363 re·
906 2333 918 2360 ιι
939 2313 1040 2379 itaque
1050 2325 1101 2378 age
1122 2311 1158 2364 ab
1177 2311 1229 2362 lrac
1248 2308 1368 2374 nequitia
1392 2313 1455 2370 tua,
1473 2314 1502 2359 et

284 2413 298 2442 ιι
314 2397 436 2450 mittetur
455 2396 628 2457 hominibus3
650 2402 677 2449 et
706 2396 871 2462 quicumque
906 2417 922 2447 ιι
939 2411 1051 2465 precare
1063 2397 1222 2458 bominum,
1233 2394 1337 2448 siiorte
1348 2393 1500 2446 remittatur

284 2501 295 2526 ι
315 2481 412 2534 dixerit
431 2481 544 2534 verbum
565 2486 660 2534 contra
674 2481 770 2533 Filium
783 2482 871 2534 homi·
907 2506 918 2532 ι
939 2486 987 2538 tibi
1004 2482 1204 2549 hreccogitatio
1222 2481 1363 2534 cordistui
1387 2483 1417 2531 ln
1430 2479 1493 2531 felle

284 2583 298 2612 ιι
315 2566 366 2630 nis,
380 2567 533 2619 remittetur
547 2567 581 2629 ei,
602 2567 648 2632 qui
667 2572 756 2619 autem
774 2567 872 2618 dixerit
907 2592 919 2618 ι
941 2570 1013 2624 enim
1025 2567 1215 2620 amaritudinis
1226 2570 1254 2617 et
1265 2564 1433 2630 obligatione
1446 2563 1500 2614 ini·

283 2669 297 2698 ιι
316 2656 413 2706 contra
427 2651 555 2715 Spiritum
581 2653 725 2712 Sanctum,
750 2663 806 2702 non
829 2663 872 2702 re·
907 2677 919 2703 ιι
941 2655 1054 2721 quitatis
1072 2653 1152 2706 video
1169 2656 1196 2703 te
1217 2663 1312 2702 esse.»
1329 2648 1410 2700 vices
1424 2647 1498 2712 quod

282 2738 440 2791 »mittetur
462 2736 594 2801 cinoque
624 2735 651 2788 in
680 2736 732 2789 hoc
751 2736 870 2799 saeculo,
907 2741 981 2793 nnnc
999 2737 1106 2805 magica
1124 2736 1244 2791 vanitate
1258 2734 1497 2801 blasphemantem

281 2844 295 2871 ιι
312 2838 403 2891 neque
423 2825 452 2875 in
465 2824 566 2877 tuturo.
578 2842 594 2873 ιι
607 2826 663 2889 Quo
677 2826 801 2891 exemplo
813 2838 873 2877 om·
906 2824 934 2879 in
948 2826 1077 2892 Spiritum
1095 2828 1219 2876 sanctum
1240 2819 1389 2887 apostolica
1403 2814 1500 2871 autbo-

282 2912 323 2964 nis
336 2912 451 2964 assertio
465 2904 769 2977 vestratlestruitur‚ct
781 2912 874 2966 absol·
906 2910 988 2965 ritate
1009 2910 1191 2972 condemnet,
1220 2912 1247 2960 et
1264 2920 1297 2960 eo
1324 2904 1411 2972 magis
1434 2904 1498 2970 qnia

281 2996 359 3051 vitun.
373 2998 509 3065 scriptum
522 3003 563 3052 est
576 2999 648 3052 enim
662 3014 668 3049 :
684 3002 796 3053 «Omne
811 3012 873 3066 pec·
905 3012 1001 3067 puram
1012 2995 1212 3052 conscientiam
1223 2993 1288 3046 fidei
1301 3006 1357 3045 non
1370 2990 1498 3043 babebat:

282 3100 296 3130 ιι
313 3089 403 3137 catum
418 3090 445 3138 et
465 3085 636 3151 blasphemia
655 3086 807 3139 remittetur
825 3088 872 3139 ho
905 3092 933 3140 et
942 3091 1035 3139 tamen
1047 3080 1301 3137 noninterclusitei
1312 3092 1390 3146 spem
1400 3077 1499 3140 veniae,

282 3186 296 3216 ιι
314 3170 442 3223 minibus.
458 3190 470 3216 ι
484 3172 536 3222 Cur
550 3170 633 3235 igitur
646 3182 701 3221 non
711 3170 873 3223 remittitis?
905 3184 989 3237 quem
1013 3168 1137 3222 invitavit
1155 3168 1190 3219 ad
1210 3164 1424 3233 poenitentiam?
1446 3164 1500 3215 lte-

281 3256 332 3307 Gur
348 3256 440 3322 ligatis
453 3254 562 3308 vincula
586 3266 647 3319 quae
665 3267 721 3305 non
744 3253 873 3306 solvitis?
906 3270 1038 3322 sponsum
1052 3260 1094 3307 est
1111 3255 1193 3321 igitur
1209 3266 1224 3305 a
1239 3252 1354 3305 Domino
1374 3249 1501 3315 blasphe-

282 3342 333 3392 Gur
345 3340 434 3393 nolles
447 3338 556 3391 nectitis
570 3350 641 3403 quos
652 3350 706 3390 non
721 3337 875 3389 relaxatis?
906 3339 1185 3400 miaePlrarisaeorum,
1196 3342 1224 3389 et
1232 3336 1294 3388 ideo
1303 3335 1347 3386 his
1354 3333 1498 3399 potestatis

282 3425 418 3477 Remittite
432 3425 556 3485 oaeteris,
572 3428 600 3475 et
619 3422 691 3488 agite
708 3422 742 3474 de
756 3422 789 3475 iis
802 3435 873 3489 quos
907 3440 965 3479 suae
985 3425 1212 3493 gratiamneque,
1235 3420 1340 3487 quaein
1360 3417 1500 3471 remissio·

281 3514 428 3573 peccantes
446 3508 474 3559 in
493 3508 621 3572 Spiritum
644 3513 769 3561 sanctum
791 3522 873 3562 evan·
906 3526 972 3566 nem
994 3515 1169 3577 peccatorum
1194 3513 1255 3570 est,
1282 3505 1328 3572 qui
1358 3504 1499 3557 coelestem

281 3596 367 3661 gelioa
393 3594 555 3647 authoritate
583 3594 610 3646 in
636 3600 797 3667 perpetuum
825 3595 873 3647 ad·
906 3600 965 3667 ejus
982 3601 1146 3665 potestatem
1168 3594 1305 3647 diabolico
1328 3592 1423 3645 sultam
1442 3590 1499 3643 sul·

282 3678 378 3746 stringi
397 3678 508 3744 putatis.
523 3682 554 3733 llt
567 3685 657 3732 tamen
671 3692 741 3746 quos
753 3680 872 3734 adstrin·
905 3684 992 3751 fragio
1011 3682 1191 3737 vindicarent.
1205 3683 1258 3734 Eos
1272 3692 1383 3746 quoque
1401 3677 1499 3731 asserit

283 3764 550 3829 gatconsideremus,
561 3771 717 3832 repetentes
730 3768 871 3833 superiora
906 3770 1045 3829 diabolico
1067 3768 1105 3821 uti
1133 3766 1248 3833 spiritu,
1266 3765 1313 3832 qui
1338 3768 1498 3830 separarent

282 3849 407 3905 lectionis
421 3852 522 3917 ipsius,
537 3858 563 3905 et
580 3852 733 3906 evidentius
746 3867 871 3920 compre·
906 3854 1057 3909 Ecclesiam
1077 3852 1143 3916 nei,
1158 3859 1189 3905 ut
1207 3852 1329 3904 omnium
1342 3857 1497 3915 temporum

284 3933 443 3987 tendamus.
457 3935 587 3989 Dicebant
604 3938 709 3989 ludaei:
725 3956 736 3983 ιι
751 3938 799 3991 llic
818 3952 874 3991 non
908 3941 1052 3993 lraereticos
1068 3944 1096 3991 et
1113 3938 1304 3990 schismaticos
1321 3936 1499 4001 comprehen-

285 4037 296 4063 ι
315 4019 388 4086 ejicit
398 4019 534 4071 daemonia
544 4020 632 4072 nisiin
642 4022 875 4087 Beelzebubprin·
909 4023 1103 4088 deret‚quibus
1115 4021 1312 4087 indulgentiam
1322 4025 1412 4085 negat.
1434 4056 1441 4069 .
1463 4053 1470 4069 .
1492 4058 1498 4068 .

284 4123 295 4149 ιι
315 4104 873 4171 cipeeaemoniomm.»nesponnvttesun
908 4113 941 4163 at
966 4108 1029 4161 ideo
1047 4107 1214 4161 revertimini
1233 4106 1268 4158 ad
1288 4104 1455 4167 Ecclesiam,
1475 4104 1498 4155 si

287 4191 399 4243 «omne
429 4204 545 4257 regnum
571 4189 690 4245 divisum
719 4197 813 4244 contra
842 4206 873 4245 se
907 4196 954 4263 qui
977 4208 1028 4249 voa
1053 4193 1201 4260 separastis
1228 4192 1310 4258 irnpie
1339 4206 1346 4241 ε
1370 4190 1498 4245 omnibus

284 4292 295 4317 ι
315 4274 487 4339 destruetur,
503 4280 531 4329 et
553 4276 643 4329 omnis
663 4276 758 4331 civitas
771 4279 814 4331 vel
826 4278 874 4331 do·
908 4284 982 4336 enim
993 4279 1132 4334 conrersis
1143 4278 1287 4345 pollicetur
1298 4277 1421 4340 veniam,
1432 4278 1497 4343 quia

283 4377 294 4403 ι
317 4374 380 4414 mus
394 4361 480 4415 divisa
501 4368 597 4415 contra
616 4376 656 4426 se,
672 4375 727 4416 non
740 4364 831 4416 stabit.
847 4365 873 4419 Si
908 4367 1115 4433 scriptumest:
1136 4383 1152 4413 ι(
1165 4364 1259 4418 omnis
1279 4362 1444 4429 quicumque
1456 4364 1497 4418 in·

284 4446 391 4498 »enim
422 4452 531 4499 satanas
562 4453 684 4500 satanam
708 4448 799 4515 ejicit,
829 4450 876 4502 ad·
909 4452 1080 4508 »vocaverit
1112 4464 1213 4505 nomen
1248 4450 1378 4514 bomini,
1405 4452 1497 4505 salvus

283 4550 294 4574 ιι
314 4544 423 4585 versum
432 4546 462 4586 ae
471 4532 574 4588 elvisus
587 4540 646 4587 est:
661 4536 800 4600 quomodo
810 4550 874 4604 ergo
909 4560 921 4587 ιι
942 4540 1002 4593 erit.
1017 4559 1030 4586 ι
1046 4538 1166 4603 benique
1177 4538 1258 4590 etiam
1276 4538 1433 4590 Juoaeorum
1446 4541 1498 4603 po'-

284 4634 295 4659 ι
316 4616 398 4669 stabit
409 4630 522 4684 regnum
546 4620 623 4685 eiust
638 4621 750 4683 Quodsi
771 4635 821 4687 ego
845 4623 872 4676 in
908 4625 990 4690 pulns
1008 4624 1054 4690 qui
1079 4624 1187 4676 dicebat
1212 4624 1247 4677 de
1268 4624 1382 4677 bomine
1408 4626 1496 4677 lesu:

283 4717 299 4745 ιι
318 4703 465 4756 Beelzebub
476 4704 554 4771 ejicio
565 4706 719 4771 doemonia,
732 4708 778 4760 tilii
788 4711 873 4763 vestri
910 4728 922 4756 ιι
941 4710 1109 4763 daemonium
1129 4708 1237 4761 habet:
1260 4730 1273 4756 ιι
1296 4710 1343 4776 qui
1362 4709 1470 4762 dicebat
1489 4722 1495 4757 :

285 4785 328 4895 »in
344 4801 399 4853 quo
417 4788 550 4856 ejiciunt?
565 4811 576 4837 ι
593 4793 629 4845 be
651 4792 684 4845 iis
705 4793 800 4859 utique
831 4808 876 4847 cx·
910 4813 926 4845 u
947 4794 976 4847 in
995 4794 1147 4849 Beelzebub
1163 4794 1236 4861 ejicit
1252 4795 1388 4847 daemonia
1401 4809 1407 4845 :
1421 4814 1433 4841 ι
1447 4794 1494 4860 qui

1310 4918 1314 4923 -
1338 4898 1360 4937 ιι

1262 4950 1280 4979 Ρ

1309 4988 1326 5023 0
