<?xml version="1.0" encoding="UTF-8"?>
<!DOCTYPE html PUBLIC "-//W3C//DTD XHTML 1.0 Transitional//EN"
    "http://www.w3.org/TR/xhtml1/DTD/xhtml1-transitional.dtd">
<html xmlns="http://www.w3.org/1999/xhtml" xml:lang="en" lang="en">
 <head>
  <title>
</title>
<meta http-equiv="Content-Type" content="text/html;charset=utf-8" />
  <meta name='ocr-system' content='tesseract 3.04.00' />
  <meta name='ocr-capabilities' content='ocr_page ocr_carea ocr_par ocr_line ocrx_word'/>
</head>
<body>
  <div class='ocr_page' id='page_1' title='image "./theologiadogmat02kenrgoog_0187.png"; bbox 0 0 3792 5550; ppageno 0'>
   <div class='ocr_carea' id='block_1_1' title="bbox 602 565 1516 632">
    <p class='ocr_par' dir='ltr' id='par_1_1' title="bbox 602 565 1516 632">
     <span class='ocr_line' id='line_1_1' title="bbox 602 565 1516 632; baseline 0.014 -14"><span class='ocrx_word' id='word_1_1' title='bbox 602 565 671 618; x_wconf 78' lang='lat' dir='ltr'>clu.</span> <span class='ocrx_word' id='word_1_2' title='bbox 689 565 756 618; x_wconf 85' lang='lat' dir='ltr'>xlll.</span> <span class='ocrx_word' id='word_1_3' title='bbox 774 567 816 618; x_wconf 82' lang='lat' dir='ltr'>DE</span> <span class='ocrx_word' id='word_1_4' title='bbox 833 565 1036 619; x_wconf 78' lang='lat' dir='ltr'>slchluuh‘nl</span> <span class='ocrx_word' id='word_1_5' title='bbox 1054 568 1203 623; x_wconf 77' lang='lat' dir='ltr'><strong>RATIONE.</strong></span> <span class='ocrx_word' id='word_1_6' title='bbox 1468 581 1516 632; x_wconf 78' lang='lat'>175</span> 
     </span>
    </p>
   </div>
   <div class='ocr_carea' id='block_1_2' title="bbox 307 681 1516 1434">
    <p class='ocr_par' dir='ltr' id='par_1_2' title="bbox 307 681 1516 1434">
     <span class='ocr_line' id='line_1_2' title="bbox 313 681 1513 755; baseline 0.011 -19"><span class='ocrx_word' id='word_1_7' title='bbox 313 681 485 750; x_wconf 79' lang='lat' dir='ltr'>Hieronymus</span> <span class='ocrx_word' id='word_1_8' title='bbox 502 681 568 738; x_wconf 90' lang='lat' dir='ltr'>dicit</span> <span class='ocrx_word' id='word_1_9' title='bbox 591 697 597 733; x_wconf 92' lang='lat'>:</span> <span class='ocrx_word' id='word_1_10' title='bbox 619 702 631 729; x_wconf 68' lang='lat' dir='ltr'>a</span> <span class='ocrx_word' id='word_1_11' title='bbox 656 681 778 736; x_wconf 87' lang='lat' dir='ltr'>Christus</span> <span class='ocrx_word' id='word_1_12' title='bbox 796 682 893 738; x_wconf 90' lang='lat' dir='ltr'>lormat</span> <span class='ocrx_word' id='word_1_13' title='bbox 927 683 1053 749; x_wconf 78' lang='lat' dir='ltr'>redditis,</span> <span class='ocrx_word' id='word_1_14' title='bbox 1071 690 1099 738; x_wconf 89' lang='lat' dir='ltr'>et</span> <span class='ocrx_word' id='word_1_15' title='bbox 1114 686 1341 755; x_wconf 80' lang='lat' dir='ltr'>cumdigeritis,</span> <span class='ocrx_word' id='word_1_16' title='bbox 1356 691 1429 747; x_wconf 89' lang='lat' dir='ltr'>illins</span> <span class='ocrx_word' id='word_1_17' title='bbox 1448 696 1513 749; x_wconf 77' lang='lat' dir='ltr'>reio</span> 
     </span>
     <span class='ocr_line' id='line_1_3' title="bbox 312 769 1515 845; baseline 0.01 -23"><span class='ocrx_word' id='word_1_18' title='bbox 312 771 467 838; x_wconf 85' lang='lat' dir='ltr'>sanguinem</span> <span class='ocrx_word' id='word_1_19' title='bbox 489 783 568 824; x_wconf 89' lang='lat' dir='ltr'>suum</span> <span class='ocrx_word' id='word_1_20' title='bbox 596 770 623 826; x_wconf 91' lang='lat' dir='ltr'>in</span> <span class='ocrx_word' id='word_1_21' title='bbox 648 770 751 835; x_wconf 86' lang='lat' dir='ltr'>calice,</span> <span class='ocrx_word' id='word_1_22' title='bbox 773 771 837 826; x_wconf 92' lang='lat' dir='ltr'>vino</span> <span class='ocrx_word' id='word_1_23' title='bbox 865 775 893 824; x_wconf 87' lang='lat' dir='ltr'>et</span> <span class='ocrx_word' id='word_1_24' title='bbox 926 769 1017 824; x_wconf 88' lang='lat' dir='ltr'>ctione</span> <span class='ocrx_word' id='word_1_25' title='bbox 1032 769 1157 825; x_wconf 81' lang='lat' dir='ltr'>deficitis.</span> <span class='ocrx_word' id='word_1_26' title='bbox 1177 792 1190 825; x_wconf 69' lang='lat' dir='ltr'>a</span> <span class='ocrx_word' id='word_1_27' title='bbox 1211 773 1339 828; x_wconf 83' lang='lat' dir='ltr'>Calvinus</span> <span class='ocrx_word' id='word_1_28' title='bbox 1351 776 1417 831; x_wconf 90' lang='lat' dir='ltr'>dicit</span> <span class='ocrx_word' id='word_1_29' title='bbox 1431 792 1515 845; x_wconf 74' lang='lat' dir='ltr'>«pro-</span> 
     </span>
     <span class='ocr_line' id='line_1_4' title="bbox 309 854 1515 925; baseline 0.008 -17"><span class='ocrx_word' id='word_1_30' title='bbox 309 869 374 922; x_wconf 85' lang='lat' dir='ltr'>aqua</span> <span class='ocrx_word' id='word_1_31' title='bbox 398 856 497 910; x_wconf 77' lang='lat' dir='ltr'>mixtis.</span> <span class='ocrx_word' id='word_1_32' title='bbox 517 875 529 904; x_wconf 68' lang='lat' dir='ltr'>r</span> <span class='ocrx_word' id='word_1_33' title='bbox 550 856 559 890; x_wconf 83' lang='lat'><strong>¹</strong></span> <span class='ocrx_word' id='word_1_34' title='bbox 578 857 731 912; x_wconf 89' lang='lat' dir='ltr'>Concilium</span> <span class='ocrx_word' id='word_1_35' title='bbox 753 857 892 925; x_wconf 80' lang='lat' dir='ltr'>Carthagi·</span> <span class='ocrx_word' id='word_1_36' title='bbox 925 854 1071 910; x_wconf 80' lang='lat' dir='ltr'>missiones</span> <span class='ocrx_word' id='word_1_37' title='bbox 1087 857 1150 910; x_wconf 88' lang='lat' dir='ltr'>illas</span> <span class='ocrx_word' id='word_1_38' title='bbox 1170 858 1271 924; x_wconf 85' lang='lat' dir='ltr'>quihus</span> <span class='ocrx_word' id='word_1_39' title='bbox 1284 860 1428 916; x_wconf 87' lang='lat' dir='ltr'>coniicitur</span> <span class='ocrx_word' id='word_1_40' title='bbox 1447 877 1515 919; x_wconf 89' lang='lat' dir='ltr'>con·</span> 
     </span>
     <span class='ocr_line' id='line_1_5' title="bbox 308 940 1514 1014; baseline 0.007 -20"><span class='ocrx_word' id='word_1_41' title='bbox 308 955 388 996; x_wconf 88' lang='lat' dir='ltr'>nense</span> <span class='ocrx_word' id='word_1_42' title='bbox 406 943 449 995; x_wconf 94' lang='lat' dir='ltr'>lll.</span> <span class='ocrx_word' id='word_1_43' title='bbox 470 955 541 996; x_wconf 90' lang='lat' dir='ltr'>anno</span> <span class='ocrx_word' id='word_1_44' title='bbox 560 945 619 1007; x_wconf 77' lang='lat'>597,</span> <span class='ocrx_word' id='word_1_45' title='bbox 632 943 754 998; x_wconf 88' lang='lat' dir='ltr'>decrevit</span> <span class='ocrx_word' id='word_1_46' title='bbox 770 959 775 995; x_wconf 96' lang='lat'><strong>:</strong></span> <span class='ocrx_word' id='word_1_47' title='bbox 790 964 802 991; x_wconf 73' lang='lat' dir='ltr'>n</span> <span class='ocrx_word' id='word_1_48' title='bbox 820 943 891 997; x_wconf 92' lang='lat' dir='ltr'>utin</span> <span class='ocrx_word' id='word_1_49' title='bbox 925 941 1067 1005; x_wconf 66' lang='lat' dir='ltr'>secretio,</span> <span class='ocrx_word' id='word_1_50' title='bbox 1079 940 1135 996; x_wconf 81' lang='lat' dir='ltr'>non</span> <span class='ocrx_word' id='word_1_51' title='bbox 1154 945 1190 998; x_wconf 88' lang='lat' dir='ltr'>ad</span> <span class='ocrx_word' id='word_1_52' title='bbox 1207 945 1342 1000; x_wconf 89' lang='lat' dir='ltr'>elementa</span> <span class='ocrx_word' id='word_1_53' title='bbox 1364 947 1443 1014; x_wconf 85' lang='lat' dir='ltr'>ipsa,</span> <span class='ocrx_word' id='word_1_54' title='bbox 1464 951 1514 1004; x_wconf 89' lang='lat' dir='ltr'>sed</span> 
     </span>
     <span class='ocr_line' id='line_1_6' title="bbox 307 1025 1512 1098; baseline 0.004 -19"><span class='ocrx_word' id='word_1_55' title='bbox 307 1027 482 1082; x_wconf 79' lang='lat' dir='ltr'>sacramentis</span> <span class='ocrx_word' id='word_1_56' title='bbox 502 1029 625 1095; x_wconf 89' lang='lat' dir='ltr'>corporis</span> <span class='ocrx_word' id='word_1_57' title='bbox 638 1036 665 1083; x_wconf 88' lang='lat' dir='ltr'>ct</span> <span class='ocrx_word' id='word_1_58' title='bbox 685 1031 829 1098; x_wconf 79' lang='lat' dir='ltr'>sanguinis</span> <span class='ocrx_word' id='word_1_59' title='bbox 843 1032 892 1084; x_wconf 83' lang='lat' dir='ltr'>lio·</span> <span class='ocrx_word' id='word_1_60' title='bbox 925 1025 959 1078; x_wconf 90' lang='lat' dir='ltr'>ad</span> <span class='ocrx_word' id='word_1_61' title='bbox 974 1039 1022 1079; x_wconf 90' lang='lat' dir='ltr'>eos</span> <span class='ocrx_word' id='word_1_62' title='bbox 1035 1026 1082 1094; x_wconf 84' lang='lat' dir='ltr'>qui</span> <span class='ocrx_word' id='word_1_63' title='bbox 1098 1028 1243 1095; x_wconf 86' lang='lat' dir='ltr'>recipiunt,</span> <span class='ocrx_word' id='word_1_64' title='bbox 1255 1030 1395 1084; x_wconf 87' lang='lat' dir='ltr'>destinari.</span> <span class='ocrx_word' id='word_1_65' title='bbox 1415 1052 1428 1078; x_wconf 76' lang='grc' dir='ltr'>ι</span> <span class='ocrx_word' id='word_1_66' title='bbox 1449 1071 1456 1085; x_wconf 89' lang='grc'><strong>.</strong></span> <span class='ocrx_word' id='word_1_67' title='bbox 1478 1071 1486 1088; x_wconf 92' lang='grc'><strong>.</strong></span> <span class='ocrx_word' id='word_1_68' title='bbox 1506 1076 1512 1084; x_wconf 92' lang='grc'><strong>.</strong></span> 
     </span>
     <span class='ocr_line' id='line_1_7' title="bbox 307 1111 1514 1182; baseline 0.014 -18"><span class='ocrx_word' id='word_1_69' title='bbox 307 1111 1514 1182; x_wconf 55' lang='lat' dir='ltr'>mffimwmmmmfflmmmmmmm</span> 
     </span>
     <span class='ocr_line' id='line_1_8' title="bbox 307 1197 1515 1267; baseline 0.012 -15"><span class='ocrx_word' id='word_1_70' title='bbox 307 1199 432 1254; x_wconf 80' lang='lat' dir='ltr'>Dominus</span> <span class='ocrx_word' id='word_1_71' title='bbox 450 1199 579 1263; x_wconf 89' lang='lat' dir='ltr'>tradidit,</span> <span class='ocrx_word' id='word_1_72' title='bbox 604 1201 657 1253; x_wconf 91' lang='lat' dir='ltr'>hoc</span> <span class='ocrx_word' id='word_1_73' title='bbox 681 1205 741 1263; x_wconf 86' lang='lat' dir='ltr'>est,</span> <span class='ocrx_word' id='word_1_74' title='bbox 764 1203 843 1267; x_wconf 89' lang='lat' dir='ltr'>panis</span> <span class='ocrx_word' id='word_1_75' title='bbox 865 1206 892 1254; x_wconf 89' lang='lat' dir='ltr'>et</span> <span class='ocrx_word' id='word_1_76' title='bbox 925 1210 989 1250; x_wconf 90' lang='lat' dir='ltr'>nem</span> <span class='ocrx_word' id='word_1_77' title='bbox 1002 1197 1145 1265; x_wconf 82' lang='lat' dir='ltr'>imaginari</span> <span class='ocrx_word' id='word_1_78' title='bbox 1164 1213 1215 1253; x_wconf 80' lang='lat' dir='ltr'>nos</span> <span class='ocrx_word' id='word_1_79' title='bbox 1238 1201 1335 1265; x_wconf 58' lang='lat' dir='ltr'>dewi»</span> <span class='ocrx_word' id='word_1_80' title='bbox 1354 1208 1385 1256; x_wconf 70' lang='lat'>¹11</span> <span class='ocrx_word' id='word_1_81' title='bbox 1396 1203 1463 1257; x_wconf 62' lang='lat' dir='ltr'>Sitis</span> <span class='ocrx_word' id='word_1_82' title='bbox 1478 1205 1515 1258; x_wconf 74' lang='lat' dir='ltr'>Sil</span> 
     </span>
     <span class='ocr_line' id='line_1_9' title="bbox 307 1283 1514 1353; baseline 0.007 -17"><span class='ocrx_word' id='word_1_83' title='bbox 307 1284 394 1337; x_wconf 89' lang='lat' dir='ltr'>vinnm</span> <span class='ocrx_word' id='word_1_84' title='bbox 412 1299 482 1351; x_wconf 85' lang='lat' dir='ltr'>aqua</span> <span class='ocrx_word' id='word_1_85' title='bbox 501 1286 625 1340; x_wconf 87' lang='lat' dir='ltr'>mixtum.</span> <span class='ocrx_word' id='word_1_86' title='bbox 645 1305 657 1332; x_wconf 78' lang='lat' dir='ltr'>r</span> <span class='ocrx_word' id='word_1_87' title='bbox 682 1285 891 1340; x_wconf 74' lang='lat' dir='ltr'>’lloscnmiiller</span> <span class='ocrx_word' id='word_1_88' title='bbox 924 1283 1008 1337; x_wconf 83' lang='lat' dir='ltr'>verba</span> <span class='ocrx_word' id='word_1_89' title='bbox 1037 1284 1283 1351; x_wconf 86' lang='lat' dir='ltr'>demurmurasse,</span> <span class='ocrx_word' id='word_1_90' title='bbox 1305 1288 1384 1353; x_wconf 82' lang='lat' dir='ltr'>quasi</span> <span class='ocrx_word' id='word_1_91' title='bbox 1403 1289 1439 1342; x_wconf 88' lang='lat' dir='ltr'>ah</span> <span class='ocrx_word' id='word_1_92' title='bbox 1459 1290 1514 1344; x_wconf 92' lang='lat' dir='ltr'>ele·</span> 
     </span>
     <span class='ocr_line' id='line_1_10' title="bbox 307 1369 1516 1434; baseline 0.004 -12"><span class='ocrx_word' id='word_1_93' title='bbox 307 1383 338 1422; x_wconf 89' lang='lat' dir='ltr'>ox</span> <span class='ocrx_word' id='word_1_94' title='bbox 354 1371 552 1424; x_wconf 87' lang='lat' dir='ltr'>consuetudine</span> <span class='ocrx_word' id='word_1_95' title='bbox 573 1371 729 1426; x_wconf 80' lang='lat' dir='ltr'>ludaeorum</span> <span class='ocrx_word' id='word_1_96' title='bbox 753 1370 826 1425; x_wconf 88' lang='lat' dir='ltr'>idem</span> <span class='ocrx_word' id='word_1_97' title='bbox 850 1371 890 1424; x_wconf 91' lang='lat' dir='ltr'>in·</span> <span class='ocrx_word' id='word_1_98' title='bbox 924 1369 1025 1422; x_wconf 89' lang='lat' dir='ltr'>montis</span> <span class='ocrx_word' id='word_1_99' title='bbox 1042 1371 1231 1434; x_wconf 76' lang='lat' dir='ltr'>exaudiantur,</span> <span class='ocrx_word' id='word_1_100' title='bbox 1246 1372 1295 1425; x_wconf 91' lang='lat' dir='ltr'>sed</span> <span class='ocrx_word' id='word_1_101' title='bbox 1312 1373 1453 1427; x_wconf 82' lang='lat' dir='ltr'>rcrhailla</span> <span class='ocrx_word' id='word_1_102' title='bbox 1474 1376 1516 1429; x_wconf 86' lang='lat' dir='ltr'>vi·</span> 
     </span>
    </p>
   </div>
   <div class='ocr_carea' id='block_1_3' title="bbox 202 1455 1514 1526">
    <p class='ocr_par' dir='ltr' id='par_1_3' title="bbox 202 1455 1514 1526">
     <span class='ocr_line' id='line_1_11' title="bbox 202 1455 1514 1526; baseline 0.006 -20"><span class='ocrx_word' id='word_1_103' title='bbox 202 1455 207 1461; x_wconf 86' lang='lat'>&#39;</span> <span class='ocrx_word' id='word_1_104' title='bbox 306 1455 496 1510; x_wconf 80' lang='lat' dir='ltr'>lert:«uuisse</span> <span class='ocrx_word' id='word_1_105' title='bbox 512 1457 889 1513; x_wconf 85' lang='lat' dir='ltr'>autemineocalicevinum</span> <span class='ocrx_word' id='word_1_106' title='bbox 923 1467 985 1506; x_wconf 81' lang='lat' dir='ltr'>uam</span> <span class='ocrx_word' id='word_1_107' title='bbox 1005 1455 1228 1520; x_wconf 82' lang='lat' dir='ltr'>praedicationem</span> <span class='ocrx_word' id='word_1_108' title='bbox 1242 1471 1305 1510; x_wconf 91' lang='lat' dir='ltr'>esse</span> <span class='ocrx_word' id='word_1_109' title='bbox 1317 1458 1514 1526; x_wconf 78' lang='lat' dir='ltr'>intelligamus,</span> 
     </span>
    </p>
   </div>
   <div class='ocr_carea' id='block_1_4' title="bbox 304 1541 1554 1780">
    <p class='ocr_par' dir='ltr' id='par_1_4' title="bbox 304 1541 1554 1780">
     <span class='ocr_line' id='line_1_12' title="bbox 306 1541 1514 1608; baseline 0.006 -16"><span class='ocrx_word' id='word_1_110' title='bbox 306 1553 373 1606; x_wconf 81' lang='lat' dir='ltr'>aqua</span> <span class='ocrx_word' id='word_1_111' title='bbox 401 1545 605 1608; x_wconf 87' lang='lat' dir='ltr'>temperatum,</span> <span class='ocrx_word' id='word_1_112' title='bbox 630 1543 711 1597; x_wconf 89' lang='lat' dir='ltr'>docet</span> <span class='ocrx_word' id='word_1_113' title='bbox 741 1555 792 1596; x_wconf 89' lang='lat' dir='ltr'>nos</span> <span class='ocrx_word' id='word_1_114' title='bbox 822 1543 892 1596; x_wconf 84' lang='lat' dir='ltr'>liber</span> <span class='ocrx_word' id='word_1_115' title='bbox 924 1549 986 1605; x_wconf 82' lang='lat' dir='ltr'>quae</span> <span class='ocrx_word' id='word_1_116' title='bbox 1015 1541 1155 1596; x_wconf 88' lang='lat' dir='ltr'>auditores</span> <span class='ocrx_word' id='word_1_117' title='bbox 1184 1544 1309 1598; x_wconf 81' lang='lat' dir='ltr'>aedilicet.</span> <span class='ocrx_word' id='word_1_118' title='bbox 1346 1562 1363 1592; x_wconf 70' lang='lat' dir='ltr'>a</span> <span class='ocrx_word' id='word_1_119' title='bbox 1388 1544 1401 1578; x_wconf 81' lang='lat'>⁸</span> <span class='ocrx_word' id='word_1_120' title='bbox 1429 1547 1514 1599; x_wconf 83' lang='lat' dir='ltr'>Craeoi</span> 
     </span>
     <span class='ocr_line' id='line_1_13' title="bbox 304 1625 1554 1701; baseline 0.009 -28"><span class='ocrx_word' id='word_1_121' title='bbox 304 1625 468 1701; x_wconf 62' lang='grc' dir='ltr'>ΜὶεεῆηαιόιΙ</span> <span class='ocrx_word' id='word_1_122' title='bbox 491 1627 722 1690; x_wconf 67' lang='lat' dir='ltr'>denominatione</span> <span class='ocrx_word' id='word_1_123' title='bbox 752 1629 817 1682; x_wconf 84' lang='lat' dir='ltr'>Vll.</span> <span class='ocrx_word' id='word_1_124' title='bbox 844 1627 891 1676; x_wconf 82' lang='lat'>»⁸</span> <span class='ocrx_word' id='word_1_125' title='bbox 925 1625 1090 1680; x_wconf 79' lang='lat' dir='ltr'>schismatici</span> <span class='ocrx_word' id='word_1_126' title='bbox 1105 1629 1273 1682; x_wconf 80' lang='lat' dir='ltr'>recentiores</span> <span class='ocrx_word' id='word_1_127' title='bbox 1288 1643 1403 1684; x_wconf 86' lang='lat' dir='ltr'>censere</span> <span class='ocrx_word' id='word_1_128' title='bbox 1421 1631 1514 1686; x_wconf 87' lang='lat' dir='ltr'>dicun·</span> <span class='ocrx_word' id='word_1_129' title='bbox 1551 1663 1554 1668; x_wconf 96' lang='lat'>-</span> 
     </span>
     <span class='ocr_line' id='line_1_14' title="bbox 305 1711 1514 1780; baseline 0.005 -16"><span class='ocrx_word' id='word_1_130' title='bbox 305 1711 459 1767; x_wconf 83' lang='lat' dir='ltr'>Bloomiield</span> <span class='ocrx_word' id='word_1_131' title='bbox 480 1712 547 1766; x_wconf 88' lang='lat' dir='ltr'>dicit</span> <span class='ocrx_word' id='word_1_132' title='bbox 571 1713 643 1778; x_wconf 90' lang='lat' dir='ltr'>apud</span> <span class='ocrx_word' id='word_1_133' title='bbox 661 1726 758 1767; x_wconf 89' lang='lat' dir='ltr'>omnes</span> <span class='ocrx_word' id='word_1_134' title='bbox 778 1712 805 1766; x_wconf 90' lang='lat' dir='ltr'>in</span> <span class='ocrx_word' id='word_1_135' title='bbox 824 1725 892 1767; x_wconf 88' lang='lat' dir='ltr'>con·</span> <span class='ocrx_word' id='word_1_136' title='bbox 925 1713 970 1760; x_wconf 88' lang='lat' dir='ltr'>tur</span> <span class='ocrx_word' id='word_1_137' title='bbox 988 1712 1224 1765; x_wconf 85' lang='lat' dir='ltr'>consecrationem</span> <span class='ocrx_word' id='word_1_138' title='bbox 1245 1726 1301 1768; x_wconf 89' lang='lat' dir='ltr'>non</span> <span class='ocrx_word' id='word_1_139' title='bbox 1323 1716 1439 1780; x_wconf 88' lang='lat' dir='ltr'>perlici,</span> <span class='ocrx_word' id='word_1_140' title='bbox 1460 1718 1514 1770; x_wconf 87' lang='lat' dir='ltr'>nisi</span> 
     </span>
    </p>
   </div>
   <div class='ocr_carea' id='block_1_5' title="bbox 224 1793 1514 1863">
    <p class='ocr_par' dir='ltr' id='par_1_5' title="bbox 224 1793 1514 1863">
     <span class='ocr_line' id='line_1_15' title="bbox 224 1793 1514 1863; baseline 0.009 -17"><span class='ocrx_word' id='word_1_141' title='bbox 224 1827 228 1833; x_wconf 88' lang='lat'>-</span> <span class='ocrx_word' id='word_1_142' title='bbox 304 1795 375 1850; x_wconf 83' lang='lat' dir='ltr'>fesso</span> <span class='ocrx_word' id='word_1_143' title='bbox 401 1809 477 1860; x_wconf 88' lang='lat' dir='ltr'>esso,</span> <span class='ocrx_word' id='word_1_144' title='bbox 493 1797 588 1850; x_wconf 87' lang='lat' dir='ltr'>vinum</span> <span class='ocrx_word' id='word_1_145' title='bbox 615 1810 687 1862; x_wconf 84' lang='lat' dir='ltr'>aqua</span> <span class='ocrx_word' id='word_1_146' title='bbox 712 1802 891 1863; x_wconf 88' lang='lat' dir='ltr'>temperatum</span> <span class='ocrx_word' id='word_1_147' title='bbox 925 1793 1097 1850; x_wconf 80' lang='lat' dir='ltr'>invocatione</span> <span class='ocrx_word' id='word_1_148' title='bbox 1113 1796 1228 1862; x_wconf 81' lang='lat' dir='ltr'>Spiritus</span> <span class='ocrx_word' id='word_1_149' title='bbox 1246 1800 1333 1853; x_wconf 88' lang='lat' dir='ltr'>sancti</span> <span class='ocrx_word' id='word_1_150' title='bbox 1351 1801 1444 1855; x_wconf 82' lang='lat' dir='ltr'>verbis</span> <span class='ocrx_word' id='word_1_151' title='bbox 1463 1803 1514 1857; x_wconf 93' lang='lat' dir='ltr'>do·</span> 
     </span>
    </p>
   </div>
   <div class='ocr_carea' id='block_1_6' title="bbox 299 1878 1515 4343">
    <p class='ocr_par' dir='ltr' id='par_1_6' title="bbox 299 1878 1515 4343">
     <span class='ocr_line' id='line_1_16' title="bbox 303 1878 1515 1952; baseline 0.01 -19"><span class='ocrx_word' id='word_1_152' title='bbox 303 1894 381 1944; x_wconf 88' lang='lat' dir='ltr'>csse,</span> <span class='ocrx_word' id='word_1_153' title='bbox 400 1893 561 1946; x_wconf 88' lang='lat' dir='ltr'>moremque</span> <span class='ocrx_word' id='word_1_154' title='bbox 587 1881 661 1952; x_wconf 92' lang='lat' dir='ltr'>apud</span> <span class='ocrx_word' id='word_1_155' title='bbox 677 1893 729 1940; x_wconf 88' lang='lat' dir='ltr'>nos</span> <span class='ocrx_word' id='word_1_156' title='bbox 755 1886 891 1936; x_wconf 84' lang='lat' dir='ltr'>serratum</span> <span class='ocrx_word' id='word_1_157' title='bbox 926 1878 1035 1938; x_wconf 75' lang='lat' dir='ltr'>mimicis</span> <span class='ocrx_word' id='word_1_158' title='bbox 1046 1881 1169 1946; x_wconf 73' lang='lat' dir='ltr'>adjectas</span> <span class='ocrx_word' id='word_1_159' title='bbox 1182 1896 1264 1948; x_wconf 67' lang='lat' dir='ltr'>(luem</span> <span class='ocrx_word' id='word_1_160' title='bbox 1276 1889 1368 1938; x_wconf 69' lang='lat' dir='ltr'>tamen</span> <span class='ocrx_word' id='word_1_161' title='bbox 1387 1886 1469 1938; x_wconf 81' lang='lat' dir='ltr'>ritum</span> <span class='ocrx_word' id='word_1_162' title='bbox 1487 1889 1515 1940; x_wconf 90' lang='lat' dir='ltr'>in</span> 
     </span>
     <span class='ocr_line' id='line_1_17' title="bbox 302 1965 1514 2037; baseline 0.006 -19"><span class='ocrx_word' id='word_1_163' title='bbox 302 1966 437 2032; x_wconf 81' lang='lat' dir='ltr'>agnoscit.</span> <span class='ocrx_word' id='word_1_164' title='bbox 456 1965 607 2021; x_wconf 78' lang='lat' dir='ltr'>‘Rationes</span> <span class='ocrx_word' id='word_1_165' title='bbox 632 1967 667 2019; x_wconf 93' lang='lat' dir='ltr'>oh</span> <span class='ocrx_word' id='word_1_166' title='bbox 682 1980 752 2032; x_wconf 85' lang='lat' dir='ltr'>quas</span> <span class='ocrx_word' id='word_1_167' title='bbox 766 1979 836 2034; x_wconf 85' lang='lat' dir='ltr'>aqua</span> <span class='ocrx_word' id='word_1_168' title='bbox 848 1968 893 2022; x_wconf 86' lang='lat' dir='ltr'>ad·</span> <span class='ocrx_word' id='word_1_169' title='bbox 925 1965 1047 2020; x_wconf 90' lang='lat' dir='ltr'>Concilio</span> <span class='ocrx_word' id='word_1_170' title='bbox 1068 1967 1225 2022; x_wconf 82' lang='lat' dir='ltr'>Florentino</span> <span class='ocrx_word' id='word_1_171' title='bbox 1250 1968 1289 2022; x_wconf 85' lang='lat' dir='ltr'>ita</span> <span class='ocrx_word' id='word_1_172' title='bbox 1308 1971 1514 2037; x_wconf 86' lang='lat' dir='ltr'>explicuerunt,</span> 
     </span>
     <span class='ocr_line' id='line_1_18' title="bbox 303 2051 1515 2120; baseline 0.008 -18"><span class='ocrx_word' id='word_1_173' title='bbox 303 2051 444 2106; x_wconf 85' lang='lat' dir='ltr'>miscenda</span> <span class='ocrx_word' id='word_1_174' title='bbox 463 2056 506 2106; x_wconf 89' lang='lat' dir='ltr'>est</span> <span class='ocrx_word' id='word_1_175' title='bbox 531 2052 633 2107; x_wconf 86' lang='lat' dir='ltr'>indicat</span> <span class='ocrx_word' id='word_1_176' title='bbox 662 2053 812 2108; x_wconf 89' lang='lat' dir='ltr'>Concilium</span> <span class='ocrx_word' id='word_1_177' title='bbox 835 2054 892 2107; x_wconf 86' lang='lat' dir='ltr'>Tri·</span> <span class='ocrx_word' id='word_1_178' title='bbox 926 2058 957 2104; x_wconf 91' lang='lat' dir='ltr'>ut</span> <span class='ocrx_word' id='word_1_179' title='bbox 973 2052 1181 2106; x_wconf 86' lang='lat' dir='ltr'>consecratione</span> <span class='ocrx_word' id='word_1_180' title='bbox 1194 2055 1356 2120; x_wconf 84' lang='lat' dir='ltr'>jamuerhis</span> <span class='ocrx_word' id='word_1_181' title='bbox 1370 2056 1515 2112; x_wconf 87' lang='lat' dir='ltr'>dominicis</span> 
     </span>
     <span class='ocr_line' id='line_1_19' title="bbox 304 2137 1514 2208; baseline 0.007 -20"><span class='ocrx_word' id='word_1_182' title='bbox 304 2137 445 2190; x_wconf 86' lang='lat' dir='ltr'>dentinrrm</span> <span class='ocrx_word' id='word_1_183' title='bbox 460 2153 466 2189; x_wconf 81' lang='lat' dir='ltr'><strong><em>z</em></strong></span> <span class='ocrx_word' id='word_1_184' title='bbox 482 2157 494 2184; x_wconf 74' lang='grc' dir='ltr'><strong>α</strong></span> <span class='ocrx_word' id='word_1_185' title='bbox 513 2143 570 2191; x_wconf 89' lang='lat' dir='ltr'>tum</span> <span class='ocrx_word' id='word_1_186' title='bbox 592 2139 667 2205; x_wconf 91' lang='lat' dir='ltr'>quod</span> <span class='ocrx_word' id='word_1_187' title='bbox 688 2140 824 2194; x_wconf 82' lang='lat' dir='ltr'>Christum</span> <span class='ocrx_word' id='word_1_188' title='bbox 842 2143 892 2198; x_wconf 87' lang='lat' dir='ltr'>llo-</span> <span class='ocrx_word' id='word_1_189' title='bbox 924 2137 1053 2204; x_wconf 82' lang='lat' dir='ltr'>perfecta,</span> <span class='ocrx_word' id='word_1_190' title='bbox 1061 2138 1196 2194; x_wconf 87' lang='lat' dir='ltr'>invocatio</span> <span class='ocrx_word' id='word_1_191' title='bbox 1206 2139 1323 2206; x_wconf 84' lang='lat' dir='ltr'>Spiritus</span> <span class='ocrx_word' id='word_1_192' title='bbox 1331 2141 1514 2208; x_wconf 84' lang='lat' dir='ltr'>sanctiiieret‚</span> 
     </span>
     <span class='ocr_line' id='line_1_20' title="bbox 304 2221 1514 2296; baseline 0.007 -23"><span class='ocrx_word' id='word_1_193' title='bbox 304 2221 407 2276; x_wconf 90' lang='lat' dir='ltr'>minum</span> <span class='ocrx_word' id='word_1_194' title='bbox 418 2223 455 2278; x_wconf 90' lang='lat' dir='ltr'>ita</span> <span class='ocrx_word' id='word_1_195' title='bbox 470 2223 568 2280; x_wconf 88' lang='lat' dir='ltr'>iecisse</span> <span class='ocrx_word' id='word_1_196' title='bbox 578 2225 713 2292; x_wconf 79' lang='lat' dir='ltr'>credatur,</span> <span class='ocrx_word' id='word_1_197' title='bbox 732 2232 790 2281; x_wconf 89' lang='lat' dir='ltr'>tum</span> <span class='ocrx_word' id='word_1_198' title='bbox 808 2227 889 2282; x_wconf 89' lang='lat' dir='ltr'>eliam</span> <span class='ocrx_word' id='word_1_199' title='bbox 924 2226 954 2274; x_wconf 88' lang='lat' dir='ltr'>ut</span> <span class='ocrx_word' id='word_1_200' title='bbox 962 2223 1066 2278; x_wconf 81' lang='lat' dir='ltr'>tructus</span> <span class='ocrx_word' id='word_1_201' title='bbox 1079 2224 1161 2278; x_wconf 89' lang='lat' dir='ltr'>nohis</span> <span class='ocrx_word' id='word_1_202' title='bbox 1169 2237 1201 2278; x_wconf 89' lang='lat' dir='ltr'>ex</span> <span class='ocrx_word' id='word_1_203' title='bbox 1211 2238 1327 2293; x_wconf 89' lang='lat' dir='ltr'>corpore</span> <span class='ocrx_word' id='word_1_204' title='bbox 1341 2232 1369 2282; x_wconf 91' lang='lat' dir='ltr'>et</span> <span class='ocrx_word' id='word_1_205' title='bbox 1381 2228 1514 2296; x_wconf 82' lang='lat' dir='ltr'>sanguine</span> 
     </span>
     <span class='ocr_line' id='line_1_21' title="bbox 304 2307 1515 2380; baseline 0.009 -22"><span class='ocrx_word' id='word_1_206' title='bbox 304 2309 366 2374; x_wconf 85' lang='lat' dir='ltr'>quia</span> <span class='ocrx_word' id='word_1_207' title='bbox 388 2323 404 2364; x_wconf 80' lang='lat' dir='ltr'>e</span> <span class='ocrx_word' id='word_1_208' title='bbox 430 2311 515 2367; x_wconf 74' lang='lat' dir='ltr'>latere</span> <span class='ocrx_word' id='word_1_209' title='bbox 541 2313 599 2379; x_wconf 77' lang='lat' dir='ltr'>ejus</span> <span class='ocrx_word' id='word_1_210' title='bbox 623 2327 694 2380; x_wconf 77' lang='lat' dir='ltr'>aqua</span> <span class='ocrx_word' id='word_1_211' title='bbox 723 2313 804 2368; x_wconf 76' lang='lat' dir='ltr'>simul</span> <span class='ocrx_word' id='word_1_212' title='bbox 827 2328 889 2369; x_wconf 69' lang='lat' dir='ltr'>eum</span> <span class='ocrx_word' id='word_1_213' title='bbox 923 2307 1022 2361; x_wconf 88' lang='lat' dir='ltr'>Christi</span> <span class='ocrx_word' id='word_1_214' title='bbox 1041 2310 1205 2374; x_wconf 86' lang='lat' dir='ltr'>proueniret.</span> <span class='ocrx_word' id='word_1_215' title='bbox 1226 2311 1395 2368; x_wconf 71' lang='lat' dir='ltr'>&#39;catharino</span> <span class='ocrx_word' id='word_1_216' title='bbox 1411 2315 1515 2380; x_wconf 86' lang='lat' dir='ltr'>placuit</span> 
     </span>
     <span class='ocr_line' id='line_1_22' title="bbox 303 2386 1510 2464; baseline 0.007 -18"><span class='ocrx_word' id='word_1_217' title='bbox 303 2394 435 2462; x_wconf 84' lang='lat' dir='ltr'>sanguino</span> <span class='ocrx_word' id='word_1_218' title='bbox 472 2397 585 2461; x_wconf 89' lang='lat' dir='ltr'>exierit;</span> <span class='ocrx_word' id='word_1_219' title='bbox 619 2399 691 2464; x_wconf 86' lang='lat' dir='ltr'>quod</span> <span class='ocrx_word' id='word_1_220' title='bbox 731 2386 889 2454; x_wconf 75' lang='lat' dir='ltr'>sacramen·</span> <span class='ocrx_word' id='word_1_221' title='bbox 923 2393 1059 2446; x_wconf 82' lang='lat' dir='ltr'>sententia</span> <span class='ocrx_word' id='word_1_222' title='bbox 1076 2408 1159 2460; x_wconf 82' lang='lat' dir='ltr'>quam</span> <span class='ocrx_word' id='word_1_223' title='bbox 1183 2398 1360 2453; x_wconf 85' lang='lat' dir='ltr'>innocentius</span> <span class='ocrx_word' id='word_1_224' title='bbox 1381 2401 1427 2453; x_wconf 95' lang='lat' dir='ltr'>lll.</span> <span class='ocrx_word' id='word_1_225' title='bbox 1446 2406 1510 2456; x_wconf 91' lang='lat' dir='ltr'>ante</span> 
     </span>
     <span class='ocr_line' id='line_1_23' title="bbox 304 2477 1514 2549; baseline 0.01 -18"><span class='ocrx_word' id='word_1_226' title='bbox 304 2483 359 2532; x_wconf 89' lang='lat' dir='ltr'>tum</span> <span class='ocrx_word' id='word_1_227' title='bbox 386 2479 437 2534; x_wconf 88' lang='lat' dir='ltr'>hac</span> <span class='ocrx_word' id='word_1_228' title='bbox 460 2482 591 2538; x_wconf 87' lang='lat' dir='ltr'>mixtione</span> <span class='ocrx_word' id='word_1_229' title='bbox 611 2484 756 2549; x_wconf 88' lang='lat' dir='ltr'>recolitur,</span> <span class='ocrx_word' id='word_1_230' title='bbox 780 2489 807 2538; x_wconf 87' lang='lat' dir='ltr'>et</span> <span class='ocrx_word' id='word_1_231' title='bbox 826 2499 889 2539; x_wconf 90' lang='lat' dir='ltr'>cum</span> <span class='ocrx_word' id='word_1_232' title='bbox 923 2477 1112 2542; x_wconf 67' lang='lat' dir='ltr'>pontificatum</span> <span class='ocrx_word' id='word_1_233' title='bbox 1136 2480 1217 2542; x_wconf 72' lang='lat' dir='ltr'>follit</span> <span class='ocrx_word' id='word_1_234' title='bbox 1235 2481 1394 2537; x_wconf 71' lang='lat' dir='ltr'>‘Christum</span> <span class='ocrx_word' id='word_1_235' title='bbox 1414 2487 1514 2540; x_wconf 80' lang='lat' dir='ltr'>volun-</span> 
     </span>
     <span class='ocr_line' id='line_1_24' title="bbox 302 2566 1515 2636; baseline 0.016 -20"><span class='ocrx_word' id='word_1_236' title='bbox 302 2576 381 2630; x_wconf 83' lang='lat' dir='ltr'>aquae</span> <span class='ocrx_word' id='word_1_237' title='bbox 402 2566 430 2618; x_wconf 91' lang='lat' dir='ltr'>in</span> <span class='ocrx_word' id='word_1_238' title='bbox 449 2567 608 2634; x_wconf 77' lang='lat' dir='ltr'>Apocalypsi</span> <span class='ocrx_word' id='word_1_239' title='bbox 624 2569 697 2622; x_wconf 83' lang='lat' dir='ltr'>hecti</span> <span class='ocrx_word' id='word_1_240' title='bbox 715 2570 828 2624; x_wconf 86' lang='lat' dir='ltr'>loannis</span> <span class='ocrx_word' id='word_1_241' title='bbox 842 2583 890 2636; x_wconf 93' lang='lat' dir='ltr'>po·</span> <span class='ocrx_word' id='word_1_242' title='bbox 923 2567 979 2616; x_wconf 66' lang='lat' dir='ltr'>iaie</span> <span class='ocrx_word' id='word_1_243' title='bbox 991 2574 1170 2617; x_wconf 62' lang='grc' dir='ltr'>θθΰῦθῦΐθὸθθ</span> <span class='ocrx_word' id='word_1_244' title='bbox 1181 2578 1279 2630; x_wconf 61' lang='lat' dir='ltr'>linem</span> <span class='ocrx_word' id='word_1_245' title='bbox 1290 2569 1433 2633; x_wconf 83' lang='lat' dir='ltr'>etvinum,</span> <span class='ocrx_word' id='word_1_246' title='bbox 1451 2584 1515 2625; x_wconf 76' lang='lat' dir='ltr'><strong>ver·</strong></span> 
     </span>
     <span class='ocr_line' id='line_1_25' title="bbox 302 2647 1513 2720; baseline 0.007 -21"><span class='ocrx_word' id='word_1_247' title='bbox 302 2649 360 2714; x_wconf 91' lang='lat' dir='ltr'>puli</span> <span class='ocrx_word' id='word_1_248' title='bbox 384 2649 526 2715; x_wconf 82' lang='lat' dir='ltr'>dicantur,</span> <span class='ocrx_word' id='word_1_249' title='bbox 556 2651 642 2717; x_wconf 80' lang='lat' dir='ltr'>ipsius</span> <span class='ocrx_word' id='word_1_250' title='bbox 673 2653 767 2720; x_wconf 83' lang='lat' dir='ltr'>populi</span> <span class='ocrx_word' id='word_1_251' title='bbox 802 2655 891 2708; x_wconf 77' lang='lat' dir='ltr'>fidelis</span> <span class='ocrx_word' id='word_1_252' title='bbox 924 2647 969 2700; x_wconf 85' lang='lat' dir='ltr'>his</span> <span class='ocrx_word' id='word_1_253' title='bbox 979 2647 1109 2713; x_wconf 82' lang='lat' dir='ltr'>deinceps</span> <span class='ocrx_word' id='word_1_254' title='bbox 1118 2649 1249 2702; x_wconf 88' lang='lat' dir='ltr'>certiores</span> <span class='ocrx_word' id='word_1_255' title='bbox 1261 2650 1358 2706; x_wconf 84' lang='lat' dir='ltr'>iecisse</span> <span class='ocrx_word' id='word_1_256' title='bbox 1370 2655 1513 2719; x_wconf 72' lang='lat' dir='ltr'>,apostolos</span> 
     </span>
     <span class='ocr_line' id='line_1_26' title="bbox 301 2734 1513 2806; baseline 0.009 -20"><span class='ocrx_word' id='word_1_257' title='bbox 301 2747 365 2787; x_wconf 91' lang='lat' dir='ltr'>cum</span> <span class='ocrx_word' id='word_1_258' title='bbox 387 2734 475 2801; x_wconf 86' lang='lat' dir='ltr'>capite</span> <span class='ocrx_word' id='word_1_259' title='bbox 495 2735 602 2795; x_wconf 84' lang='lat' dir='ltr'>Christo</span> <span class='ocrx_word' id='word_1_260' title='bbox 625 2738 690 2793; x_wconf 84' lang='lat' dir='ltr'>unio</span> <span class='ocrx_word' id='word_1_261' title='bbox 718 2745 892 2806; x_wconf 62' lang='lat' dir='ltr'>repraesenta.</span> <span class='ocrx_word' id='word_1_262' title='bbox 925 2746 956 2788; x_wconf 88' lang='lat' dir='ltr'>se</span> <span class='ocrx_word' id='word_1_263' title='bbox 975 2745 1077 2800; x_wconf 89' lang='lat' dir='ltr'>corpus</span> <span class='ocrx_word' id='word_1_264' title='bbox 1095 2735 1386 2804; x_wconf 82' lang='lat' dir='ltr'>etsanguinemsuum</span> <span class='ocrx_word' id='word_1_265' title='bbox 1404 2739 1513 2797; x_wconf 86' lang='lat' dir='ltr'>iisuere</span> 
     </span>
     <span class='ocr_line' id='line_1_27' title="bbox 305 2820 1514 2889; baseline 0.012 -23"><span class='ocrx_word' id='word_1_266' title='bbox 305 2826 360 2873; x_wconf 73' lang='lat' dir='ltr'>cur.</span> <span class='ocrx_word' id='word_1_267' title='bbox 382 2841 394 2867; x_wconf 68' lang='lat' dir='ltr'>a</span> <span class='ocrx_word' id='word_1_268' title='bbox 410 2820 421 2855; x_wconf 79' lang='lat'>³</span> <span class='ocrx_word' id='word_1_269' title='bbox 924 2820 991 2876; x_wconf 85' lang='lat' dir='ltr'>dare</span> <span class='ocrx_word' id='word_1_270' title='bbox 1006 2821 1074 2875; x_wconf 86' lang='lat' dir='ltr'>:sed</span> <span class='ocrx_word' id='word_1_271' title='bbox 1083 2822 1214 2889; x_wconf 80' lang='lat' dir='ltr'>Theologi</span> <span class='ocrx_word' id='word_1_272' title='bbox 1228 2824 1411 2879; x_wconf 86' lang='lat' dir='ltr'>communiter</span> <span class='ocrx_word' id='word_1_273' title='bbox 1419 2832 1514 2881; x_wconf 86' lang='lat' dir='ltr'>tenent</span> 
     </span>
     <span class='ocr_line' id='line_1_28' title="bbox 334 2907 1514 2979; baseline 0.015 -18"><span class='ocrx_word' id='word_1_274' title='bbox 334 2909 393 2961; x_wconf 78' lang='lat' dir='ltr'>ool.</span> <span class='ocrx_word' id='word_1_275' title='bbox 411 2908 511 2963; x_wconf 84' lang='lat' dir='ltr'>Forma</span> <span class='ocrx_word' id='word_1_276' title='bbox 527 2911 703 2968; x_wconf 68' lang='lat' dir='ltr'>Eucharistiae</span> <span class='ocrx_word' id='word_1_277' title='bbox 714 2918 821 2969; x_wconf 88' lang='lat' dir='ltr'>constat</span> <span class='ocrx_word' id='word_1_278' title='bbox 834 2928 891 2969; x_wconf 84' lang='lat' dir='ltr'>uer·</span> <span class='ocrx_word' id='word_1_279' title='bbox 923 2907 989 2974; x_wconf 67' lang='lat' dir='ltr'>ll&gt;sis</span> <span class='ocrx_word' id='word_1_280' title='bbox 1006 2908 1107 2974; x_wconf 76' lang='lat' dir='ltr'>(luibus</span> <span class='ocrx_word' id='word_1_281' title='bbox 1130 2922 1204 2963; x_wconf 72' lang='lat' dir='ltr'><strong>⁰⁰¹¹ss</strong></span> <span class='ocrx_word' id='word_1_282' title='bbox 1218 2910 1358 2979; x_wconf 57' lang='lat' dir='ltr'>deligitur</span> <span class='ocrx_word' id='word_1_283' title='bbox 1371 2925 1514 2969; x_wconf 70' lang='lat' dir='ltr'>0⁰⁰⁵00ffl·</span> 
     </span>
     <span class='ocr_line' id='line_1_29' title="bbox 302 2993 1514 3067; baseline 0.007 -21"><span class='ocrx_word' id='word_1_284' title='bbox 302 2993 344 3047; x_wconf 85' lang='lat' dir='ltr'>lris</span> <span class='ocrx_word' id='word_1_285' title='bbox 360 2994 505 3048; x_wconf 88' lang='lat' dir='ltr'>dominicis</span> <span class='ocrx_word' id='word_1_286' title='bbox 527 2997 625 3062; x_wconf 85' lang='lat' dir='ltr'>quihus</span> <span class='ocrx_word' id='word_1_287' title='bbox 655 3000 807 3054; x_wconf 86' lang='lat' dir='ltr'>conficitur.</span> <span class='ocrx_word' id='word_1_288' title='bbox 836 3004 889 3055; x_wconf 83' lang='lat' dir='ltr'>lla·</span> <span class='ocrx_word' id='word_1_289' title='bbox 922 2994 960 3047; x_wconf 73' lang='lat' dir='ltr'>lio</span> <span class='ocrx_word' id='word_1_290' title='bbox 972 2994 1081 3059; x_wconf 73' lang='lat' dir='ltr'>verbis,</span> <span class='ocrx_word' id='word_1_291' title='bbox 1101 3008 1114 3049; x_wconf 75' lang='lat'>²</span> <span class='ocrx_word' id='word_1_292' title='bbox 1136 2996 1243 3051; x_wconf 82' lang='lat' dir='ltr'>Christo</span> <span class='ocrx_word' id='word_1_293' title='bbox 1255 3004 1393 3063; x_wconf 85' lang='lat' dir='ltr'>peractam</span> <span class='ocrx_word' id='word_1_294' title='bbox 1407 3014 1415 3051; x_wconf 78' lang='grc' dir='ltr'><em>τ</em></span> <span class='ocrx_word' id='word_1_295' title='bbox 1430 3002 1514 3067; x_wconf 81' lang='lat' dir='ltr'>iussit</span> 
     </span>
     <span class='ocr_line' id='line_1_30' title="bbox 302 3079 1508 3148; baseline 0.015 -17"><span class='ocrx_word' id='word_1_296' title='bbox 302 3079 1508 3148; x_wconf 54' lang='lat' dir='ltr'>mfflmwmmmmmfflmwwmc</span> 
     </span>
     <span class='ocr_line' id='line_1_31' title="bbox 302 3166 1159 3234; baseline 0.011 -18"><span class='ocrx_word' id='word_1_297' title='bbox 302 3170 393 3219; x_wconf 83' lang='lat' dir='ltr'>rentes</span> <span class='ocrx_word' id='word_1_298' title='bbox 407 3166 546 3231; x_wconf 81' lang='lat' dir='ltr'>redarguit</span> <span class='ocrx_word' id='word_1_299' title='bbox 560 3168 744 3234; x_wconf 77' lang='lat' dir='ltr'>augustinus:</span> <span class='ocrx_word' id='word_1_300' title='bbox 762 3189 774 3219; x_wconf 87' lang='lat'>«</span> <span class='ocrx_word' id='word_1_301' title='bbox 792 3174 890 3225; x_wconf 83' lang='lat' dir='ltr'>noster</span> <span class='ocrx_word' id='word_1_302' title='bbox 921 3171 984 3217; x_wconf 81' lang='lat' dir='ltr'>rant</span> <span class='ocrx_word' id='word_1_303' title='bbox 1006 3166 1159 3218; x_wconf 82' lang='lat' dir='ltr'>facientem.</span> 
     </span>
     <span class='ocr_line' id='line_1_32' title="bbox 301 3250 1510 3319; baseline 0.002 -16"><span class='ocrx_word' id='word_1_304' title='bbox 301 3251 380 3315; x_wconf 87' lang='lat' dir='ltr'>panis</span> <span class='ocrx_word' id='word_1_305' title='bbox 407 3256 435 3305; x_wconf 86' lang='lat' dir='ltr'>ot</span> <span class='ocrx_word' id='word_1_306' title='bbox 459 3251 542 3311; x_wconf 88' lang='lat' dir='ltr'>calix,</span> <span class='ocrx_word' id='word_1_307' title='bbox 571 3264 627 3305; x_wconf 89' lang='lat' dir='ltr'>nou</span> <span class='ocrx_word' id='word_1_308' title='bbox 652 3253 766 3318; x_wconf 85' lang='lat' dir='ltr'>quilibet</span> <span class='ocrx_word' id='word_1_309' title='bbox 791 3255 889 3319; x_wconf 83' lang='lat' dir='ltr'>(quasi</span> <span class='ocrx_word' id='word_1_310' title='bbox 955 3252 1014 3301; x_wconf 69' lang='grc'>598.</span> <span class='ocrx_word' id='word_1_311' title='bbox 1027 3252 1057 3301; x_wconf 89' lang='lat' dir='ltr'>ln</span> <span class='ocrx_word' id='word_1_312' title='bbox 1070 3250 1182 3305; x_wconf 81' lang='lat' dir='ltr'>decreto</span> <span class='ocrx_word' id='word_1_313' title='bbox 1197 3264 1246 3316; x_wconf 94' lang='lat' dir='ltr'>pro</span> <span class='ocrx_word' id='word_1_314' title='bbox 1257 3254 1382 3306; x_wconf 79' lang='lat' dir='ltr'>Armenis</span> <span class='ocrx_word' id='word_1_315' title='bbox 1394 3255 1510 3307; x_wconf 87' lang='lat' dir='ltr'>dicitur:</span> 
     </span>
     <span class='ocr_line' id='line_1_33' title="bbox 300 3335 1510 3402; baseline 0.004 -16"><span class='ocrx_word' id='word_1_316' title='bbox 300 3340 413 3401; x_wconf 83' lang='lat' dir='ltr'>propter</span> <span class='ocrx_word' id='word_1_317' title='bbox 430 3335 567 3389; x_wconf 83' lang='lat' dir='ltr'>Christum</span> <span class='ocrx_word' id='word_1_318' title='bbox 592 3336 620 3387; x_wconf 90' lang='lat' dir='ltr'>in</span> <span class='ocrx_word' id='word_1_319' title='bbox 645 3336 728 3402; x_wconf 89' lang='lat' dir='ltr'>spicis</span> <span class='ocrx_word' id='word_1_320' title='bbox 745 3342 773 3390; x_wconf 88' lang='lat' dir='ltr'>et</span> <span class='ocrx_word' id='word_1_321' title='bbox 792 3336 820 3390; x_wconf 91' lang='lat' dir='ltr'>irr</span> <span class='ocrx_word' id='word_1_322' title='bbox 837 3350 891 3391; x_wconf 88' lang='lat' dir='ltr'>sar·</span> <span class='ocrx_word' id='word_1_323' title='bbox 926 3352 938 3380; x_wconf 70' lang='lat' dir='ltr'>c</span> <span class='ocrx_word' id='word_1_324' title='bbox 957 3336 1054 3386; x_wconf 79' lang='lat' dir='ltr'>Forma</span> <span class='ocrx_word' id='word_1_325' title='bbox 1067 3335 1147 3398; x_wconf 80' lang='lat' dir='ltr'>huius</span> <span class='ocrx_word' id='word_1_326' title='bbox 1163 3338 1329 3389; x_wconf 87' lang='lat' dir='ltr'>sacramenti</span> <span class='ocrx_word' id='word_1_327' title='bbox 1350 3344 1414 3391; x_wconf 88' lang='lat' dir='ltr'>sunt</span> <span class='ocrx_word' id='word_1_328' title='bbox 1428 3339 1510 3393; x_wconf 81' lang='lat' dir='ltr'>rerba</span> 
     </span>
     <span class='ocr_line' id='line_1_34' title="bbox 300 3418 1514 3488; baseline 0.003 -15"><span class='ocrx_word' id='word_1_329' title='bbox 300 3421 402 3475; x_wconf 89' lang='lat' dir='ltr'>mentis</span> <span class='ocrx_word' id='word_1_330' title='bbox 418 3421 547 3487; x_wconf 80' lang='lat' dir='ltr'>ligatum,</span> <span class='ocrx_word' id='word_1_331' title='bbox 568 3420 639 3474; x_wconf 88' lang='lat' dir='ltr'>sicut</span> <span class='ocrx_word' id='word_1_332' title='bbox 658 3421 697 3474; x_wconf 93' lang='lat' dir='ltr'>illi</span> <span class='ocrx_word' id='word_1_333' title='bbox 722 3421 888 3488; x_wconf 81' lang='lat' dir='ltr'>desipiunt),</span> <span class='ocrx_word' id='word_1_334' title='bbox 923 3418 1088 3484; x_wconf 71' lang='lat' dir='ltr'>salvatoris,</span> <span class='ocrx_word' id='word_1_335' title='bbox 1105 3420 1206 3486; x_wconf 75' lang='lat' dir='ltr'>duilius</span> <span class='ocrx_word' id='word_1_336' title='bbox 1221 3422 1274 3475; x_wconf 88' lang='lat' dir='ltr'>hoo</span> <span class='ocrx_word' id='word_1_337' title='bbox 1289 3422 1400 3476; x_wconf 87' lang='lat' dir='ltr'>conficit</span> <span class='ocrx_word' id='word_1_338' title='bbox 1420 3424 1514 3477; x_wconf 88' lang='lat' dir='ltr'>Sacra·</span> 
     </span>
     <span class='ocr_line' id='line_1_35' title="bbox 299 3492 1513 3577; baseline 0.007 -18"><span class='ocrx_word' id='word_1_339' title='bbox 299 3506 349 3561; x_wconf 89' lang='lat' dir='ltr'>sed</span> <span class='ocrx_word' id='word_1_340' title='bbox 375 3492 448 3559; x_wconf 82' lang='lat' dir='ltr'>certa</span> <span class='ocrx_word' id='word_1_341' title='bbox 473 3507 678 3563; x_wconf 87' lang='lat' dir='ltr'>consecratione</span> <span class='ocrx_word' id='word_1_342' title='bbox 708 3510 841 3577; x_wconf 87' lang='lat' dir='ltr'>mysticus</span> <span class='ocrx_word' id='word_1_343' title='bbox 862 3511 891 3565; x_wconf 81' lang='lat' dir='ltr'>lli</span> <span class='ocrx_word' id='word_1_344' title='bbox 923 3508 1064 3567; x_wconf 66' lang='lat' dir='ltr'>ineolumi</span> <span class='ocrx_word' id='word_1_345' title='bbox 1085 3506 1214 3559; x_wconf 68' lang='lat' dir='ltr'>sacerdos</span> <span class='ocrx_word' id='word_1_346' title='bbox 1235 3506 1309 3559; x_wconf 76' lang='lat' dir='ltr'>enim</span> <span class='ocrx_word' id='word_1_347' title='bbox 1335 3506 1364 3560; x_wconf 79' lang='lat' dir='ltr'>in</span> <span class='ocrx_word' id='word_1_348' title='bbox 1394 3521 1513 3575; x_wconf 79' lang='lat' dir='ltr'>persona</span> 
     </span>
     <span class='ocr_line' id='line_1_36' title="bbox 299 3590 1513 3663; baseline 0.01 -17"><span class='ocrx_word' id='word_1_349' title='bbox 299 3590 397 3655; x_wconf 88' lang='lat' dir='ltr'>nohis,</span> <span class='ocrx_word' id='word_1_350' title='bbox 411 3603 466 3645; x_wconf 89' lang='lat' dir='ltr'>non</span> <span class='ocrx_word' id='word_1_351' title='bbox 478 3592 608 3647; x_wconf 88' lang='lat' dir='ltr'>nascitur.</span> <span class='ocrx_word' id='word_1_352' title='bbox 622 3595 737 3650; x_wconf 83' lang='lat' dir='ltr'>Proinde</span> <span class='ocrx_word' id='word_1_353' title='bbox 748 3597 823 3663; x_wconf 84' lang='lat' dir='ltr'>quod</span> <span class='ocrx_word' id='word_1_354' title='bbox 833 3610 888 3652; x_wconf 87' lang='lat' dir='ltr'>non</span> <span class='ocrx_word' id='word_1_355' title='bbox 922 3590 1021 3643; x_wconf 64' lang='lat' dir='ltr'>Christi</span> <span class='ocrx_word' id='word_1_356' title='bbox 1032 3592 1147 3657; x_wconf 63' lang='lat' dir='ltr'>¹diluens</span> <span class='ocrx_word' id='word_1_357' title='bbox 1159 3592 1213 3645; x_wconf 72' lang='lat'>¹¹⁰0</span> <span class='ocrx_word' id='word_1_358' title='bbox 1230 3592 1340 3646; x_wconf 74' lang='lat' dir='ltr'>⁰0¹1fl⁰it</span> <span class='ocrx_word' id='word_1_359' title='bbox 1352 3595 1513 3649; x_wconf 62' lang='lat' dir='ltr'>Sacramen-</span> 
     </span>
     <span class='ocr_line' id='line_1_37' title="bbox 301 3676 1513 3751; baseline 0.005 -22"><span class='ocrx_word' id='word_1_360' title='bbox 301 3678 337 3731; x_wconf 87' lang='lat' dir='ltr'>ita</span> <span class='ocrx_word' id='word_1_361' title='bbox 364 3676 411 3742; x_wconf 80' lang='lat' dir='ltr'>lit,</span> <span class='ocrx_word' id='word_1_362' title='bbox 432 3678 556 3744; x_wconf 84' lang='lat' dir='ltr'>quamvis</span> <span class='ocrx_word' id='word_1_363' title='bbox 580 3680 615 3733; x_wconf 90' lang='lat' dir='ltr'>sit</span> <span class='ocrx_word' id='word_1_364' title='bbox 639 3682 717 3747; x_wconf 89' lang='lat' dir='ltr'>panis</span> <span class='ocrx_word' id='word_1_365' title='bbox 742 3688 770 3737; x_wconf 86' lang='lat' dir='ltr'>el</span> <span class='ocrx_word' id='word_1_366' title='bbox 796 3684 887 3751; x_wconf 84' lang='lat' dir='ltr'>calix,</span> <span class='ocrx_word' id='word_1_367' title='bbox 921 3682 989 3731; x_wconf 89' lang='lat' dir='ltr'>tum.</span> <span class='ocrx_word' id='word_1_368' title='bbox 1007 3678 1078 3730; x_wconf 86' lang='lat' dir='ltr'>Nam</span> <span class='ocrx_word' id='word_1_369' title='bbox 1091 3676 1219 3743; x_wconf 86' lang='lat' dir='ltr'>ipsorum</span> <span class='ocrx_word' id='word_1_370' title='bbox 1243 3679 1390 3733; x_wconf 81' lang='lat' dir='ltr'>remorum</span> <span class='ocrx_word' id='word_1_371' title='bbox 1411 3682 1513 3735; x_wconf 85' lang='lat' dir='ltr'>virtute</span> 
     </span>
     <span class='ocr_line' id='line_1_38' title="bbox 300 3763 1513 3832; baseline 0.002 -14"><span class='ocrx_word' id='word_1_372' title='bbox 300 3763 460 3818; x_wconf 83' lang='lat' dir='ltr'>alimentum</span> <span class='ocrx_word' id='word_1_373' title='bbox 478 3771 520 3817; x_wconf 91' lang='lat' dir='ltr'>est</span> <span class='ocrx_word' id='word_1_374' title='bbox 533 3765 703 3831; x_wconf 87' lang='lat' dir='ltr'>relectionis,</span> <span class='ocrx_word' id='word_1_375' title='bbox 717 3780 771 3822; x_wconf 87' lang='lat' dir='ltr'>non</span> <span class='ocrx_word' id='word_1_376' title='bbox 795 3770 888 3823; x_wconf 85' lang='lat' dir='ltr'>Sacra·</span> <span class='ocrx_word' id='word_1_377' title='bbox 921 3764 1074 3819; x_wconf 83' lang='lat' dir='ltr'>substantia</span> <span class='ocrx_word' id='word_1_378' title='bbox 1094 3764 1174 3830; x_wconf 88' lang='lat' dir='ltr'>panis</span> <span class='ocrx_word' id='word_1_379' title='bbox 1189 3764 1216 3817; x_wconf 90' lang='lat' dir='ltr'>in</span> <span class='ocrx_word' id='word_1_380' title='bbox 1237 3776 1337 3832; x_wconf 86' lang='lat' dir='ltr'>corpus</span> <span class='ocrx_word' id='word_1_381' title='bbox 1357 3766 1472 3830; x_wconf 84' lang='lat' dir='ltr'>Christi,</span> <span class='ocrx_word' id='word_1_382' title='bbox 1484 3773 1513 3821; x_wconf 82' lang='lat' dir='ltr'>et</span> 
     </span>
     <span class='ocr_line' id='line_1_39' title="bbox 302 3837 1511 3918; baseline 0.001 -18"><span class='ocrx_word' id='word_1_383' title='bbox 302 3856 425 3903; x_wconf 87' lang='lat' dir='ltr'>monium</span> <span class='ocrx_word' id='word_1_384' title='bbox 453 3837 602 3918; x_wconf 67' lang='lat' dir='ltr'>religionis.</span> <span class='ocrx_word' id='word_1_385' title='bbox 645 3892 651 3905; x_wconf 93' lang='lat'>.</span> <span class='ocrx_word' id='word_1_386' title='bbox 697 3891 704 3905; x_wconf 90' lang='lat'>.</span> <span class='ocrx_word' id='word_1_387' title='bbox 754 3892 760 3905; x_wconf 92' lang='lat'><em>.</em></span> <span class='ocrx_word' id='word_1_388' title='bbox 807 3856 888 3909; x_wconf 86' lang='lat' dir='ltr'>Vobis</span> <span class='ocrx_word' id='word_1_389' title='bbox 921 3849 1074 3903; x_wconf 84' lang='lat' dir='ltr'>substantia</span> <span class='ocrx_word' id='word_1_390' title='bbox 1093 3848 1148 3903; x_wconf 86' lang='lat' dir='ltr'>uini</span> <span class='ocrx_word' id='word_1_391' title='bbox 1167 3848 1195 3900; x_wconf 91' lang='lat' dir='ltr'>iu</span> <span class='ocrx_word' id='word_1_392' title='bbox 1212 3850 1373 3916; x_wconf 78' lang='lat' dir='ltr'>sanguinem</span> <span class='ocrx_word' id='word_1_393' title='bbox 1396 3862 1511 3904; x_wconf 85' lang='lat' dir='ltr'>conver·</span> 
     </span>
     <span class='ocr_line' id='line_1_40' title="bbox 302 3934 1510 4000; baseline 0.001 -14"><span class='ocrx_word' id='word_1_394' title='bbox 302 3940 392 3987; x_wconf 90' lang='lat' dir='ltr'>autem</span> <span class='ocrx_word' id='word_1_395' title='bbox 415 3948 464 4000; x_wconf 91' lang='lat' dir='ltr'>per</span> <span class='ocrx_word' id='word_1_396' title='bbox 488 3936 607 3989; x_wconf 88' lang='lat' dir='ltr'>fabulam</span> <span class='ocrx_word' id='word_1_397' title='bbox 627 3942 744 3996; x_wconf 85' lang='lat' dir='ltr'>vestram</span> <span class='ocrx_word' id='word_1_398' title='bbox 767 3938 795 3990; x_wconf 89' lang='lat' dir='ltr'>in</span> <span class='ocrx_word' id='word_1_399' title='bbox 818 3940 889 3993; x_wconf 89' lang='lat' dir='ltr'>escis</span> <span class='ocrx_word' id='word_1_400' title='bbox 922 3940 1053 3987; x_wconf 80' lang='lat' dir='ltr'>tumtur.»</span> <span class='ocrx_word' id='word_1_401' title='bbox 1074 3934 1113 3986; x_wconf 88' lang='lat' dir='ltr'>lta</span> <span class='ocrx_word' id='word_1_402' title='bbox 1132 3940 1262 4000; x_wconf 87' lang='lat' dir='ltr'>perpetua</span> <span class='ocrx_word' id='word_1_403' title='bbox 1275 3934 1369 3987; x_wconf 90' lang='lat' dir='ltr'>docuit</span> <span class='ocrx_word' id='word_1_404' title='bbox 1388 3948 1440 3988; x_wconf 90' lang='lat' dir='ltr'>nos</span> <span class='ocrx_word' id='word_1_405' title='bbox 1461 3937 1510 3988; x_wconf 85' lang='lat' dir='ltr'>Ec·</span> 
     </span>
     <span class='ocr_line' id='line_1_41' title="bbox 303 4018 1150 4091; baseline 0.002 -16"><span class='ocrx_word' id='word_1_406' title='bbox 303 4021 431 4075; x_wconf 87' lang='lat' dir='ltr'>omnihus</span> <span class='ocrx_word' id='word_1_407' title='bbox 455 4023 578 4075; x_wconf 85' lang='lat' dir='ltr'>Christus</span> <span class='ocrx_word' id='word_1_408' title='bbox 599 4023 698 4091; x_wconf 78' lang='lat' dir='ltr'>ligatus</span> <span class='ocrx_word' id='word_1_409' title='bbox 721 4025 887 4091; x_wconf 87' lang='lat' dir='ltr'>apponitur,</span> <span class='ocrx_word' id='word_1_410' title='bbox 923 4019 1015 4072; x_wconf 84' lang='lat' dir='ltr'>clesiae</span> <span class='ocrx_word' id='word_1_411' title='bbox 1032 4018 1150 4078; x_wconf 79' lang='lat' dir='ltr'>iraditio.</span> 
     </span>
     <span class='ocr_line' id='line_1_42' title="bbox 302 4103 1511 4176; baseline 0.003 -18"><span class='ocrx_word' id='word_1_412' title='bbox 302 4107 391 4161; x_wconf 90' lang='lat' dir='ltr'>adhuc</span> <span class='ocrx_word' id='word_1_413' title='bbox 408 4106 536 4175; x_wconf 82' lang='lat' dir='ltr'>ligandus</span> <span class='ocrx_word' id='word_1_414' title='bbox 548 4108 645 4163; x_wconf 88' lang='lat' dir='ltr'>vestris</span> <span class='ocrx_word' id='word_1_415' title='bbox 659 4109 826 4176; x_wconf 84' lang='lat' dir='ltr'>visceribus,</span> <span class='ocrx_word' id='word_1_416' title='bbox 838 4112 889 4165; x_wconf 87' lang='lat' dir='ltr'>sol·</span> <span class='ocrx_word' id='word_1_417' title='bbox 955 4106 1014 4157; x_wconf 77' lang='lat'><strong>596·</strong></span> <span class='ocrx_word' id='word_1_418' title='bbox 1027 4106 1055 4156; x_wconf 89' lang='lat' dir='ltr'>S·</span> <span class='ocrx_word' id='word_1_419' title='bbox 1067 4106 1185 4157; x_wconf 79' lang='lat' dir='ltr'>lrenaeus</span> <span class='ocrx_word' id='word_1_420' title='bbox 1199 4104 1264 4158; x_wconf 79' lang='lat' dir='ltr'>dicit</span> <span class='ocrx_word' id='word_1_421' title='bbox 1277 4120 1284 4155; x_wconf 76' lang='lat' dir='ltr'>t</span> <span class='ocrx_word' id='word_1_422' title='bbox 1299 4124 1311 4152; x_wconf 64' lang='grc' dir='ltr'><strong><em>α</em></strong></span> <span class='ocrx_word' id='word_1_423' title='bbox 1324 4103 1437 4167; x_wconf 76' lang='lat' dir='ltr'>Quando</span> <span class='ocrx_word' id='word_1_424' title='bbox 1445 4117 1511 4172; x_wconf 73' lang='lat' dir='ltr'>ergo</span> 
     </span>
     <span class='ocr_line' id='line_1_43' title="bbox 302 4187 1511 4258; baseline -0.002 -14"><span class='ocrx_word' id='word_1_425' title='bbox 302 4192 462 4258; x_wconf 82' lang='lat' dir='ltr'>vendusque</span> <span class='ocrx_word' id='word_1_426' title='bbox 491 4192 653 4247; x_wconf 84' lang='lat' dir='ltr'>ructatibus.</span> <span class='ocrx_word' id='word_1_427' title='bbox 682 4196 747 4247; x_wconf 86' lang='lat' dir='ltr'>Nam</span> <span class='ocrx_word' id='word_1_428' title='bbox 779 4200 888 4248; x_wconf 89' lang='lat' dir='ltr'>etcum</span> <span class='ocrx_word' id='word_1_429' title='bbox 923 4194 951 4243; x_wconf 86' lang='lat' dir='ltr'>el</span> <span class='ocrx_word' id='word_1_430' title='bbox 964 4188 1064 4241; x_wconf 88' lang='lat' dir='ltr'>mixtus</span> <span class='ocrx_word' id='word_1_431' title='bbox 1084 4189 1172 4253; x_wconf 88' lang='lat' dir='ltr'>calix,</span> <span class='ocrx_word' id='word_1_432' title='bbox 1192 4194 1219 4241; x_wconf 94' lang='lat' dir='ltr'>et</span> <span class='ocrx_word' id='word_1_433' title='bbox 1238 4190 1340 4241; x_wconf 83' lang='lat' dir='ltr'>inactus</span> <span class='ocrx_word' id='word_1_434' title='bbox 1354 4187 1433 4253; x_wconf 88' lang='lat' dir='ltr'>panis</span> <span class='ocrx_word' id='word_1_435' title='bbox 1452 4202 1511 4255; x_wconf 88' lang='lat' dir='ltr'>per-</span> 
     </span>
     <span class='ocr_line' id='line_1_44' title="bbox 302 4273 1511 4343; baseline 0 -15"><span class='ocrx_word' id='word_1_436' title='bbox 302 4277 492 4343; x_wconf 85' lang='lat' dir='ltr'>manducatis,</span> <span class='ocrx_word' id='word_1_437' title='bbox 515 4277 562 4333; x_wconf 86' lang='lat' dir='ltr'>ltei</span> <span class='ocrx_word' id='word_1_438' title='bbox 575 4278 658 4334; x_wconf 89' lang='lat' dir='ltr'>vestri</span> <span class='ocrx_word' id='word_1_439' title='bbox 671 4278 824 4335; x_wconf 87' lang='lat' dir='ltr'>delectione</span> <span class='ocrx_word' id='word_1_440' title='bbox 839 4292 889 4337; x_wconf 86' lang='lat' dir='ltr'>uos</span> <span class='ocrx_word' id='word_1_441' title='bbox 923 4276 989 4343; x_wconf 88' lang='lat' dir='ltr'>cipit</span> <span class='ocrx_word' id='word_1_442' title='bbox 997 4274 1121 4330; x_wconf 76' lang='lat' dir='ltr'>herbum</span> <span class='ocrx_word' id='word_1_443' title='bbox 1131 4274 1194 4340; x_wconf 84' lang='lat' dir='ltr'>hei,</span> <span class='ocrx_word' id='word_1_444' title='bbox 1214 4276 1242 4327; x_wconf 89' lang='lat' dir='ltr'>dt</span> <span class='ocrx_word' id='word_1_445' title='bbox 1259 4273 1428 4328; x_wconf 80' lang='lat' dir='ltr'>Eucharistia</span> <span class='ocrx_word' id='word_1_446' title='bbox 1448 4288 1511 4331; x_wconf 91' lang='lat' dir='ltr'>san-</span> 
     </span>
    </p>
   </div>
   <div class='ocr_carea' id='block_1_7' title="bbox 299 4558 1443 4827">
    <p class='ocr_par' dir='ltr' id='par_1_7' title="bbox 321 4558 1443 4619">
     <span class='ocr_line' id='line_1_45' title="bbox 321 4558 1443 4619; baseline -0.002 -16"><span class='ocrx_word' id='word_1_447' title='bbox 321 4562 351 4613; x_wconf 86' lang='lat' dir='ltr'>ll)</span> <span class='ocrx_word' id='word_1_448' title='bbox 366 4560 451 4604; x_wconf 82' lang='lat' dir='ltr'>comm.</span> <span class='ocrx_word' id='word_1_449' title='bbox 465 4564 486 4605; x_wconf 91' lang='lat' dir='ltr'>in</span> <span class='ocrx_word' id='word_1_450' title='bbox 496 4576 515 4605; x_wconf 86' lang='lat' dir='ltr'>c.</span> <span class='ocrx_word' id='word_1_451' title='bbox 528 4562 569 4606; x_wconf 80' lang='lat' dir='ltr'>xit.</span> <span class='ocrx_word' id='word_1_452' title='bbox 584 4564 657 4607; x_wconf 77' lang='lat' dir='ltr'>ilorci.</span> <span class='ocrx_word' id='word_1_453' title='bbox 948 4566 976 4619; x_wconf 73' lang='lat' dir='ltr'>ln)</span> <span class='ocrx_word' id='word_1_454' title='bbox 989 4560 1251 4606; x_wconf 60' lang='lat' dir='ltr'>humectationem</span> <span class='ocrx_word' id='word_1_455' title='bbox 1264 4558 1357 4603; x_wconf 79' lang='lat' dir='ltr'>ilchich.</span> <span class='ocrx_word' id='word_1_456' title='bbox 1370 4572 1390 4603; x_wconf 85' lang='lat' dir='ltr'>e.</span> <span class='ocrx_word' id='word_1_457' title='bbox 1399 4560 1443 4603; x_wconf 82' lang='lat' dir='ltr'>xiii.</span> 
     </span>
    </p>

    <p class='ocr_par' dir='ltr' id='par_1_8' title="bbox 324 4630 1266 4689">
     <span class='ocr_line' id='line_1_46' title="bbox 324 4630 1266 4689; baseline 0.002 -18"><span class='ocrx_word' id='word_1_458' title='bbox 324 4630 353 4683; x_wconf 76' lang='lat' dir='ltr'>it)</span> <span class='ocrx_word' id='word_1_459' title='bbox 361 4630 413 4673; x_wconf 78' lang='lat' dir='ltr'>Can.</span> <span class='ocrx_word' id='word_1_460' title='bbox 420 4632 475 4674; x_wconf 85' lang='lat' dir='ltr'>uir.</span> <span class='ocrx_word' id='word_1_461' title='bbox 484 4634 510 4685; x_wconf 71' lang='lat' dir='ltr'>(a)</span> <span class='ocrx_word' id='word_1_462' title='bbox 522 4634 545 4673; x_wconf 93' lang='lat' dir='ltr'>ln</span> <span class='ocrx_word' id='word_1_463' title='bbox 555 4634 627 4675; x_wconf 82' lang='lat' dir='ltr'>Matth.</span> <span class='ocrx_word' id='word_1_464' title='bbox 641 4636 695 4677; x_wconf 83' lang='lat' dir='ltr'>xxvi.</span> <span class='ocrx_word' id='word_1_465' title='bbox 705 4640 736 4676; x_wconf 73' lang='lat' dir='ltr'>it.</span> <span class='ocrx_word' id='word_1_466' title='bbox 947 4636 974 4689; x_wconf 81' lang='lat' dir='ltr'>(a)</span> <span class='ocrx_word' id='word_1_467' title='bbox 988 4634 1042 4676; x_wconf 82' lang='lat' dir='ltr'>inst.</span> <span class='ocrx_word' id='word_1_468' title='bbox 1051 4633 1066 4673; x_wconf 94' lang='lat' dir='ltr'>l.</span> <span class='ocrx_word' id='word_1_469' title='bbox 1076 4632 1104 4673; x_wconf 82' lang='lat' dir='ltr'>it.</span> <span class='ocrx_word' id='word_1_470' title='bbox 1112 4643 1131 4672; x_wconf 85' lang='lat' dir='ltr'>c.</span> <span class='ocrx_word' id='word_1_471' title='bbox 1142 4632 1193 4673; x_wconf 81' lang='lat' dir='ltr'>xvii.</span> <span class='ocrx_word' id='word_1_472' title='bbox 1203 4644 1225 4672; x_wconf 92' lang='lat' dir='ltr'>n.</span> <span class='ocrx_word' id='word_1_473' title='bbox 1234 4636 1266 4673; x_wconf 74' lang='lat' dir='ltr'>ot.</span> 
     </span>
    </p>

    <p class='ocr_par' dir='ltr' id='par_1_9' title="bbox 299 4698 1312 4827">
     <span class='ocr_line' id='line_1_47' title="bbox 326 4698 1312 4759; baseline 0.006 -21"><span class='ocrx_word' id='word_1_474' title='bbox 326 4698 354 4750; x_wconf 74' lang='lat' dir='ltr'>lt)</span> <span class='ocrx_word' id='word_1_475' title='bbox 370 4712 381 4739; x_wconf 73' lang='lat' dir='ltr'>a</span> <span class='ocrx_word' id='word_1_476' title='bbox 396 4700 450 4742; x_wconf 78' lang='lat' dir='ltr'>Thai</span> <span class='ocrx_word' id='word_1_477' title='bbox 461 4701 498 4742; x_wconf 82' lang='lat' dir='ltr'>the</span> <span class='ocrx_word' id='word_1_478' title='bbox 510 4703 565 4744; x_wconf 80' lang='lat' dir='ltr'>nine</span> <span class='ocrx_word' id='word_1_479' title='bbox 578 4714 621 4745; x_wconf 78' lang='lat' dir='ltr'>was</span> <span class='ocrx_word' id='word_1_480' title='bbox 635 4704 704 4746; x_wconf 80' lang='lat' dir='ltr'>mixed</span> <span class='ocrx_word' id='word_1_481' title='bbox 714 4704 765 4750; x_wconf 77' lang='lat' dir='ltr'>with</span> <span class='ocrx_word' id='word_1_482' title='bbox 775 4709 847 4758; x_wconf 76' lang='lat' dir='ltr'>water,</span> <span class='ocrx_word' id='word_1_483' title='bbox 858 4704 887 4747; x_wconf 80' lang='lat' dir='ltr'>nil</span> <span class='ocrx_word' id='word_1_484' title='bbox 947 4706 975 4759; x_wconf 80' lang='lat' dir='ltr'>(tl</span> <span class='ocrx_word' id='word_1_485' title='bbox 990 4710 1042 4745; x_wconf 78' lang='lat' dir='ltr'>acta</span> <span class='ocrx_word' id='word_1_486' title='bbox 1051 4702 1117 4751; x_wconf 81' lang='lat' dir='ltr'>conc.</span> <span class='ocrx_word' id='word_1_487' title='bbox 1127 4702 1185 4743; x_wconf 82' lang='lat' dir='ltr'>Flcr.</span> <span class='ocrx_word' id='word_1_488' title='bbox 1195 4704 1253 4745; x_wconf 78' lang='lat' dir='ltr'>Seu.</span> <span class='ocrx_word' id='word_1_489' title='bbox 1264 4714 1312 4744; x_wconf 82' lang='lat' dir='ltr'>xxv.</span> 
     </span>
     <span class='ocr_line' id='line_1_48' title="bbox 299 4770 1297 4827; baseline 0.005 -19"><span class='ocrx_word' id='word_1_490' title='bbox 299 4770 432 4822; x_wconf 74' lang='lat' dir='ltr'>areagreed.</span> <span class='ocrx_word' id='word_1_491' title='bbox 447 4770 677 4819; x_wconf 65' lang='lat' dir='ltr'>»lpudtthmxrhta</span> <span class='ocrx_word' id='word_1_492' title='bbox 952 4775 979 4827; x_wconf 77' lang='lat' dir='ltr'>te)</span> <span class='ocrx_word' id='word_1_493' title='bbox 997 4774 1013 4815; x_wconf 80' lang='lat' dir='ltr'>l.</span> <span class='ocrx_word' id='word_1_494' title='bbox 1031 4771 1297 4824; x_wconf 66' lang='lat' dir='ltr'>umdemgsterimllimae.</span> 
     </span>
    </p>
   </div>
   <div class='ocr_carea' id='block_1_8' title="bbox 0 0 1900 5550">
    <p class='ocr_par' dir='ltr' id='par_1_10' title="bbox 0 0 1900 5550">
     <span class='ocr_line' id='line_1_49' title="bbox 0 0 1900 5550; baseline 0 2"><span class='ocrx_word' id='word_1_495' title='bbox 0 0 1900 5550; x_wconf 95' lang='lat' dir='ltr'> </span> 
     </span>
    </p>
   </div>
  </div>
 </body>
</html>
