3792 5550
361 519 417 575 tou
698 526 803 583 raxer.
821 513 883 566 xux.
902 510 929 559 a.
947 508 966 555 r.
986 504 1025 552 un
1043 497 1260 550 nucuxuxsrrx.

365 637 491 701 iiaverit
516 658 545 705 pr
560 650 657 704 dixerat
676 646 708 697 de
723 649 805 706 pane:
819 652 831 676 a
846 632 898 679 lloc
915 626 955 675 est
989 618 1096 679 &poprie
1107 623 1135 661 rs
1146 613 1267 679 „repectu
1279 639 1313 647 -
1323 612 1347 662 si
1359 610 1418 675 ipse
1427 607 1572 701 voluisset.

367 744 380 769 ι
393 738 509 798 eorpus
521 750 636 797 meum„
647 732 706 796 quis
716 718 819 776 audebit
830 714 954 773 deinceps
986 701 1083 751 Aderat
1095 697 1197 758 ludas,
1212 704 1240 749 et
1257 708 1343 748 sacrae
1363 706 1468 746 mensae
1488 698 1573 759 para-

364 814 546 883 ³¹¹¹bigerel
563 827 591 871 et
610 830 668 870 cnm
681 814 735 876 ipsc
747 794 952 857 adseveraverit,
985 797 1048 847 ceps
1061 787 1128 834 erat.
1142 782 1176 827 »ὅ

365 902 395 948 01
416 900 523 955 mmm
536 920 545 955 :
560 922 575 950 α
590 904 637 953 ffic
652 906 692 949 esp
713 886 818 953 sangnis
832 891 923 937 meus,
938 894 948 919 o
1016 870 1058 918 84.
1078 870 1105 918 S.
1120 867 1287 933 Augustinus
1306 866 1430 918 scribens
1448 866 1476 916 in
1489 864 1575 918 verba

363 981 431 1043 quis
460 998 585 1049 unquam
611 974 784 1035 dubitaverit,
807 966 879 1019 aiens
896 972 949 1011 uon
984 965 1047 1018 11¹1ae
1069 954 1142 1049 ¹¹1]-
1168 955 1233 1018 Reii·
1258 952 1312 1003 lli·
1331 954 1372 1003 ¹5·
1393 957 1475 1015 lii⁰¹¹i
1498 951 1574 1047 apud

360 1076 429 1116 esse
447 1068 512 1131 ejus
528 1058 749 1135 sanguinem„
983 1042 1160 1104 Septuaginta
1185 1039 1366 1091 trabeatum
1388 1037 1529 1089 ferebatur
1546 1052 1574 1088 ru

399 1148 444 1198 8³.
468 1154 497 1201 S.
524 1156 644 1207 loannes
667 1144 865 1209 chrysostomus
891 1129 947 1181 ait:
984 1126 1111 1179 manibus
1124 1126 1182 1178 suis
1199 1142 1205 1175 :
1221 1146 1233 1170 a
1253 1127 1310 1177 ait:
1330 1126 1411 1176 ‹lioc
1425 1136 1507 1184 vero,
1521 1123 1574 1174 ira·

368 1252 379 1277 x
395 1233 452 1285 lieo
473 1236 560 1302 igitur
579 1237 676 1300 ubique
691 1229 884 1287 obsequamur,
899 1227 949 1267 nee
983 1218 1056 1275 tres,
1067 1212 1206 1277 quomodo
1224 1216 1321 1277 posset
1332 1210 1390 1262 lieri
1403 1208 1429 1261 in
1443 1209 1572 1266 bomine,

362 1320 596 1375 contradicamus
614 1321 652 1380 ei,
666 1308 765 1367 etiamsi
782 1304 809 1355 id
822 1301 893 1367 quod
907 1302 949 1352 di·
983 1298 1046 1363 quis
1065 1296 1217 1363 intelligat?
1229 1295 1295 1358 Quis
1311 1295 1383 1347 onim
1402 1298 1528 1359 portatur
1545 1293 1573 1344 in

368 1404 419 1465 eit,
432 1408 537 1460 rationi
551 1416 578 1460 pp
590 1393 763 1463 irrrelligentiae
776 1394 875 1439 nostrae
884 1398 949 1439 con-
983 1383 1110 1435 manibus
1122 1383 1197 1434 suis?
1214 1382 1339 1435 nautibus
1353 1380 1470 1432 aliorum
1483 1383 1574 1443 potest

368 1490 484 1545 erarium
502 1495 623 1545 videatur
636 1504 642 1537 :
664 1482 710 1535 sed
726 1475 867 1543 praevaleat
890 1474 949 1538 ejus
982 1469 1084 1533 portari
1095 1469 1178 1521 bomo
1188 1482 1195 1529 ;
1206 1468 1333 1519 manibus
1344 1466 1402 1519 suis
1414 1476 1497 1517 nemo
1508 1476 1575 1529 por·

372 1588 460 1631 sermo
480 1577 578 1629 rationi
597 1579 622 1624 et
640 1560 818 1627 intelligentiae
834 1562 946 1611 nostrae.
983 1559 1063 1605 tatur.
1090 1553 1232 1617 Quomodo
1261 1553 1429 1623 intelligatur
1454 1550 1483 1601 iu
1511 1551 1572 1616 ipso

373 1662 414 1716 Sic
432 1662 515 1712 etiam
531 1661 557 1711 in
577 1650 706 1721 mysteriis
726 1645 871 1708 iaciamus,
893 1657 947 1696 non
982 1640 1066 1693 liavid
1086 1639 1238 1692 secundum
1256 1639 1373 1691 litteram
1385 1650 1442 1689 uon
1467 1636 1573 1701 inveni-

371 1762 402 1805 pa
423 1747 512 1799 solnm
527 1758 586 1810 quoe
604 1740 653 1792 sub
669 1748 777 1787 sensum
797 1733 949 1786 oaduntre-
983 1741 1059 1788 mus3
1074 1727 1101 1779 iu
1114 1726 1221 1779 cbristo
1241 1731 1332 1778 antem
1346 1723 1510 1777 invenimus.
1527 1725 1574 1774 Fe·

374 1832 533 1901 spiniculos,
547 1827 592 1880 sed
613 1821 691 1875 verba
712 1818 770 1883 ejus
788 1818 947 1871 retinentes.
983 1814 1176 1867 vobatureuim
1189 1812 1313 1864 Christus
1325 1810 1353 1861 in
1366 1808 1494 1861 manibus
1503 1808 1571 1868 suis,

370 1919 488 1974 v'erbum
514 1913 608 1979 quippe
635 1905 692 1969 ejus
722 1901 813 1953 saliere
836 1902 948 1967 nequit,
983 1902 1095 1966 quando
1124 1899 1320 1953 commendans
1351 1897 1440 1961 ipsum
1466 1898 1572 1959 Corpus

373 1988 478 2064 seusus'
494 2010 555 2052 vero
580 1994 671 2043 noster
696 1986 773 2038 facile
803 1987 947 2053 decipitur.
983 2001 1081 2049 suum,
1095 1987 1150 2038 ait:
1171 2006 1183 2030 s
1195 1988 1251 2037 lloo
1264 1990 1306 2036 est
1318 1996 1418 2049 corpus
1431 1995 1535 2033 meum.
1558 2002 1570 2025 a»

375 2092 484 2146 verbum
496 2084 551 2148 ejus
567 2086 704 2137 uunquam
716 2072 831 2134 excidit;
851 2087 949 2125 sensns
983 2074 1097 2125 Ferebat
1110 2072 1183 2124 cuim
1195 2071 1261 2122 illud
1276 2070 1302 2121 in
1315 2068 1443 2120 manibus
1454 2066 1523 2119 suis.
1538 2066 1573 2113 »⁴

372 2188 434 2233 vero
451 2181 521 2239 saepe
541 2160 646 2214 fallitur.
674 2157 806 2219 Quoniam
822 2171 887 2210 vero
904 2158 949 2211 ille
983 2178 999 2207 «
1011 2159 1077 2223 Quia
1086 2171 1148 2209 cum
1159 2155 1363 2210 commendaret
1374 2154 1463 2221 ipsum
1472 2166 1572 2219 corpus

368 2260 452 2317 dixit:
466 2251 699 2309 «lloeestoorpus
710 2257 810 2305 meum,
821 2265 832 2289 n
847 2245 950 2297 obtem·
984 2257 1063 2297 suum
1078 2248 1104 2295 et
1124 2242 1289 2309 Sanguinem
1304 2254 1384 2293 suum
1395 2278 1403 2303 ,
1416 2240 1523 2305 accepit
1545 2240 1571 2289 iu

372 2352 506 2417 peremnis,
529 2330 687 2391 credamus,
711 2334 738 2381 et
762 2328 949 2394 spiritualibus
983 2344 1082 2383 manns
1102 2343 1167 2382 suas
1192 2329 1266 2395 qnod
1287 2333 1388 2381 norunt
1414 2326 1525 2386 fidelem
1547 2331 1573 2377 et

371 2427 452 2487 oeulis
475 2424 562 2487 ipsum
582 2414 769 2480 respiciamus.
785 2414 821 2461 >1²
841 2418 873 2466 lit
896 2416 949 2468 alio
983 2416 1043 2481 ipse
1064 2429 1094 2467 se
1119 2415 1246 2481 portabat
1266 2411 1489 2479 quodammodo,
1510 2424 1573 2461 eum

367 2521 446 2569 loco:
463 2528 474 2552 a
495 2506 554 2555 Erat
576 2499 641 2552 olim
665 2501 767 2551 Pascba
785 2500 947 2565 Iudaicum,
984 2502 1086 2554 diceret
1101 2516 1108 2551 ι
1125 2520 1136 2546 a
1151 2503 1207 2552 iioo
1219 2506 1261 2552 est
1273 2512 1373 2565 corpus
1390 2510 1493 2549 meum.
1505 2496 1540 2542 »ὅ

369 2598 413 2654 secl
427 2603 496 2645 nuno
514 2586 632 2637 solutum
647 2590 698 2646 est,
717 2585 881 2651 advertitque
895 2586 949 2651 spi·
1016 2590 1058 2639 85.
1079 2587 1152 2639 Licet
1174 2588 1223 2639 bas
1244 2589 1353 2638 Petrum
1376 2582 1573 2649 explicationes

371 2678 463 2737 rituale
492 2670 611 2730 Pascha,
643 2669 716 2734 quod
743 2676 806 2721 tunc
838 2670 949 2721 tradidit
983 2672 1113 2724 Ecclesiae
1129 2672 1245 2738 Syriacae
1261 2667 1570 2734 antiquissimisoousti·

363 2763 491 2820 cbristus.
506 2754 560 2806 lllis
581 2754 653 2805 euim
669 2754 898 2807 manducantibus
918 2769 949 2809 ao
983 2757 1155 2821 audaeibus,
1172 2770 1241 2821 utras
1254 2754 1347 2807 laudat
1360 2753 1514 2815 Wiseman‚
1528 2752 1574 2804 fir-

362 2844 537 2906 bibentibus,
561 2839 664 2904 inquit,
687 2839 824 2904 accipiens
849 2855 947 2906 panem
983 2855 1073 2907 mare,
1096 2842 1238 2895 Arabicam
1256 2840 1342 2891 citans
1357 2837 1516 2889 versionem
1536 2837 1574 2888 la-

363 2931 438 2998 iregit
457 2934 484 2978 et
503 2924 591 2976 dixit:
608 2925 663 2976 Hoc
676 2929 715 2976 est
728 2938 824 2990 corpus
837 2940 947 2991 metrae,
982 2933 1054 2981 etam
1073 2939 1145 2980 anno
1164 2925 1268 2990 liegirae
1282 2924 1349 2974 386:
1365 2942 1377 2966 u
1395 2921 1473 2973 liedit
1487 2922 1573 2982 illud,

355 3011 567 3086 ,quodprovobr's
578 3010 948 3076 (rnaplturlnremissioeem
981 3015 1082 3067 scilicet
1102 3023 1213 3076 corpus,
1233 3007 1439 3074 [benedicantur
1460 3008 1575 3060 nonnius

359 3105 535 3172 peecatorum.
548 3096 642 3148 Sciunt
654 3099 682 3158 ii,
696 3099 743 3163 qni
759 3098 857 3150 initiati
868 3107 946 3164 sunt,
982 3099 1063 3160 illius)
1075 3097 1102 3148 in
1115 3094 1305 3147 remissionem
1321 3097 1512 3158 peecatorum,
1524 3107 1574 3146 neo

357 3189 403 3241 illa
421 3195 482 3248 quae
504 3182 640 3234 dicuntur.
658 3185 689 3233 ut
705 3197 801 3235 rursus
815 3185 946 3248 calicem,
982 3183 1104 3250 proiecto
1129 3182 1213 3247 ligura
1241 3180 1268 3230 iu
1290 3191 1342 3239 eo;
1369 3178 1463 3242 utique
1485 3179 1573 3240 dixit,

359 3271 452 3324 dicens
466 3285 472 3319 :
492 3269 544 3321 llio
555 3272 593 3320 est
604 3268 717 3333 scirpula
729 3283 823 3332 meus,
838 3272 886 3336 orei
899 3285 946 3336 pro
982 3271 1038 3322 lloo
1059 3270 1115 3332 (eal)
1130 3280 1227 3332 corpus
1239 3278 1347 3325 saeuas,
1368 3270 1396 3316 et
1408 3277 1464 3316 non
1486 3265 1554 3316 dixit
1565 3303 1576 3327 ‚A

357 3355 451 3407 alatilia
463 3353 651 3419 emendatoria
660 3355 845 3406 reueissiouem
857 3370 947 3419 pecen-
982 3357 1047 3408 Hoeo
1056 3354 1146 3421 fipuro
1156 3355 1277 3420 corpoms
1291 3353 1353 3405 mei.
1369 3351 1404 3396 »⁶

358 3445 456 3491 torulo.
470 3439 568 3488 bderat
585 3438 600 3486 J
604 3437 671 3488 udas
684 3478 690 3498 ,
705 3439 762 3490 baec
775 3438 882 3490 cbristo
900 3441 943 3492 di·
1112 3439 1275 3505 objectiones
1287 3439 1441 3490 dilatentur.

358 3527 445 3576 ceute.
460 3523 516 3573 lloe
527 3526 568 3572 esi
580 3533 695 3584 empna,
706 3522 779 3586 quod
790 3522 946 3588 vendidisti,
1014 3529 1055 3578 86.
1077 3525 1136 3590 obj.
1151 3527 1173 3574 l.
1190 3543 1201 3569 α
1218 3522 1376 3576 Pronuntiat
1392 3521 1515 3574 caristus
1525 3535 1572 3586 pa-

359 3608 437 3670 luda,
452 3607 561 3672 triginta
572 3605 718 3670 argenteis,
730 3619 779 3670 pro
793 3620 847 3671 quo
859 3621 947 3673 nuper
981 3625 1044 3664 nem
1057 3624 1119 3662 esse
1131 3623 1333 3676 corpussuum:
1345 3609 1379 3661 de
1393 3611 1573 3660 sacramento

359 3696 436 3759 poeta
453 3691 627 3756 impudenter
640 3689 728 3740 inibas
740 3703 801 3741 eum
813 3691 945 3756 improbis
981 3696 1097 3748 babetur
1125 3708 1226 3748 sermo.
1253 3696 1340 3747 Faberi
1365 3707 1430 3747 vero
1455 3707 1573 3747 necesse

354 3777 510 3830 Pinarisaeis.
534 3778 553 3827 0
577 3774 675 3826 Cbristi
692 3775 903 3841 benignitatem!
926 3782 945 3831 0
981 3787 1040 3843 est,
1054 3783 1261 3834 Sacramentum
1283 3780 1383 3833 visibili
1403 3781 1485 3846 signo
1504 3791 1571 3832 cou-

346 3860 645 3915 ..audaedemerrtlamet
656 3860 800 3913 insaniam!
815 3863 862 3915 ille
872 3878 946 3916 nam·
971 3863 1068 3930 stare,
1082 3867 1126 3920 eui
1148 3881 1192 3919 rcs
1213 3867 1318 3932 signata
1343 3867 1488 3932 conjuncta
1512 3871 1569 3922 est.

352 3961 411 4012 auc
431 3948 556 4000 vendidit
580 3946 656 3997 illum
678 3949 787 4014 triginta
806 3949 944 4004 denariis:
981 3967 1043 4020 qnae
1062 3959 1104 4006 est
1127 3955 1186 4020 ejus
1201 3952 1310 4005 veritas.
1323 3970 1339 3998 n
1352 3954 1390 4004 lta
1403 3951 1572 4012 calvimst

354 4033 483 4086 cbristus
513 4047 579 4088 vero
609 4037 704 4098 postea
735 4047 790 4086 non
813 4037 947 4090 recursavit
983 4052 1065 4092 exeo
1085 4038 1159 4104 quod
1178 4038 1346 4090 Euelxaristia
1365 4039 1573 4089 Sacramentum

356 4119 432 4171 betae
445 4122 535 4186 ipsam
553 4120 715 4186 strepentem
731 4122 871 4174 uenditum
886 4137 947 4175 ven·
981 4125 1026 4186 sit,
1040 4137 1100 4176 eam
1118 4136 1173 4176 non
1185 4135 1246 4174 esse
1260 4126 1350 4189 ipsum
1364 4135 1464 4187 corpus
1477 4128 1575 4174 etsen-

351 4204 432 4255 xlenti
451 4206 555 4258 daroin
571 4205 760 4258 remissionem
773 4213 946 4270 peecatorum
981 4210 1091 4277 guinem
1110 4209 1246 4270 infereus,
1264 4208 1389 4273 quamvis
1409 4209 1468 4260 baec
1492 4208 1575 4274 siguo

353 4317 389 4331 ,-
404 4291 454 4340 αὐτὶ
470 4291 492 4340 ri
510 4301 571 4353 aeae
589 4295 612 4339 ri
630 4295 706 4359 rpaiu
724 4297 798 4346 loiron
816 4297 847 4344 sir
867 4297 945 4356 daero
980 4291 1574 4361 conjungidieat,virtuteseilieeteteilicacia.

386 4552 413 4605 (t)
424 4555 534 4596 Cateehesi
543 4554 590 4594 xxix.
1008 4557 1039 4609 (t)
1049 4556 1073 4596 lu
1082 4556 1117 4596 es.
1127 4554 1197 4596 xxxiii.
1206 4555 1275 4596 Serm.
1286 4559 1304 4596 Ι.
1315 4567 1337 4596 n.
1348 4560 1379 4596 ld.

384 4623 418 4673 dit)
430 4625 492 4665 llorn.
501 4623 570 4664 lxxxii.
580 4622 634 4664 alias
644 4623 721 4664 lxxxiii.
734 4623 756 4664 iu
767 4624 823 4664 blatt.
1010 4627 1038 4678 (5)
1049 4626 1080 4666 lb.
1088 4626 1157 4666 Serm.
1166 4625 1189 4665 ii.
1199 4637 1221 4664 n.
1228 4631 1248 4666 ἱ.
1265 4625 1291 4677 (bl
1305 4627 1367 4666 llorae
1381 4625 1475 4678 Syriaca
1484 4637 1507 4679 p.
1517 4632 1552 4667 aa.

389 4691 418 4744 is)
429 4693 524 4735 ilom.de
534 4692 687 4746 prodromos.
1010 4696 1038 4747 (η
1053 4695 1075 4735 ln
1084 4695 1153 4734 barm.
1162 4695 1242 4746 Erana.
1251 4707 1273 4748 p.
1283 4696 1305 4736 ii.
1315 4708 1335 4736 n.
1346 4701 1390 4737 ibt.
