<?xml version="1.0" encoding="UTF-8"?>
<!DOCTYPE html PUBLIC "-//W3C//DTD XHTML 1.0 Transitional//EN"
    "http://www.w3.org/TR/xhtml1/DTD/xhtml1-transitional.dtd">
<html xmlns="http://www.w3.org/1999/xhtml" xml:lang="en" lang="en">
 <head>
  <title>
</title>
<meta http-equiv="Content-Type" content="text/html;charset=utf-8" />
  <meta name='ocr-system' content='tesseract 3.04.00' />
  <meta name='ocr-capabilities' content='ocr_page ocr_carea ocr_par ocr_line ocrx_word'/>
</head>
<body>
  <div class='ocr_page' id='page_1' title='image "./theologiadogmat02kenrgoog_0188.png"; bbox 0 0 3792 5550; ppageno 0'>
   <div class='ocr_carea' id='block_1_1' title="bbox 339 547 1242 658">
    <p class='ocr_par' dir='ltr' id='par_1_1' title="bbox 339 547 1242 658">
     <span class='ocr_line' id='line_1_1' title="bbox 339 547 1242 658; baseline -0.019 -1"><span class='ocrx_word' id='word_1_1' title='bbox 339 604 388 658; x_wconf 78' lang='grc'><strong>111</strong></span> <span class='ocrx_word' id='word_1_2' title='bbox 672 591 786 644; x_wconf 70' lang='lat' dir='ltr'><strong>dunch.</strong></span> <span class='ocrx_word' id='word_1_3' title='bbox 803 547 871 642; x_wconf 72' lang='lat' dir='ltr'><strong>xiil.</strong></span> <span class='ocrx_word' id='word_1_4' title='bbox 890 590 919 641; x_wconf 80' lang='lat' dir='ltr'><strong>P.</strong></span> <span class='ocrx_word' id='word_1_5' title='bbox 932 591 954 641; x_wconf 90' lang='lat' dir='ltr'><strong>l.</strong></span> <span class='ocrx_word' id='word_1_6' title='bbox 967 589 1010 640; x_wconf 81' lang='grc'><strong>1111</strong></span> <span class='ocrx_word' id='word_1_7' title='bbox 1027 587 1242 641; x_wconf 80' lang='lat' dir='ltr'><strong>uocuhutsrih</strong></span> 
     </span>
    </p>
   </div>
   <div class='ocr_carea' id='block_1_2' title="bbox 274 707 1600 2750">
    <p class='ocr_par' dir='ltr' id='par_1_2' title="bbox 274 707 1600 2750">
     <span class='ocr_line' id='line_1_2' title="bbox 335 707 1555 795; baseline -0.016 -15"><span class='ocrx_word' id='word_1_8' title='bbox 335 725 425 795; x_wconf 83' lang='lat' dir='ltr'><strong>guinis</strong></span> <span class='ocrx_word' id='word_1_9' title='bbox 442 727 468 776; x_wconf 89' lang='lat' dir='ltr'><strong>et</strong></span> <span class='ocrx_word' id='word_1_10' title='bbox 485 715 607 784; x_wconf 90' lang='lat' dir='ltr'><strong>corporis</strong></span> <span class='ocrx_word' id='word_1_11' title='bbox 632 713 740 771; x_wconf 80' lang='lat' dir='ltr'>Christi.</span> <span class='ocrx_word' id='word_1_12' title='bbox 756 733 769 759; x_wconf 76' lang='grc' dir='ltr'>ι</span> <span class='ocrx_word' id='word_1_13' title='bbox 790 711 797 748; x_wconf 86' lang='lat'>¹</span> <span class='ocrx_word' id='word_1_14' title='bbox 818 715 844 764; x_wconf 87' lang='lat' dir='ltr'><strong>s.</strong></span> <span class='ocrx_word' id='word_1_15' title='bbox 861 713 925 765; x_wconf 87' lang='lat' dir='ltr'><strong>dre·</strong></span> <span class='ocrx_word' id='word_1_16' title='bbox 962 710 1136 778; x_wconf 67' lang='lat' dir='ltr'><strong>duplicanda,</strong></span> <span class='ocrx_word' id='word_1_17' title='bbox 1145 707 1299 762; x_wconf 83' lang='lat' dir='ltr'><strong>eruditione</strong></span> <span class='ocrx_word' id='word_1_18' title='bbox 1312 721 1389 762; x_wconf 89' lang='lat' dir='ltr'><strong>sacra</strong></span> <span class='ocrx_word' id='word_1_19' title='bbox 1400 709 1530 772; x_wconf 85' lang='lat' dir='ltr'><strong>celebris,</strong></span> <span class='ocrx_word' id='word_1_20' title='bbox 1544 709 1555 744; x_wconf 77' lang='lat'><em>⁵</em></span> 
     </span>
     <span class='ocr_line' id='line_1_3' title="bbox 336 795 1555 882; baseline -0.017 -15"><span class='ocrx_word' id='word_1_21' title='bbox 336 812 430 882; x_wconf 73' lang='lat' dir='ltr'><strong>gorius</strong></span> <span class='ocrx_word' id='word_1_22' title='bbox 450 806 632 860; x_wconf 78' lang='lat' dir='ltr'>Nazianzenus</span> <span class='ocrx_word' id='word_1_23' title='bbox 648 801 713 854; x_wconf 88' lang='lat' dir='ltr'><strong>dicit</strong></span> <span class='ocrx_word' id='word_1_24' title='bbox 737 815 770 851; x_wconf 75' lang='lat' dir='ltr'><strong>:a</strong></span> <span class='ocrx_word' id='word_1_25' title='bbox 784 801 857 852; x_wconf 91' lang='lat' dir='ltr'><strong>luter</strong></span> <span class='ocrx_word' id='word_1_26' title='bbox 872 811 926 852; x_wconf 90' lang='lat' dir='ltr'><strong>ser·</strong></span> <span class='ocrx_word' id='word_1_27' title='bbox 962 797 1009 864; x_wconf 85' lang='lat' dir='ltr'><strong>qui</strong></span> <span class='ocrx_word' id='word_1_28' title='bbox 1022 804 1112 850; x_wconf 90' lang='lat' dir='ltr'><strong>tamen</strong></span> <span class='ocrx_word' id='word_1_29' title='bbox 1128 797 1236 849; x_wconf 81' lang='lat' dir='ltr'><strong>ridetur</strong></span> <span class='ocrx_word' id='word_1_30' title='bbox 1253 795 1454 849; x_wconf 75' lang='lat' dir='ltr'><strong>invocationem</strong></span> <span class='ocrx_word' id='word_1_31' title='bbox 1467 795 1555 861; x_wconf 89' lang='lat' dir='ltr'><strong>spiri-</strong></span> 
     </span>
     <span class='ocr_line' id='line_1_4' title="bbox 335 881 1419 954; baseline -0.018 -1"><span class='ocrx_word' id='word_1_32' title='bbox 335 909 433 952; x_wconf 90' lang='lat' dir='ltr'><strong>mones</strong></span> <span class='ocrx_word' id='word_1_33' title='bbox 460 893 494 946; x_wconf 90' lang='lat' dir='ltr'><strong>de</strong></span> <span class='ocrx_word' id='word_1_34' title='bbox 519 901 619 953; x_wconf 89' lang='lat' dir='ltr'><strong>carue,</strong></span> <span class='ocrx_word' id='word_1_35' title='bbox 644 885 773 954; x_wconf 86' lang='lat' dir='ltr'><strong>praecipui</strong></span> <span class='ocrx_word' id='word_1_36' title='bbox 796 888 860 938; x_wconf 88' lang='lat' dir='ltr'><strong>sunt</strong></span> <span class='ocrx_word' id='word_1_37' title='bbox 886 882 926 936; x_wconf 93' lang='lat' dir='ltr'><strong>illi</strong></span> <span class='ocrx_word' id='word_1_38' title='bbox 962 889 1008 937; x_wconf 89' lang='lat' dir='ltr'><strong>tus</strong></span> <span class='ocrx_word' id='word_1_39' title='bbox 1024 881 1111 936; x_wconf 88' lang='lat' dir='ltr'><strong>saucii</strong></span> <span class='ocrx_word' id='word_1_40' title='bbox 1125 882 1159 935; x_wconf 89' lang='lat' dir='ltr'><strong>ed</strong></span> <span class='ocrx_word' id='word_1_41' title='bbox 1173 881 1288 934; x_wconf 88' lang='lat' dir='ltr'><strong>tormam</strong></span> <span class='ocrx_word' id='word_1_42' title='bbox 1309 881 1419 934; x_wconf 88' lang='lat' dir='ltr'><strong>reterre.</strong></span> 
     </span>
     <span class='ocr_line' id='line_1_5' title="bbox 337 975 924 1037; baseline -0.029 0"><span class='ocrx_word' id='word_1_43' title='bbox 337 981 435 1037; x_wconf 83' lang='lat' dir='ltr'><strong>christi</strong></span> <span class='ocrx_word' id='word_1_44' title='bbox 458 994 492 1030; x_wconf 78' lang='lat'><strong>2«</strong></span> <span class='ocrx_word' id='word_1_45' title='bbox 515 978 571 1028; x_wconf 90' lang='lat' dir='ltr'><strong>lloc</strong></span> <span class='ocrx_word' id='word_1_46' title='bbox 595 977 637 1026; x_wconf 90' lang='lat' dir='ltr'><strong>ost</strong></span> <span class='ocrx_word' id='word_1_47' title='bbox 662 984 762 1037; x_wconf 88' lang='lat' dir='ltr'><strong>corpus</strong></span> <span class='ocrx_word' id='word_1_48' title='bbox 781 975 924 1028; x_wconf 79' lang='lat' dir='ltr'><strong>meum:»</strong></span> 
     </span>
     <span class='ocr_line' id='line_1_6' title="bbox 339 1054 1348 1132; baseline -0.015 -12"><span class='ocrx_word' id='word_1_49' title='bbox 339 1068 448 1132; x_wconf 82' lang='lat' dir='ltr'><strong>illisque</strong></span> <span class='ocrx_word' id='word_1_50' title='bbox 471 1061 584 1129; x_wconf 89' lang='lat' dir='ltr'><strong>prolatis</strong></span> <span class='ocrx_word' id='word_1_51' title='bbox 605 1071 620 1110; x_wconf 89' lang='lat' dir='ltr'><strong>a</strong></span> <span class='ocrx_word' id='word_1_52' title='bbox 635 1057 792 1120; x_wconf 86' lang='lat' dir='ltr'><strong>sacerdote,</strong></span> <span class='ocrx_word' id='word_1_53' title='bbox 805 1055 853 1121; x_wconf 81' lang='lat' dir='ltr'><strong>qui</strong></span> <span class='ocrx_word' id='word_1_54' title='bbox 871 1065 927 1107; x_wconf 92' lang='lat' dir='ltr'><strong>non</strong></span> <span class='ocrx_word' id='word_1_55' title='bbox 1166 1054 1268 1126; x_wconf 74' lang='lat' dir='ltr'><strong>dilui</strong></span> <span class='ocrx_word' id='word_1_56' title='bbox 1285 1055 1348 1106; x_wconf 83' lang='lat' dir='ltr'><strong>xlv.</strong></span> 
     </span>
     <span class='ocr_line' id='line_1_7' title="bbox 337 1139 928 1208; baseline -0.02 -4"><span class='ocrx_word' id='word_1_57' title='bbox 337 1149 423 1204; x_wconf 89' lang='lat' dir='ltr'><strong>credit</strong></span> <span class='ocrx_word' id='word_1_58' title='bbox 439 1160 533 1201; x_wconf 88' lang='lat' dir='ltr'><strong>rerum</strong></span> <span class='ocrx_word' id='word_1_59' title='bbox 551 1157 612 1197; x_wconf 89' lang='lat' dir='ltr'><strong>esse</strong></span> <span class='ocrx_word' id='word_1_60' title='bbox 624 1154 724 1208; x_wconf 90' lang='lat' dir='ltr'><strong>corpus</strong></span> <span class='ocrx_word' id='word_1_61' title='bbox 738 1139 855 1203; x_wconf 75' lang='lat' dir='ltr'><strong>christi,</strong></span> <span class='ocrx_word' id='word_1_62' title='bbox 868 1140 928 1192; x_wconf 87' lang='lat' dir='ltr'><strong>sine</strong></span> 
     </span>
     <span class='ocr_line' id='line_1_8' title="bbox 339 1225 1517 1296; baseline -0.013 -7"><span class='ocrx_word' id='word_1_63' title='bbox 339 1235 424 1289; x_wconf 88' lang='lat' dir='ltr'><strong>dubio</strong></span> <span class='ocrx_word' id='word_1_64' title='bbox 443 1233 523 1285; x_wconf 88' lang='lat' dir='ltr'><strong>fldem</strong></span> <span class='ocrx_word' id='word_1_65' title='bbox 536 1232 659 1296; x_wconf 81' lang='lat' dir='ltr'><strong>derogat.</strong></span> <span class='ocrx_word' id='word_1_66' title='bbox 679 1247 692 1274; x_wconf 70' lang='lat' dir='ltr'><strong>a</strong></span> <span class='ocrx_word' id='word_1_67' title='bbox 711 1227 833 1280; x_wconf 70' lang='lat' dir='ltr'><strong>’hrictor</strong></span> <span class='ocrx_word' id='word_1_68' title='bbox 845 1225 928 1277; x_wconf 93' lang='lat' dir='ltr'><strong>iihro-</strong></span> <span class='ocrx_word' id='word_1_69' title='bbox 1009 1239 1041 1278; x_wconf 85' lang='lat' dir='ltr'><strong>ne</strong></span> <span class='ocrx_word' id='word_1_70' title='bbox 1057 1239 1214 1278; x_wconf 81' lang='lat' dir='ltr'><strong>couuomone</strong></span> <span class='ocrx_word' id='word_1_71' title='bbox 1231 1239 1276 1278; x_wconf 85' lang='lat' dir='ltr'><strong>sne</strong></span> <span class='ocrx_word' id='word_1_72' title='bbox 1292 1229 1407 1284; x_wconf 80' lang='lat' dir='ltr'><strong>nanneni</strong></span> <span class='ocrx_word' id='word_1_73' title='bbox 1424 1237 1517 1277; x_wconf 76' lang='lat' dir='ltr'><strong>snecta.</strong></span> 
     </span>
     <span class='ocr_line' id='line_1_9' title="bbox 338 1311 930 1378; baseline -0.024 -2"><span class='ocrx_word' id='word_1_74' title='bbox 338 1336 398 1376; x_wconf 88' lang='lat' dir='ltr'><strong>rum</strong></span> <span class='ocrx_word' id='word_1_75' title='bbox 417 1322 451 1374; x_wconf 89' lang='lat' dir='ltr'><strong>de</strong></span> <span class='ocrx_word' id='word_1_76' title='bbox 464 1316 660 1378; x_wconf 74' lang='lat' dir='ltr'><strong>sacramentis,</strong></span> <span class='ocrx_word' id='word_1_77' title='bbox 674 1313 819 1367; x_wconf 76' lang='lat' dir='ltr'><strong>Ambrosio</strong></span> <span class='ocrx_word' id='word_1_78' title='bbox 828 1311 930 1364; x_wconf 87' lang='lat' dir='ltr'><strong>adscri-</strong></span> 
     </span>
     <span class='ocr_line' id='line_1_10' title="bbox 339 1396 1554 1474; baseline -0.012 -13"><span class='ocrx_word' id='word_1_79' title='bbox 339 1413 458 1474; x_wconf 90' lang='lat' dir='ltr'><strong>ptorum,</strong></span> <span class='ocrx_word' id='word_1_80' title='bbox 477 1408 571 1470; x_wconf 77' lang='lat' dir='ltr'><strong>rogat:</strong></span> <span class='ocrx_word' id='word_1_81' title='bbox 589 1399 755 1465; x_wconf 77' lang='lat' dir='ltr'><strong>«Quomodo</strong></span> <span class='ocrx_word' id='word_1_82' title='bbox 769 1398 928 1465; x_wconf 70' lang='lat' dir='ltr'><strong>potestant</strong></span> <span class='ocrx_word' id='word_1_83' title='bbox 997 1399 1055 1450; x_wconf 81' lang='lat'>598.</span> <span class='ocrx_word' id='word_1_84' title='bbox 1069 1399 1147 1448; x_wconf 85' lang='lat' dir='ltr'><strong>huno</strong></span> <span class='ocrx_word' id='word_1_85' title='bbox 1159 1396 1267 1450; x_wconf 90' lang='lat' dir='ltr'><strong>circiter</strong></span> <span class='ocrx_word' id='word_1_86' title='bbox 1278 1397 1352 1458; x_wconf 73' lang='lat' dir='ltr'><strong>itit,</strong></span> <span class='ocrx_word' id='word_1_87' title='bbox 1367 1397 1464 1448; x_wconf 83' lang='lat' dir='ltr'><strong>Petrus</strong></span> <span class='ocrx_word' id='word_1_88' title='bbox 1475 1397 1554 1447; x_wconf 82' lang='lat' dir='ltr'><strong>ltres-</strong></span> 
     </span>
     <span class='ocr_line' id='line_1_11' title="bbox 339 1479 1554 1558; baseline -0.011 -13"><span class='ocrx_word' id='word_1_89' title='bbox 339 1492 418 1558; x_wconf 91' lang='lat' dir='ltr'><strong>panis</strong></span> <span class='ocrx_word' id='word_1_90' title='bbox 441 1494 503 1553; x_wconf 88' lang='lat' dir='ltr'><strong>est,</strong></span> <span class='ocrx_word' id='word_1_91' title='bbox 521 1500 583 1541; x_wconf 82' lang='lat' dir='ltr'><strong>esse</strong></span> <span class='ocrx_word' id='word_1_92' title='bbox 603 1499 703 1552; x_wconf 90' lang='lat' dir='ltr'><strong>corpus</strong></span> <span class='ocrx_word' id='word_1_93' title='bbox 727 1484 845 1538; x_wconf 86' lang='lat' dir='ltr'><strong>Christii</strong></span> <span class='ocrx_word' id='word_1_94' title='bbox 862 1485 930 1536; x_wconf 83' lang='lat' dir='ltr'><strong>con·</strong></span> <span class='ocrx_word' id='word_1_95' title='bbox 965 1482 1059 1535; x_wconf 90' lang='lat' dir='ltr'><strong>densis</strong></span> <span class='ocrx_word' id='word_1_96' title='bbox 1072 1488 1099 1535; x_wconf 92' lang='lat' dir='ltr'><strong>et</strong></span> <span class='ocrx_word' id='word_1_97' title='bbox 1118 1481 1287 1545; x_wconf 87' lang='lat' dir='ltr'><strong>tacohelius,</strong></span> <span class='ocrx_word' id='word_1_98' title='bbox 1305 1479 1554 1543; x_wconf 81' lang='lat' dir='ltr'><strong>ltisna,liohemiae</strong></span> 
     </span>
     <span class='ocr_line' id='line_1_12' title="bbox 340 1565 1555 1637; baseline -0.012 -7"><span class='ocrx_word' id='word_1_99' title='bbox 340 1575 502 1630; x_wconf 84' lang='lat' dir='ltr'><strong>secretione.</strong></span> <span class='ocrx_word' id='word_1_100' title='bbox 527 1571 701 1626; x_wconf 80' lang='lat' dir='ltr'><strong>consecratio</strong></span> <span class='ocrx_word' id='word_1_101' title='bbox 725 1570 806 1637; x_wconf 81' lang='lat' dir='ltr'><strong>igitur</strong></span> <span class='ocrx_word' id='word_1_102' title='bbox 830 1569 930 1635; x_wconf 85' lang='lat' dir='ltr'><strong>quibus</strong></span> <span class='ocrx_word' id='word_1_103' title='bbox 966 1568 1088 1634; x_wconf 94' lang='lat' dir='ltr'><strong>oppido,</strong></span> <span class='ocrx_word' id='word_1_104' title='bbox 1108 1567 1255 1630; x_wconf 91' lang='lat' dir='ltr'><strong>oriundus,</strong></span> <span class='ocrx_word' id='word_1_105' title='bbox 1277 1566 1405 1619; x_wconf 80' lang='lat' dir='ltr'><strong>Ecclesiae</strong></span> <span class='ocrx_word' id='word_1_106' title='bbox 1433 1565 1555 1631; x_wconf 86' lang='lat' dir='ltr'><strong>discipli·</strong></span> 
     </span>
     <span class='ocr_line' id='line_1_13' title="bbox 274 1652 1600 1724; baseline -0.006 -10"><span class='ocrx_word' id='word_1_107' title='bbox 274 1715 276 1720; x_wconf 82' lang='grc'>,</span> <span class='ocrx_word' id='word_1_108' title='bbox 339 1661 504 1721; x_wconf 77' lang='lat' dir='ltr'><strong>verbicest,</strong></span> <span class='ocrx_word' id='word_1_109' title='bbox 524 1662 552 1712; x_wconf 89' lang='lat' dir='ltr'><strong>et</strong></span> <span class='ocrx_word' id='word_1_110' title='bbox 569 1658 646 1724; x_wconf 84' lang='lat' dir='ltr'><strong>cujus</strong></span> <span class='ocrx_word' id='word_1_111' title='bbox 662 1656 861 1710; x_wconf 75' lang='lat' dir='ltr'><strong>sermonibus?</strong></span> <span class='ocrx_word' id='word_1_112' title='bbox 881 1656 932 1708; x_wconf 81' lang='lat' dir='ltr'><strong>ito-</strong></span> <span class='ocrx_word' id='word_1_113' title='bbox 966 1667 1110 1720; x_wconf 70' lang='lat' dir='ltr'><strong>namque</strong></span> <span class='ocrx_word' id='word_1_114' title='bbox 1128 1654 1179 1706; x_wconf 92' lang='lat' dir='ltr'><strong>suh</strong></span> <span class='ocrx_word' id='word_1_115' title='bbox 1191 1654 1283 1719; x_wconf 82' lang='lat' dir='ltr'><strong>specie</strong></span> <span class='ocrx_word' id='word_1_116' title='bbox 1298 1658 1403 1706; x_wconf 87' lang='lat' dir='ltr'><strong>tantum</strong></span> <span class='ocrx_word' id='word_1_117' title='bbox 1414 1655 1496 1718; x_wconf 88' lang='lat' dir='ltr'><strong>panis</strong></span> <span class='ocrx_word' id='word_1_118' title='bbox 1510 1652 1555 1705; x_wconf 89' lang='lat' dir='ltr'><strong>ad·</strong></span> <span class='ocrx_word' id='word_1_119' title='bbox 1597 1701 1600 1706; x_wconf 89' lang='lat'><em>.</em></span> 
     </span>
     <span class='ocr_line' id='line_1_14' title="bbox 341 1739 1554 1809; baseline -0.007 -10"><span class='ocrx_word' id='word_1_120' title='bbox 341 1746 408 1799; x_wconf 92' lang='lat' dir='ltr'><strong>mini</strong></span> <span class='ocrx_word' id='word_1_121' title='bbox 433 1747 507 1798; x_wconf 84' lang='lat' dir='ltr'><strong>iesu.</strong></span> <span class='ocrx_word' id='word_1_122' title='bbox 532 1747 598 1797; x_wconf 89' lang='lat' dir='ltr'><strong>Nam</strong></span> <span class='ocrx_word' id='word_1_123' title='bbox 625 1745 731 1809; x_wconf 85' lang='lat' dir='ltr'><strong>reliqua</strong></span> <span class='ocrx_word' id='word_1_124' title='bbox 753 1741 844 1794; x_wconf 88' lang='lat' dir='ltr'><strong>omnia</strong></span> <span class='ocrx_word' id='word_1_125' title='bbox 869 1753 931 1806; x_wconf 83' lang='lat' dir='ltr'><strong>quae</strong></span> <span class='ocrx_word' id='word_1_126' title='bbox 967 1739 1332 1803; x_wconf 80' lang='lat' dir='ltr'><strong>ministraturiiucharistia,</strong></span> <span class='ocrx_word' id='word_1_127' title='bbox 1350 1739 1554 1805; x_wconf 81' lang='lat' dir='ltr'><strong>impugnarunt,</strong></span> 
     </span>
     <span class='ocr_line' id='line_1_15' title="bbox 342 1823 1553 1894; baseline -0.007 -10"><span class='ocrx_word' id='word_1_128' title='bbox 342 1832 489 1894; x_wconf 88' lang='lat' dir='ltr'><strong>dicuntur,</strong></span> <span class='ocrx_word' id='word_1_129' title='bbox 512 1829 571 1881; x_wconf 89' lang='lat' dir='ltr'><strong>iaus</strong></span> <span class='ocrx_word' id='word_1_130' title='bbox 595 1829 651 1881; x_wconf 82' lang='lat' dir='ltr'><strong>lieo</strong></span> <span class='ocrx_word' id='word_1_131' title='bbox 685 1827 821 1889; x_wconf 63' lang='lat' dir='ltr'><strong>desertum</strong></span> <span class='ocrx_word' id='word_1_132' title='bbox 844 1826 931 1880; x_wconf 88' lang='lat' dir='ltr'><strong>oratio</strong></span> <span class='ocrx_word' id='word_1_133' title='bbox 969 1827 1100 1880; x_wconf 80' lang='lat' dir='ltr'><strong>Gotiettrti</strong></span> <span class='ocrx_word' id='word_1_134' title='bbox 1120 1826 1156 1879; x_wconf 95' lang='lat' dir='ltr'><strong>oh</strong></span> <span class='ocrx_word' id='word_1_135' title='bbox 1180 1825 1272 1879; x_wconf 88' lang='lat' dir='ltr'><strong>calicis</strong></span> <span class='ocrx_word' id='word_1_136' title='bbox 1292 1838 1373 1877; x_wconf 86' lang='lat' dir='ltr'><strong>usum</strong></span> <span class='ocrx_word' id='word_1_137' title='bbox 1387 1823 1553 1878; x_wconf 88' lang='lat' dir='ltr'><strong>vindicatum</strong></span> 
     </span>
     <span class='ocr_line' id='line_1_16' title="bbox 344 1907 1555 1983; baseline -0.007 -14"><span class='ocrx_word' id='word_1_138' title='bbox 344 1913 515 1983; x_wconf 87' lang='lat' dir='ltr'><strong>praemittitur</strong></span> <span class='ocrx_word' id='word_1_139' title='bbox 536 1925 585 1980; x_wconf 92' lang='lat' dir='ltr'><strong>pro</strong></span> <span class='ocrx_word' id='word_1_140' title='bbox 603 1915 715 1980; x_wconf 91' lang='lat' dir='ltr'><strong>populo,</strong></span> <span class='ocrx_word' id='word_1_141' title='bbox 728 1925 779 1979; x_wconf 92' lang='lat' dir='ltr'><strong>pro</strong></span> <span class='ocrx_word' id='word_1_142' title='bbox 798 1907 930 1980; x_wconf 80' lang='lat' dir='ltr'><strong>regibus,</strong></span> <span class='ocrx_word' id='word_1_143' title='bbox 968 1913 1126 1979; x_wconf 89' lang='lat' dir='ltr'><strong>nuncupati.</strong></span> <span class='ocrx_word' id='word_1_144' title='bbox 1137 1912 1271 1965; x_wconf 83' lang='lat' dir='ltr'><strong>hutherus</strong></span> <span class='ocrx_word' id='word_1_145' title='bbox 1289 1909 1437 1975; x_wconf 83' lang='lat' dir='ltr'><strong>aliquando</strong></span> <span class='ocrx_word' id='word_1_146' title='bbox 1453 1908 1555 1975; x_wconf 89' lang='lat' dir='ltr'><strong>proies-</strong></span> 
     </span>
     <span class='ocr_line' id='line_1_17' title="bbox 344 1995 1554 2066; baseline -0.007 -12"><span class='ocrx_word' id='word_1_147' title='bbox 344 2014 393 2066; x_wconf 94' lang='lat' dir='ltr'><strong>pro</strong></span> <span class='ocrx_word' id='word_1_148' title='bbox 407 1998 512 2054; x_wconf 82' lang='lat' dir='ltr'><strong>caeteris</strong></span> <span class='ocrx_word' id='word_1_149' title='bbox 528 1998 595 2052; x_wconf 86' lang='lat' dir='ltr'><strong>:uhi</strong></span> <span class='ocrx_word' id='word_1_150' title='bbox 611 1999 719 2053; x_wconf 84' lang='lat' dir='ltr'><strong>venitur</strong></span> <span class='ocrx_word' id='word_1_151' title='bbox 729 2004 760 2051; x_wconf 91' lang='lat' dir='ltr'><strong>ut</strong></span> <span class='ocrx_word' id='word_1_152' title='bbox 774 1997 933 2053; x_wconf 84' lang='lat' dir='ltr'><strong>conficiatur</strong></span> <span class='ocrx_word' id='word_1_153' title='bbox 968 2012 1016 2052; x_wconf 87' lang='lat' dir='ltr'><strong>sus</strong></span> <span class='ocrx_word' id='word_1_154' title='bbox 1030 2004 1073 2052; x_wconf 91' lang='lat' dir='ltr'><strong>est</strong></span> <span class='ocrx_word' id='word_1_155' title='bbox 1094 2010 1124 2050; x_wconf 93' lang='lat' dir='ltr'><strong>se</strong></span> <span class='ocrx_word' id='word_1_156' title='bbox 1136 1998 1209 2050; x_wconf 89' lang='lat' dir='ltr'><strong>nolle</strong></span> <span class='ocrx_word' id='word_1_157' title='bbox 1225 1995 1399 2061; x_wconf 80' lang='lat' dir='ltr'><strong>disciplinam</strong></span> <span class='ocrx_word' id='word_1_158' title='bbox 1416 1998 1554 2059; x_wconf 79' lang='lat' dir='ltr'><strong>receptam</strong></span> 
     </span>
     <span class='ocr_line' id='line_1_18' title="bbox 342 2079 1555 2151; baseline -0.007 -11"><span class='ocrx_word' id='word_1_159' title='bbox 342 2086 499 2140; x_wconf 88' lang='lat' dir='ltr'><strong>venerabile</strong></span> <span class='ocrx_word' id='word_1_160' title='bbox 513 2087 718 2138; x_wconf 86' lang='lat' dir='ltr'><strong>Sacramentum</strong></span> <span class='ocrx_word' id='word_1_161' title='bbox 726 2123 733 2149; x_wconf 92' lang='lat'><strong>,</strong></span> <span class='ocrx_word' id='word_1_162' title='bbox 741 2085 796 2151; x_wconf 80' lang='lat' dir='ltr'><strong>jam</strong></span> <span class='ocrx_word' id='word_1_163' title='bbox 807 2097 862 2138; x_wconf 92' lang='lat' dir='ltr'><strong>non</strong></span> <span class='ocrx_word' id='word_1_164' title='bbox 875 2083 932 2137; x_wconf 92' lang='lat' dir='ltr'><strong>suis</strong></span> <span class='ocrx_word' id='word_1_165' title='bbox 970 2087 1021 2138; x_wconf 90' lang='lat' dir='ltr'><strong>hac</strong></span> <span class='ocrx_word' id='word_1_166' title='bbox 1031 2084 1058 2136; x_wconf 92' lang='lat' dir='ltr'><strong>in</strong></span> <span class='ocrx_word' id='word_1_167' title='bbox 1071 2089 1229 2146; x_wconf 90' lang='lat' dir='ltr'><strong>remutare,</strong></span> <span class='ocrx_word' id='word_1_168' title='bbox 1241 2081 1295 2134; x_wconf 91' lang='lat' dir='ltr'><strong>uisi</strong></span> <span class='ocrx_word' id='word_1_169' title='bbox 1305 2094 1338 2134; x_wconf 81' lang='lat' dir='ltr'><strong>er</strong></span> <span class='ocrx_word' id='word_1_170' title='bbox 1350 2079 1462 2133; x_wconf 81' lang='lat' dir='ltr'><strong>concilii</strong></span> <span class='ocrx_word' id='word_1_171' title='bbox 1474 2090 1555 2145; x_wconf 81' lang='lat' dir='ltr'><strong>geue-</strong></span> 
     </span>
     <span class='ocr_line' id='line_1_19' title="bbox 345 2164 1555 2233; baseline -0.009 -8"><span class='ocrx_word' id='word_1_172' title='bbox 345 2171 519 2225; x_wconf 88' lang='lat' dir='ltr'><strong>sermonihus</strong></span> <span class='ocrx_word' id='word_1_173' title='bbox 536 2169 685 2233; x_wconf 81' lang='lat' dir='ltr'><strong>sacerdos,</strong></span> <span class='ocrx_word' id='word_1_174' title='bbox 703 2170 750 2222; x_wconf 90' lang='lat' dir='ltr'><strong>sed</strong></span> <span class='ocrx_word' id='word_1_175' title='bbox 773 2169 856 2223; x_wconf 90' lang='lat' dir='ltr'><strong>utitur</strong></span> <span class='ocrx_word' id='word_1_176' title='bbox 876 2182 933 2222; x_wconf 91' lang='lat' dir='ltr'><strong>ser·</strong></span> <span class='ocrx_word' id='word_1_177' title='bbox 969 2171 1034 2224; x_wconf 88' lang='lat' dir='ltr'><strong>ralis</strong></span> <span class='ocrx_word' id='word_1_178' title='bbox 1050 2169 1211 2224; x_wconf 90' lang='lat' dir='ltr'><strong>auctoritate</strong></span> <span class='ocrx_word' id='word_1_179' title='bbox 1222 2168 1253 2232; x_wconf 78' lang='lat'><strong>3⁶</strong></span> <span class='ocrx_word' id='word_1_180' title='bbox 1271 2167 1400 2233; x_wconf 88' lang='lat' dir='ltr'><strong>deinceps</strong></span> <span class='ocrx_word' id='word_1_181' title='bbox 1417 2164 1555 2219; x_wconf 87' lang='lat' dir='ltr'><strong>consuluit</strong></span> 
     </span>
     <span class='ocr_line' id='line_1_20' title="bbox 345 2251 1555 2322; baseline -0.005 -14"><span class='ocrx_word' id='word_1_182' title='bbox 345 2255 474 2310; x_wconf 87' lang='lat' dir='ltr'><strong>monibus</strong></span> <span class='ocrx_word' id='word_1_183' title='bbox 494 2255 602 2307; x_wconf 82' lang='lat' dir='ltr'><strong>Christi.</strong></span> <span class='ocrx_word' id='word_1_184' title='bbox 625 2256 695 2318; x_wconf 75' lang='lat' dir='ltr'><strong>Ergo</strong></span> <span class='ocrx_word' id='word_1_185' title='bbox 721 2267 811 2308; x_wconf 88' lang='lat' dir='ltr'><strong>sermo</strong></span> <span class='ocrx_word' id='word_1_186' title='bbox 834 2255 933 2308; x_wconf 80' lang='lat' dir='ltr'><strong>christi</strong></span> <span class='ocrx_word' id='word_1_187' title='bbox 969 2255 1110 2322; x_wconf 83' lang='lat' dir='ltr'><strong>Episcopis</strong></span> <span class='ocrx_word' id='word_1_188' title='bbox 1127 2258 1313 2319; x_wconf 77' lang='lat' dir='ltr'><strong>neutramque</strong></span> <span class='ocrx_word' id='word_1_189' title='bbox 1325 2251 1445 2319; x_wconf 91' lang='lat' dir='ltr'><strong>speciem</strong></span> <span class='ocrx_word' id='word_1_190' title='bbox 1458 2263 1555 2304; x_wconf 89' lang='lat' dir='ltr'><strong>couce-</strong></span> 
     </span>
     <span class='ocr_line' id='line_1_21' title="bbox 346 2337 1554 2404; baseline -0.009 -6"><span class='ocrx_word' id='word_1_191' title='bbox 346 2344 398 2395; x_wconf 91' lang='lat' dir='ltr'><strong>hoc</strong></span> <span class='ocrx_word' id='word_1_192' title='bbox 409 2339 518 2394; x_wconf 83' lang='lat' dir='ltr'><strong>conficit</strong></span> <span class='ocrx_word' id='word_1_193' title='bbox 531 2341 743 2392; x_wconf 70' lang='lat' dir='ltr'><strong>Sacramentum.</strong></span> <span class='ocrx_word' id='word_1_194' title='bbox 758 2360 770 2384; x_wconf 72' lang='lat' dir='ltr'><strong>a</strong></span> <span class='ocrx_word' id='word_1_195' title='bbox 790 2338 801 2372; x_wconf 84' lang='lat'>⁸</span> <span class='ocrx_word' id='word_1_196' title='bbox 970 2341 1101 2404; x_wconf 82' lang='lat' dir='ltr'><strong>derent3⁷</strong></span> <span class='ocrx_word' id='word_1_197' title='bbox 1113 2341 1224 2394; x_wconf 87' lang='lat' dir='ltr'><strong>tandem</strong></span> <span class='ocrx_word' id='word_1_198' title='bbox 1236 2339 1304 2392; x_wconf 79' lang='lat' dir='ltr'><strong>dixit</strong></span> <span class='ocrx_word' id='word_1_199' title='bbox 1315 2353 1322 2389; x_wconf 74' lang='grc' dir='ltr'><strong>ε</strong></span> <span class='ocrx_word' id='word_1_200' title='bbox 1335 2357 1351 2386; x_wconf 78' lang='lat' dir='ltr'><strong>a</strong></span> <span class='ocrx_word' id='word_1_201' title='bbox 1362 2338 1390 2390; x_wconf 86' lang='lat' dir='ltr'><strong>si</strong></span> <span class='ocrx_word' id='word_1_202' title='bbox 1402 2337 1476 2403; x_wconf 86' lang='lat' dir='ltr'><strong>quod</strong></span> <span class='ocrx_word' id='word_1_203' title='bbox 1488 2338 1554 2388; x_wconf 84' lang='lat' dir='ltr'><strong>Con·</strong></span> 
     </span>
     <span class='ocr_line' id='line_1_22' title="bbox 379 2423 1554 2490; baseline -0.006 -11"><span class='ocrx_word' id='word_1_204' title='bbox 379 2429 438 2479; x_wconf 77' lang='lat'><strong>597.</strong></span> <span class='ocrx_word' id='word_1_205' title='bbox 449 2425 549 2478; x_wconf 86' lang='lat' dir='ltr'><strong>Forma</strong></span> <span class='ocrx_word' id='word_1_206' title='bbox 562 2423 665 2490; x_wconf 81' lang='lat' dir='ltr'><strong>integra</strong></span> <span class='ocrx_word' id='word_1_207' title='bbox 677 2461 685 2488; x_wconf 94' lang='lat'><strong>,</strong></span> <span class='ocrx_word' id='word_1_208' title='bbox 698 2428 780 2489; x_wconf 89' lang='lat' dir='ltr'><strong>prout</strong></span> <span class='ocrx_word' id='word_1_209' title='bbox 791 2423 819 2475; x_wconf 92' lang='lat' dir='ltr'><strong>iu</strong></span> <span class='ocrx_word' id='word_1_210' title='bbox 832 2423 933 2476; x_wconf 87' lang='lat' dir='ltr'><strong>llissaii</strong></span> <span class='ocrx_word' id='word_1_211' title='bbox 971 2427 1063 2480; x_wconf 87' lang='lat' dir='ltr'><strong>cilium</strong></span> <span class='ocrx_word' id='word_1_212' title='bbox 1075 2431 1206 2478; x_wconf 87' lang='lat' dir='ltr'><strong>statueret</strong></span> <span class='ocrx_word' id='word_1_213' title='bbox 1217 2428 1264 2478; x_wconf 90' lang='lat' dir='ltr'><strong>aut</strong></span> <span class='ocrx_word' id='word_1_214' title='bbox 1275 2423 1445 2490; x_wconf 90' lang='lat' dir='ltr'><strong>permitteret</strong></span> <span class='ocrx_word' id='word_1_215' title='bbox 1456 2427 1554 2474; x_wconf 91' lang='lat' dir='ltr'><strong>utram·</strong></span> 
     </span>
     <span class='ocr_line' id='line_1_23' title="bbox 347 2509 1555 2577; baseline -0.006 -11"><span class='ocrx_word' id='word_1_216' title='bbox 347 2515 468 2567; x_wconf 85' lang='lat' dir='ltr'><strong>Romano</strong></span> <span class='ocrx_word' id='word_1_217' title='bbox 483 2509 678 2577; x_wconf 73' lang='lat' dir='ltr'><strong>prescribitur,</strong></span> <span class='ocrx_word' id='word_1_218' title='bbox 691 2511 750 2563; x_wconf 83' lang='lat' dir='ltr'><strong>haec</strong></span> <span class='ocrx_word' id='word_1_219' title='bbox 771 2513 833 2563; x_wconf 87' lang='lat' dir='ltr'><strong>est:</strong></span> <span class='ocrx_word' id='word_1_220' title='bbox 849 2529 861 2555; x_wconf 73' lang='lat' dir='ltr'><strong>a</strong></span> <span class='ocrx_word' id='word_1_221' title='bbox 879 2511 935 2561; x_wconf 89' lang='lat' dir='ltr'><strong>lloc</strong></span> <span class='ocrx_word' id='word_1_222' title='bbox 972 2524 1026 2577; x_wconf 85' lang='lat' dir='ltr'><strong>que</strong></span> <span class='ocrx_word' id='word_1_223' title='bbox 1042 2509 1160 2576; x_wconf 89' lang='lat' dir='ltr'><strong>speciem</strong></span> <span class='ocrx_word' id='word_1_224' title='bbox 1171 2521 1240 2571; x_wconf 91' lang='lat' dir='ltr'><strong>‚uos</strong></span> <span class='ocrx_word' id='word_1_225' title='bbox 1254 2521 1428 2573; x_wconf 81' lang='lat' dir='ltr'><strong>nequaquam</strong></span> <span class='ocrx_word' id='word_1_226' title='bbox 1444 2514 1555 2573; x_wconf 82' lang='lat' dir='ltr'><strong>utraque</strong></span> 
     </span>
     <span class='ocr_line' id='line_1_24' title="bbox 348 2593 1554 2662; baseline -0.007 -10"><span class='ocrx_word' id='word_1_227' title='bbox 348 2597 481 2652; x_wconf 83' lang='lat' dir='ltr'><strong>ostentm</strong></span> <span class='ocrx_word' id='word_1_228' title='bbox 501 2609 597 2662; x_wconf 88' lang='lat' dir='ltr'><strong>eorpus</strong></span> <span class='ocrx_word' id='word_1_229' title='bbox 621 2609 722 2650; x_wconf 89' lang='lat' dir='ltr'><strong>meum.</strong></span> <span class='ocrx_word' id='word_1_230' title='bbox 747 2616 760 2642; x_wconf 78' lang='lat'>»</span> <span class='ocrx_word' id='word_1_231' title='bbox 785 2613 801 2644; x_wconf 75' lang='lat' dir='ltr'><strong>n</strong></span> <span class='ocrx_word' id='word_1_232' title='bbox 826 2596 875 2649; x_wconf 90' lang='lat' dir='ltr'><strong>ilic</strong></span> <span class='ocrx_word' id='word_1_233' title='bbox 894 2599 936 2648; x_wconf 91' lang='lat' dir='ltr'><strong>est</strong></span> <span class='ocrx_word' id='word_1_234' title='bbox 972 2597 1011 2649; x_wconf 91' lang='lat' dir='ltr'><strong>uti</strong></span> <span class='ocrx_word' id='word_1_235' title='bbox 1025 2596 1169 2658; x_wconf 84' lang='lat' dir='ltr'><strong>vellemus,</strong></span> <span class='ocrx_word' id='word_1_236' title='bbox 1189 2595 1238 2647; x_wconf 88' lang='lat' dir='ltr'><strong>sed</strong></span> <span class='ocrx_word' id='word_1_237' title='bbox 1258 2594 1287 2645; x_wconf 90' lang='lat' dir='ltr'><strong>in</strong></span> <span class='ocrx_word' id='word_1_238' title='bbox 1308 2593 1470 2659; x_wconf 91' lang='lat' dir='ltr'><strong>despectum</strong></span> <span class='ocrx_word' id='word_1_239' title='bbox 1490 2594 1554 2646; x_wconf 85' lang='lat' dir='ltr'><strong>Con-</strong></span> 
     </span>
     <span class='ocr_line' id='line_1_25' title="bbox 348 2673 1556 2750; baseline -0.006 -14"><span class='ocrx_word' id='word_1_240' title='bbox 348 2683 420 2737; x_wconf 91' lang='lat' dir='ltr'><strong>enim</strong></span> <span class='ocrx_word' id='word_1_241' title='bbox 434 2683 502 2737; x_wconf 81' lang='lat' dir='ltr'><strong>calix</strong></span> <span class='ocrx_word' id='word_1_242' title='bbox 513 2682 654 2750; x_wconf 82' lang='lat' dir='ltr'><strong>sanguinis</strong></span> <span class='ocrx_word' id='word_1_243' title='bbox 664 2683 728 2743; x_wconf 88' lang='lat' dir='ltr'><strong>mei,</strong></span> <span class='ocrx_word' id='word_1_244' title='bbox 743 2682 807 2737; x_wconf 90' lang='lat' dir='ltr'><strong>novi</strong></span> <span class='ocrx_word' id='word_1_245' title='bbox 820 2686 847 2735; x_wconf 89' lang='lat' dir='ltr'><strong>et</strong></span> <span class='ocrx_word' id='word_1_246' title='bbox 859 2673 942 2734; x_wconf 77' lang='lat' dir='ltr'><strong>aeter·¹</strong></span> <span class='ocrx_word' id='word_1_247' title='bbox 973 2682 1027 2736; x_wconf 92' lang='lat' dir='ltr'><strong>cilii</strong></span> <span class='ocrx_word' id='word_1_248' title='bbox 1038 2720 1046 2747; x_wconf 90' lang='lat'><strong>‚</strong></span> <span class='ocrx_word' id='word_1_249' title='bbox 1058 2682 1173 2748; x_wconf 76' lang='lat' dir='ltr'><strong>eiusque</strong></span> <span class='ocrx_word' id='word_1_250' title='bbox 1184 2679 1293 2742; x_wconf 89' lang='lat' dir='ltr'><strong>statuti,</strong></span> <span class='ocrx_word' id='word_1_251' title='bbox 1306 2685 1353 2732; x_wconf 89' lang='lat' dir='ltr'><strong>aut</strong></span> <span class='ocrx_word' id='word_1_252' title='bbox 1363 2693 1421 2731; x_wconf 85' lang='lat' dir='ltr'><strong>una</strong></span> <span class='ocrx_word' id='word_1_253' title='bbox 1430 2684 1477 2731; x_wconf 88' lang='lat' dir='ltr'><strong>aut</strong></span> <span class='ocrx_word' id='word_1_254' title='bbox 1494 2691 1556 2731; x_wconf 90' lang='lat' dir='ltr'><strong>neu·</strong></span> 
     </span>
    </p>
   </div>
   <div class='ocr_carea' id='block_1_3' title="bbox 347 2765 1559 3092">
    <p class='ocr_par' dir='ltr' id='par_1_3' title="bbox 347 2765 1559 3092">
     <span class='ocr_line' id='line_1_26' title="bbox 348 2765 1554 2843; baseline -0.004 -21"><span class='ocrx_word' id='word_1_255' title='bbox 348 2769 376 2822; x_wconf 94' lang='lat' dir='ltr'><strong>ni</strong></span> <span class='ocrx_word' id='word_1_256' title='bbox 401 2767 584 2832; x_wconf 87' lang='lat' dir='ltr'><strong>Testamenti,</strong></span> <span class='ocrx_word' id='word_1_257' title='bbox 601 2767 761 2835; x_wconf 86' lang='lat' dir='ltr'><strong>mysterium</strong></span> <span class='ocrx_word' id='word_1_258' title='bbox 781 2767 865 2831; x_wconf 88' lang='lat' dir='ltr'><strong>iidei,</strong></span> <span class='ocrx_word' id='word_1_259' title='bbox 890 2765 936 2843; x_wconf 71' lang='lat' dir='ltr'><strong>qui</strong></span> <span class='ocrx_word' id='word_1_260' title='bbox 973 2775 1031 2830; x_wconf 87' lang='lat' dir='ltr'><strong>tra,</strong></span> <span class='ocrx_word' id='word_1_261' title='bbox 1048 2774 1076 2821; x_wconf 90' lang='lat' dir='ltr'><strong>et</strong></span> <span class='ocrx_word' id='word_1_262' title='bbox 1095 2767 1206 2819; x_wconf 91' lang='lat' dir='ltr'><strong>minime</strong></span> <span class='ocrx_word' id='word_1_263' title='bbox 1227 2765 1392 2831; x_wconf 82' lang='lat' dir='ltr'><strong>utraqueuti</strong></span> <span class='ocrx_word' id='word_1_264' title='bbox 1408 2765 1554 2826; x_wconf 82' lang='lat' dir='ltr'><strong>vellemus,</strong></span> 
     </span>
     <span class='ocr_line' id='line_1_27' title="bbox 350 2850 1558 2919; baseline -0.002 -14"><span class='ocrx_word' id='word_1_265' title='bbox 350 2866 401 2919; x_wconf 94' lang='lat' dir='ltr'><strong>pro</strong></span> <span class='ocrx_word' id='word_1_266' title='bbox 418 2853 515 2917; x_wconf 82' lang='lat' dir='ltr'><strong>vohis,</strong></span> <span class='ocrx_word' id='word_1_267' title='bbox 528 2860 556 2905; x_wconf 91' lang='lat' dir='ltr'><strong>et</strong></span> <span class='ocrx_word' id='word_1_268' title='bbox 569 2865 617 2919; x_wconf 92' lang='lat' dir='ltr'><strong>pro</strong></span> <span class='ocrx_word' id='word_1_269' title='bbox 633 2852 725 2905; x_wconf 91' lang='lat' dir='ltr'><strong>multis</strong></span> <span class='ocrx_word' id='word_1_270' title='bbox 737 2850 890 2905; x_wconf 81' lang='lat' dir='ltr'><strong>effundetur</strong></span> <span class='ocrx_word' id='word_1_271' title='bbox 909 2852 936 2904; x_wconf 94' lang='lat' dir='ltr'><strong>in</strong></span> <span class='ocrx_word' id='word_1_272' title='bbox 974 2852 1143 2907; x_wconf 89' lang='lat' dir='ltr'><strong>maledicturi</strong></span> <span class='ocrx_word' id='word_1_273' title='bbox 1154 2852 1305 2917; x_wconf 88' lang='lat' dir='ltr'><strong>universos,</strong></span> <span class='ocrx_word' id='word_1_274' title='bbox 1319 2852 1364 2918; x_wconf 88' lang='lat' dir='ltr'><strong>qui</strong></span> <span class='ocrx_word' id='word_1_275' title='bbox 1375 2865 1408 2905; x_wconf 81' lang='lat' dir='ltr'><strong>ex</strong></span> <span class='ocrx_word' id='word_1_276' title='bbox 1426 2856 1558 2918; x_wconf 78' lang='lat' dir='ltr'><strong>potestate</strong></span> 
     </span>
     <span class='ocr_line' id='line_1_28' title="bbox 347 2934 1559 3003; baseline -0.012 0"><span class='ocrx_word' id='word_1_277' title='bbox 347 2934 935 3003; x_wconf 69' lang='lat' dir='ltr'><strong>remissionempeecatorummoxtenrm„</strong></span> <span class='ocrx_word' id='word_1_278' title='bbox 974 2945 1147 2995; x_wconf 81' lang='lat' dir='ltr'><strong>aur-statuto</strong></span> <span class='ocrx_word' id='word_1_279' title='bbox 1173 2939 1286 2993; x_wconf 79' lang='lat' dir='ltr'><strong>concurr</strong></span> <span class='ocrx_word' id='word_1_280' title='bbox 1317 2944 1432 3003; x_wconf 75' lang='lat' dir='ltr'><strong>utraque</strong></span> <span class='ocrx_word' id='word_1_281' title='bbox 1452 2942 1559 2989; x_wconf 78' lang='lat' dir='ltr'><strong>uteren-</strong></span> 
     </span>
     <span class='ocr_line' id='line_1_29' title="bbox 349 3021 1558 3092; baseline -0.006 -17"><span class='ocrx_word' id='word_1_282' title='bbox 349 3023 497 3089; x_wconf 78' lang='lat' dir='ltr'><strong>respondet</strong></span> <span class='ocrx_word' id='word_1_283' title='bbox 509 3021 636 3092; x_wconf 73' lang='lat' dir='ltr'><strong>yitpquod</strong></span> <span class='ocrx_word' id='word_1_284' title='bbox 651 3022 677 3073; x_wconf 83' lang='lat' dir='ltr'><strong>in</strong></span> <span class='ocrx_word' id='word_1_285' title='bbox 696 3022 816 3088; x_wconf 79' lang='lat' dir='ltr'><strong>Liiurgia</strong></span> <span class='ocrx_word' id='word_1_286' title='bbox 828 3024 855 3074; x_wconf 90' lang='lat' dir='ltr'><strong>S.</strong></span> <span class='ocrx_word' id='word_1_287' title='bbox 868 3024 939 3073; x_wconf 80' lang='lat' dir='ltr'><strong>Mar·</strong></span> <span class='ocrx_word' id='word_1_288' title='bbox 974 3034 1056 3081; x_wconf 81' lang='lat' dir='ltr'><strong>tur.»</strong></span> <span class='ocrx_word' id='word_1_289' title='bbox 1074 3025 1086 3061; x_wconf 78' lang='lat'>⁸</span> <span class='ocrx_word' id='word_1_290' title='bbox 1105 3025 1232 3079; x_wconf 83' lang='lat' dir='ltr'><strong>Calvinus</strong></span> <span class='ocrx_word' id='word_1_291' title='bbox 1256 3024 1371 3078; x_wconf 78' lang='lat' dir='ltr'><strong>scribit:</strong></span> <span class='ocrx_word' id='word_1_292' title='bbox 1387 3024 1451 3075; x_wconf 69' lang='lat' dir='ltr'><strong>«Ex</strong></span> <span class='ocrx_word' id='word_1_293' title='bbox 1465 3021 1558 3075; x_wconf 82' lang='lat' dir='ltr'><strong>eadem</strong></span> 
     </span>
    </p>
   </div>
   <div class='ocr_carea' id='block_1_4' title="bbox 349 3106 1564 3603">
    <p class='ocr_par' dir='ltr' id='par_1_4' title="bbox 349 3106 1564 3603">
     <span class='ocr_line' id='line_1_30' title="bbox 350 3106 1561 3179; baseline -0.002 -18"><span class='ocrx_word' id='word_1_294' title='bbox 350 3108 374 3161; x_wconf 90' lang='lat' dir='ltr'><strong>ci</strong></span> <span class='ocrx_word' id='word_1_295' title='bbox 393 3115 509 3174; x_wconf 88' lang='lat' dir='ltr'><strong>utroque</strong></span> <span class='ocrx_word' id='word_1_296' title='bbox 521 3109 582 3161; x_wconf 91' lang='lat' dir='ltr'><strong>loco</strong></span> <span class='ocrx_word' id='word_1_297' title='bbox 600 3106 772 3161; x_wconf 79' lang='lat' dir='ltr'><strong>iuvenitur«</strong></span> <span class='ocrx_word' id='word_1_298' title='bbox 791 3107 841 3160; x_wconf 82' lang='lat' dir='ltr'><strong>Pro</strong></span> <span class='ocrx_word' id='word_1_299' title='bbox 859 3106 938 3159; x_wconf 87' lang='lat' dir='ltr'><strong>vobis</strong></span> <span class='ocrx_word' id='word_1_300' title='bbox 975 3113 1091 3178; x_wconf 66' lang='lat' dir='ltr'><strong>(annoti)</strong></span> <span class='ocrx_word' id='word_1_301' title='bbox 1103 3108 1209 3179; x_wconf 75' lang='lat' dir='ltr'><strong>prodiit</strong></span> <span class='ocrx_word' id='word_1_302' title='bbox 1222 3110 1329 3165; x_wconf 77' lang='lat' dir='ltr'><strong>officina</strong></span> <span class='ocrx_word' id='word_1_303' title='bbox 1351 3110 1479 3163; x_wconf 78' lang='lat' dir='ltr'><strong>etaltera</strong></span> <span class='ocrx_word' id='word_1_304' title='bbox 1497 3120 1561 3161; x_wconf 88' lang='lat' dir='ltr'><strong>con·</strong></span> 
     </span>
     <span class='ocr_line' id='line_1_31' title="bbox 350 3190 1559 3261; baseline -0.005 -11"><span class='ocrx_word' id='word_1_305' title='bbox 350 3199 377 3247; x_wconf 89' lang='lat' dir='ltr'><strong>et</strong></span> <span class='ocrx_word' id='word_1_306' title='bbox 393 3206 443 3260; x_wconf 89' lang='lat' dir='ltr'><strong>pro</strong></span> <span class='ocrx_word' id='word_1_307' title='bbox 461 3194 553 3245; x_wconf 81' lang='lat' dir='ltr'><strong>multis</strong></span> <span class='ocrx_word' id='word_1_308' title='bbox 579 3211 592 3237; x_wconf 76' lang='lat' dir='ltr'><strong>a</strong></span> <span class='ocrx_word' id='word_1_309' title='bbox 612 3190 640 3243; x_wconf 84' lang='lat' dir='ltr'><strong>in</strong></span> <span class='ocrx_word' id='word_1_310' title='bbox 661 3190 778 3257; x_wconf 74' lang='lat' dir='ltr'><strong>Liturgia</strong></span> <span class='ocrx_word' id='word_1_311' title='bbox 802 3193 829 3243; x_wconf 88' lang='lat' dir='ltr'><strong>S·</strong></span> <span class='ocrx_word' id='word_1_312' title='bbox 844 3192 938 3245; x_wconf 82' lang='lat' dir='ltr'><strong>iacobi</strong></span> <span class='ocrx_word' id='word_1_313' title='bbox 975 3197 1167 3261; x_wconf 80' lang='lat' dir='ltr'><strong>stitutio,qure</strong></span> <span class='ocrx_word' id='word_1_314' title='bbox 1185 3196 1326 3249; x_wconf 86' lang='lat' dir='ltr'><strong>dimidiam</strong></span> <span class='ocrx_word' id='word_1_315' title='bbox 1347 3207 1435 3248; x_wconf 89' lang='lat' dir='ltr'><strong>coenee</strong></span> <span class='ocrx_word' id='word_1_316' title='bbox 1457 3198 1559 3260; x_wconf 90' lang='lat' dir='ltr'><strong>partem</strong></span> 
     </span>
     <span class='ocr_line' id='line_1_32' title="bbox 350 3278 1561 3349; baseline -0.006 -12"><span class='ocrx_word' id='word_1_317' title='bbox 350 3280 475 3333; x_wconf 85' lang='lat' dir='ltr'><strong>hahetur.</strong></span> <span class='ocrx_word' id='word_1_318' title='bbox 497 3280 666 3331; x_wconf 77' lang='lat' dir='ltr'><strong>«AEteruum</strong></span> <span class='ocrx_word' id='word_1_319' title='bbox 685 3298 697 3325; x_wconf 73' lang='lat' dir='ltr'><strong>r</strong></span> <span class='ocrx_word' id='word_1_320' title='bbox 718 3282 830 3332; x_wconf 83' lang='lat' dir='ltr'><strong>vocatur</strong></span> <span class='ocrx_word' id='word_1_321' title='bbox 847 3280 939 3330; x_wconf 82' lang='lat' dir='ltr'><strong>resta-</strong></span> <span class='ocrx_word' id='word_1_322' title='bbox 974 3282 1082 3337; x_wconf 84' lang='lat' dir='ltr'><strong>meliori</strong></span> <span class='ocrx_word' id='word_1_323' title='bbox 1099 3282 1194 3349; x_wconf 85' lang='lat' dir='ltr'><strong>populi</strong></span> <span class='ocrx_word' id='word_1_324' title='bbox 1215 3281 1261 3334; x_wconf 86' lang='lat' dir='ltr'><strong>uei</strong></span> <span class='ocrx_word' id='word_1_325' title='bbox 1282 3292 1398 3333; x_wconf 90' lang='lat' dir='ltr'><strong>numero</strong></span> <span class='ocrx_word' id='word_1_326' title='bbox 1415 3279 1459 3333; x_wconf 85' lang='lat' dir='ltr'><strong>vet</strong></span> <span class='ocrx_word' id='word_1_327' title='bbox 1475 3278 1561 3331; x_wconf 78' lang='lat' dir='ltr'><strong>iurata</strong></span> 
     </span>
     <span class='ocr_line' id='line_1_33' title="bbox 352 3362 1560 3433; baseline -0.003 -15"><span class='ocrx_word' id='word_1_328' title='bbox 352 3372 475 3421; x_wconf 90' lang='lat' dir='ltr'><strong>mentum</strong></span> <span class='ocrx_word' id='word_1_329' title='bbox 488 3372 516 3419; x_wconf 91' lang='lat' dir='ltr'><strong>ct</strong></span> <span class='ocrx_word' id='word_1_330' title='bbox 529 3365 615 3419; x_wconf 80' lang='lat' dir='ltr'><strong>«fidei</strong></span> <span class='ocrx_word' id='word_1_331' title='bbox 628 3364 787 3433; x_wconf 84' lang='lat' dir='ltr'><strong>mysterium</strong></span> <span class='ocrx_word' id='word_1_332' title='bbox 805 3382 821 3412; x_wconf 79' lang='lat' dir='ltr'><strong>n</strong></span> <span class='ocrx_word' id='word_1_333' title='bbox 832 3377 864 3417; x_wconf 85' lang='lat' dir='ltr'><strong>ex</strong></span> <span class='ocrx_word' id='word_1_334' title='bbox 884 3368 941 3416; x_wconf 88' lang='lat' dir='ltr'><strong>tra·</strong></span> <span class='ocrx_word' id='word_1_335' title='bbox 976 3374 1018 3421; x_wconf 91' lang='lat' dir='ltr'><strong>est</strong></span> <span class='ocrx_word' id='word_1_336' title='bbox 1034 3368 1077 3422; x_wconf 89' lang='lat' dir='ltr'><strong>vel</strong></span> <span class='ocrx_word' id='word_1_337' title='bbox 1089 3366 1197 3433; x_wconf 88' lang='lat' dir='ltr'><strong>eripuit.</strong></span> <span class='ocrx_word' id='word_1_338' title='bbox 1210 3366 1251 3413; x_wconf 74' lang='lat'><strong>»⁹</strong></span> <span class='ocrx_word' id='word_1_339' title='bbox 1270 3368 1395 3419; x_wconf 76' lang='lat' dir='ltr'><strong>Attamen</strong></span> <span class='ocrx_word' id='word_1_340' title='bbox 1416 3362 1560 3417; x_wconf 75' lang='lat' dir='ltr'><strong>lutherani</strong></span> 
     </span>
     <span class='ocr_line' id='line_1_34' title="bbox 352 3449 1563 3518; baseline -0.003 -13"><span class='ocrx_word' id='word_1_341' title='bbox 352 3453 455 3506; x_wconf 91' lang='lat' dir='ltr'><strong>ditione</strong></span> <span class='ocrx_word' id='word_1_342' title='bbox 470 3455 599 3506; x_wconf 86' lang='lat' dir='ltr'><strong>itomanae</strong></span> <span class='ocrx_word' id='word_1_343' title='bbox 613 3451 757 3513; x_wconf 80' lang='lat' dir='ltr'><strong>Ecclesiae,</strong></span> <span class='ocrx_word' id='word_1_344' title='bbox 780 3450 878 3513; x_wconf 86' lang='lat' dir='ltr'><strong>Petro,</strong></span> <span class='ocrx_word' id='word_1_345' title='bbox 900 3449 939 3502; x_wconf 89' lang='lat' dir='ltr'><strong>uti</strong></span> <span class='ocrx_word' id='word_1_346' title='bbox 976 3458 1004 3507; x_wconf 89' lang='lat' dir='ltr'><strong>et</strong></span> <span class='ocrx_word' id='word_1_347' title='bbox 1025 3452 1174 3507; x_wconf 82' lang='lat' dir='ltr'><strong>calviniani</strong></span> <span class='ocrx_word' id='word_1_348' title='bbox 1203 3452 1351 3517; x_wconf 81' lang='lat' dir='ltr'><strong>aliquando</strong></span> <span class='ocrx_word' id='word_1_349' title='bbox 1380 3452 1563 3518; x_wconf 88' lang='lat' dir='ltr'><strong>permiserunt</strong></span> 
     </span>
     <span class='ocr_line' id='line_1_35' title="bbox 349 3534 1564 3603; baseline -0.004 -13"><span class='ocrx_word' id='word_1_350' title='bbox 349 3538 467 3600; x_wconf 88' lang='lat' dir='ltr'><strong>videtur,</strong></span> <span class='ocrx_word' id='word_1_351' title='bbox 482 3543 612 3589; x_wconf 89' lang='lat' dir='ltr'><strong>auctore:</strong></span> <span class='ocrx_word' id='word_1_352' title='bbox 631 3549 683 3588; x_wconf 89' lang='lat' dir='ltr'><strong>noc</strong></span> <span class='ocrx_word' id='word_1_353' title='bbox 700 3535 773 3587; x_wconf 88' lang='lat' dir='ltr'><strong>enirn</strong></span> <span class='ocrx_word' id='word_1_354' title='bbox 794 3540 941 3587; x_wconf 87' lang='lat' dir='ltr'><strong>occurrunt</strong></span> <span class='ocrx_word' id='word_1_355' title='bbox 976 3538 1117 3592; x_wconf 83' lang='lat' dir='ltr'><strong>abstemiis</strong></span> <span class='ocrx_word' id='word_1_356' title='bbox 1134 3538 1185 3591; x_wconf 89' lang='lat' dir='ltr'><strong>suh</strong></span> <span class='ocrx_word' id='word_1_357' title='bbox 1205 3537 1296 3603; x_wconf 89' lang='lat' dir='ltr'><strong>specie</strong></span> <span class='ocrx_word' id='word_1_358' title='bbox 1313 3536 1392 3602; x_wconf 85' lang='lat' dir='ltr'><strong>panis</strong></span> <span class='ocrx_word' id='word_1_359' title='bbox 1409 3534 1564 3589; x_wconf 90' lang='lat' dir='ltr'><strong>communi-</strong></span> 
     </span>
    </p>
   </div>
   <div class='ocr_carea' id='block_1_5' title="bbox 254 3612 1563 3689">
    <p class='ocr_par' dir='ltr' id='par_1_5' title="bbox 254 3612 1563 3689">
     <span class='ocr_line' id='line_1_36' title="bbox 254 3612 1563 3689; baseline -0.002 -17"><span class='ocrx_word' id='word_1_360' title='bbox 254 3612 257 3617; x_wconf 83' lang='grc'><strong>’</strong></span> <span class='ocrx_word' id='word_1_361' title='bbox 351 3624 394 3673; x_wconf 90' lang='lat' dir='ltr'><strong>hae</strong></span> <span class='ocrx_word' id='word_1_362' title='bbox 406 3632 488 3673; x_wconf 85' lang='lat' dir='ltr'><strong>voces</strong></span> <span class='ocrx_word' id='word_1_363' title='bbox 501 3620 529 3671; x_wconf 92' lang='lat' dir='ltr'><strong>in</strong></span> <span class='ocrx_word' id='word_1_364' title='bbox 541 3619 640 3672; x_wconf 84' lang='lat' dir='ltr'><strong>Graecis</strong></span> <span class='ocrx_word' id='word_1_365' title='bbox 653 3618 789 3685; x_wconf 76' lang='lat' dir='ltr'><strong>liturgiis.</strong></span> <span class='ocrx_word' id='word_1_366' title='bbox 801 3620 868 3670; x_wconf 79' lang='lat' dir='ltr'><strong>lota</strong></span> <span class='ocrx_word' id='word_1_367' title='bbox 888 3619 941 3672; x_wconf 89' lang='lat' dir='ltr'><strong>ior·</strong></span> <span class='ocrx_word' id='word_1_368' title='bbox 977 3636 1049 3678; x_wconf 73' lang='lat' dir='ltr'><strong>nare.</strong></span> <span class='ocrx_word' id='word_1_369' title='bbox 1062 3622 1085 3657; x_wconf 79' lang='lat'><strong>¹⁰</strong></span> <span class='ocrx_word' id='word_1_370' title='bbox 1102 3626 1184 3677; x_wconf 74' lang='lat' dir='ltr'><strong>heere</strong></span> <span class='ocrx_word' id='word_1_371' title='bbox 1200 3627 1293 3677; x_wconf 83' lang='lat' dir='ltr'><strong>monet</strong></span> <span class='ocrx_word' id='word_1_372' title='bbox 1306 3621 1384 3689; x_wconf 78' lang='lat' dir='ltr'><strong>nugo</strong></span> <span class='ocrx_word' id='word_1_373' title='bbox 1404 3620 1514 3675; x_wconf 84' lang='lat' dir='ltr'><strong>Grotius</strong></span> <span class='ocrx_word' id='word_1_374' title='bbox 1535 3619 1563 3671; x_wconf 92' lang='lat' dir='ltr'><strong>in</strong></span> 
     </span>
    </p>
   </div>
   <div class='ocr_carea' id='block_1_6' title="bbox 351 3702 1566 3859">
    <p class='ocr_par' dir='ltr' id='par_1_6' title="bbox 351 3702 1566 3859">
     <span class='ocr_line' id='line_1_37' title="bbox 351 3702 1561 3771; baseline -0.009 -5"><span class='ocrx_word' id='word_1_375' title='bbox 351 3718 396 3757; x_wconf 81' lang='lat' dir='ltr'><strong>ma</strong></span> <span class='ocrx_word' id='word_1_376' title='bbox 414 3708 540 3757; x_wconf 74' lang='lat' dir='ltr'><strong>accurate</strong></span> <span class='ocrx_word' id='word_1_377' title='bbox 557 3703 695 3756; x_wconf 76' lang='lat' dir='ltr'><strong>recreanda</strong></span> <span class='ocrx_word' id='word_1_378' title='bbox 720 3707 762 3755; x_wconf 79' lang='lat' dir='ltr'><strong>est</strong></span> <span class='ocrx_word' id='word_1_379' title='bbox 774 3739 782 3766; x_wconf 81' lang='grc'><em>,</em></span> <span class='ocrx_word' id='word_1_380' title='bbox 796 3702 872 3765; x_wconf 80' lang='lat' dir='ltr'><strong>iuxta</strong></span> <span class='ocrx_word' id='word_1_381' title='bbox 892 3706 942 3757; x_wconf 77' lang='lat' dir='ltr'><strong>ne·</strong></span> <span class='ocrx_word' id='word_1_382' title='bbox 977 3709 1115 3763; x_wconf 80' lang='lat' dir='ltr'><strong>annotans</strong></span> <span class='ocrx_word' id='word_1_383' title='bbox 1132 3707 1320 3762; x_wconf 69' lang='lat' dir='ltr'><strong>incenante</strong></span> <span class='ocrx_word' id='word_1_384' title='bbox 1338 3706 1561 3771; x_wconf 67' lang='lat' dir='ltr'><strong>coronante,</strong></span> 
     </span>
     <span class='ocr_line' id='line_1_38' title="bbox 354 3788 1566 3859; baseline 0 -17"><span class='ocrx_word' id='word_1_385' title='bbox 354 3788 445 3842; x_wconf 87' lang='lat' dir='ltr'><strong>clesiae</strong></span> <span class='ocrx_word' id='word_1_386' title='bbox 462 3788 561 3841; x_wconf 88' lang='lat' dir='ltr'><strong>ritum:</strong></span> <span class='ocrx_word' id='word_1_387' title='bbox 575 3788 587 3822; x_wconf 78' lang='lat'><strong><em>⁴</em></strong></span> <span class='ocrx_word' id='word_1_388' title='bbox 599 3788 673 3854; x_wconf 80' lang='lat' dir='ltr'><strong>qnod</strong></span> <span class='ocrx_word' id='word_1_389' title='bbox 692 3788 790 3841; x_wconf 87' lang='lat' dir='ltr'><strong>fatetur</strong></span> <span class='ocrx_word' id='word_1_390' title='bbox 809 3789 940 3857; x_wconf 85' lang='lat' dir='ltr'><strong>Grahius,</strong></span> <span class='ocrx_word' id='word_1_391' title='bbox 980 3795 1073 3849; x_wconf 80' lang='lat' dir='ltr'><strong>«nihil</strong></span> <span class='ocrx_word' id='word_1_392' title='bbox 1082 3793 1155 3849; x_wconf 90' lang='lat' dir='ltr'><strong>aliud</strong></span> <span class='ocrx_word' id='word_1_393' title='bbox 1167 3792 1321 3859; x_wconf 71' lang='lat' dir='ltr'><strong>essequod</strong></span> <span class='ocrx_word' id='word_1_394' title='bbox 1334 3792 1386 3845; x_wconf 86' lang='lat' dir='ltr'><strong>hac</strong></span> <span class='ocrx_word' id='word_1_395' title='bbox 1395 3793 1425 3843; x_wconf 91' lang='lat' dir='ltr'><strong>iu</strong></span> <span class='ocrx_word' id='word_1_396' title='bbox 1436 3803 1467 3845; x_wconf 93' lang='lat' dir='ltr'><strong>re</strong></span> <span class='ocrx_word' id='word_1_397' title='bbox 1477 3790 1566 3845; x_wconf 87' lang='lat' dir='ltr'><strong>obstet</strong></span> 
     </span>
    </p>
   </div>
   <div class='ocr_carea' id='block_1_7' title="bbox 355 4076 1577 4841">
    <p class='ocr_par' dir='ltr' id='par_1_7' title="bbox 355 4076 1577 4841">
     <span class='ocr_line' id='line_1_39' title="bbox 382 4076 1568 4134; baseline 0.003 -18"><span class='ocrx_word' id='word_1_398' title='bbox 382 4077 408 4127; x_wconf 82' lang='grc'><strong>111</strong></span> <span class='ocrx_word' id='word_1_399' title='bbox 422 4076 447 4117; x_wconf 83' lang='grc'><strong>1,.</strong></span> <span class='ocrx_word' id='word_1_400' title='bbox 456 4088 475 4117; x_wconf 84' lang='lat' dir='ltr'><strong>v.</strong></span> <span class='ocrx_word' id='word_1_401' title='bbox 485 4076 533 4116; x_wconf 84' lang='lat' dir='ltr'><strong>adv.</strong></span> <span class='ocrx_word' id='word_1_402' title='bbox 547 4076 600 4117; x_wconf 84' lang='lat' dir='ltr'><strong>her.</strong></span> <span class='ocrx_word' id='word_1_403' title='bbox 609 4088 627 4117; x_wconf 86' lang='lat' dir='ltr'><strong>c.</strong></span> <span class='ocrx_word' id='word_1_404' title='bbox 638 4076 661 4119; x_wconf 84' lang='lat' dir='ltr'><strong>ii.</strong></span> <span class='ocrx_word' id='word_1_405' title='bbox 674 4076 728 4119; x_wconf 79' lang='lat' dir='ltr'><strong>alias</strong></span> <span class='ocrx_word' id='word_1_406' title='bbox 736 4077 765 4121; x_wconf 86' lang='lat' dir='ltr'><strong>ir.</strong></span> <span class='ocrx_word' id='word_1_407' title='bbox 978 4082 1061 4125; x_wconf 80' lang='lat' dir='ltr'><strong>etoiieel</strong></span> <span class='ocrx_word' id='word_1_408' title='bbox 1073 4082 1251 4134; x_wconf 84' lang='lat' dir='ltr'><strong>traditione‚eud</strong></span> <span class='ocrx_word' id='word_1_409' title='bbox 1267 4081 1287 4123; x_wconf 86' lang='lat' dir='ltr'><strong>is</strong></span> <span class='ocrx_word' id='word_1_410' title='bbox 1304 4091 1415 4122; x_wconf 83' lang='lat' dir='ltr'><strong>moreover</strong></span> <span class='ocrx_word' id='word_1_411' title='bbox 1430 4080 1505 4121; x_wconf 87' lang='lat' dir='ltr'><strong>hinted</strong></span> <span class='ocrx_word' id='word_1_412' title='bbox 1514 4085 1534 4120; x_wconf 81' lang='lat' dir='ltr'><strong>rt</strong></span> <span class='ocrx_word' id='word_1_413' title='bbox 1543 4079 1568 4119; x_wconf 91' lang='lat' dir='ltr'><strong>in</strong></span> 
     </span>
     <span class='ocr_line' id='line_1_40' title="bbox 382 4138 1569 4205; baseline -0.007 -10"><span class='ocrx_word' id='word_1_414' title='bbox 382 4145 408 4197; x_wconf 69' lang='lat'><strong>(¹)</strong></span> <span class='ocrx_word' id='word_1_415' title='bbox 425 4146 484 4187; x_wconf 63' lang='lat' dir='ltr'><strong>0lfli·</strong></span> <span class='ocrx_word' id='word_1_416' title='bbox 494 4145 518 4185; x_wconf 70' lang='grc' dir='ltr'><strong>ῑῑ·</strong></span> <span class='ocrx_word' id='word_1_417' title='bbox 526 4145 552 4187; x_wconf 69' lang='grc'><strong>118</strong></span> <span class='ocrx_word' id='word_1_418' title='bbox 563 4146 673 4187; x_wconf 57' lang='lat' dir='ltr'><strong>melliti&amp;</strong></span> <span class='ocrx_word' id='word_1_419' title='bbox 979 4153 1073 4205; x_wconf 76' lang='lat' dir='ltr'><strong>therery</strong></span> <span class='ocrx_word' id='word_1_420' title='bbox 1081 4151 1178 4203; x_wconf 75' lang='lat' dir='ltr'><strong>vritinge</strong></span> <span class='ocrx_word' id='word_1_421' title='bbox 1188 4138 1218 4193; x_wconf 43' lang='lat' dir='ltr'><strong>&#39;ci</strong></span> <span class='ocrx_word' id='word_1_422' title='bbox 1230 4152 1267 4191; x_wconf 89' lang='lat' dir='ltr'><strong>the</strong></span> <span class='ocrx_word' id='word_1_423' title='bbox 1274 4152 1324 4193; x_wconf 74' lang='lat' dir='ltr'><strong>Nea</strong></span> <span class='ocrx_word' id='word_1_424' title='bbox 1333 4151 1459 4191; x_wconf 79' lang='lat' dir='ltr'><strong>Testament</strong></span> <span class='ocrx_word' id='word_1_425' title='bbox 1469 4149 1569 4200; x_wconf 84' lang='lat' dir='ltr'><strong>‚eometh</strong></span> 
     </span>
     <span class='ocr_line' id='line_1_41' title="bbox 384 4216 1572 4275; baseline -0.001 -18"><span class='ocrx_word' id='word_1_426' title='bbox 384 4218 412 4269; x_wconf 76' lang='lat' dir='ltr'><strong>(t)</strong></span> <span class='ocrx_word' id='word_1_427' title='bbox 426 4216 450 4259; x_wconf 83' lang='lat' dir='ltr'><strong>L.</strong></span> <span class='ocrx_word' id='word_1_428' title='bbox 461 4218 489 4259; x_wconf 80' lang='lat' dir='ltr'><strong>ir.</strong></span> <span class='ocrx_word' id='word_1_429' title='bbox 498 4218 524 4258; x_wconf 88' lang='lat' dir='ltr'><strong>de</strong></span> <span class='ocrx_word' id='word_1_430' title='bbox 534 4218 582 4261; x_wconf 83' lang='lat' dir='ltr'><strong>Sec.</strong></span> <span class='ocrx_word' id='word_1_431' title='bbox 592 4228 609 4257; x_wconf 89' lang='lat' dir='ltr'><strong>c.</strong></span> <span class='ocrx_word' id='word_1_432' title='bbox 620 4217 649 4259; x_wconf 84' lang='lat' dir='ltr'><strong>iv.</strong></span> <span class='ocrx_word' id='word_1_433' title='bbox 979 4221 1124 4275; x_wconf 71' lang='lat' dir='ltr'><strong>undoubtedly</strong></span> <span class='ocrx_word' id='word_1_434' title='bbox 1138 4223 1193 4263; x_wconf 86' lang='lat' dir='ltr'><strong>irum</strong></span> <span class='ocrx_word' id='word_1_435' title='bbox 1209 4233 1250 4262; x_wconf 93' lang='lat' dir='ltr'><strong>our</strong></span> <span class='ocrx_word' id='word_1_436' title='bbox 1257 4220 1315 4261; x_wconf 83' lang='lat' dir='ltr'><strong>Lord</strong></span> <span class='ocrx_word' id='word_1_437' title='bbox 1323 4220 1427 4271; x_wconf 79' lang='lat' dir='ltr'><strong>himself,</strong></span> <span class='ocrx_word' id='word_1_438' title='bbox 1434 4219 1478 4261; x_wconf 80' lang='lat' dir='ltr'><strong>and</strong></span> <span class='ocrx_word' id='word_1_439' title='bbox 1486 4219 1572 4270; x_wconf 74' lang='lat' dir='ltr'><strong>ought,</strong></span> 
     </span>
     <span class='ocr_line' id='line_1_42' title="bbox 383 4286 1572 4343; baseline 0 -16"><span class='ocrx_word' id='word_1_440' title='bbox 383 4286 409 4339; x_wconf 76' lang='lat' dir='ltr'><strong>(t)</strong></span> <span class='ocrx_word' id='word_1_441' title='bbox 423 4288 462 4328; x_wconf 84' lang='lat' dir='ltr'><strong>iil.</strong></span> <span class='ocrx_word' id='word_1_442' title='bbox 470 4299 516 4339; x_wconf 82' lang='lat' dir='ltr'><strong>par.</strong></span> <span class='ocrx_word' id='word_1_443' title='bbox 526 4298 563 4339; x_wconf 80' lang='lat' dir='ltr'><strong>qu.</strong></span> <span class='ocrx_word' id='word_1_444' title='bbox 572 4292 604 4327; x_wconf 80' lang='lat' dir='ltr'><strong>it.</strong></span> <span class='ocrx_word' id='word_1_445' title='bbox 613 4294 655 4329; x_wconf 84' lang='lat' dir='ltr'><strong>art.</strong></span> <span class='ocrx_word' id='word_1_446' title='bbox 665 4293 685 4329; x_wconf 79' lang='lat' dir='ltr'><strong>t.</strong></span> <span class='ocrx_word' id='word_1_447' title='bbox 694 4290 716 4329; x_wconf 91' lang='lat' dir='ltr'><strong>in</strong></span> <span class='ocrx_word' id='word_1_448' title='bbox 724 4300 781 4342; x_wconf 88' lang='lat' dir='ltr'><strong>resp.</strong></span> <span class='ocrx_word' id='word_1_449' title='bbox 790 4288 817 4330; x_wconf 85' lang='lat' dir='ltr'><strong>ad</strong></span> <span class='ocrx_word' id='word_1_450' title='bbox 827 4294 846 4330; x_wconf 83' lang='lat' dir='ltr'><strong>t.</strong></span> <span class='ocrx_word' id='word_1_451' title='bbox 979 4290 1098 4343; x_wconf 76' lang='lat' dir='ltr'><strong>therefore,</strong></span> <span class='ocrx_word' id='word_1_452' title='bbox 1106 4291 1133 4343; x_wconf 75' lang='lat' dir='ltr'><strong>hy</strong></span> <span class='ocrx_word' id='word_1_453' title='bbox 1140 4302 1168 4331; x_wconf 91' lang='lat' dir='ltr'><strong>no</strong></span> <span class='ocrx_word' id='word_1_454' title='bbox 1176 4301 1267 4341; x_wconf 80' lang='lat' dir='ltr'><strong>means,</strong></span> <span class='ocrx_word' id='word_1_455' title='bbox 1278 4296 1301 4330; x_wconf 92' lang='lat' dir='ltr'><strong>to</strong></span> <span class='ocrx_word' id='word_1_456' title='bbox 1313 4290 1341 4330; x_wconf 88' lang='lat' dir='ltr'><strong>be</strong></span> <span class='ocrx_word' id='word_1_457' title='bbox 1352 4289 1460 4341; x_wconf 79' lang='lat' dir='ltr'><strong>changed.</strong></span> <span class='ocrx_word' id='word_1_458' title='bbox 1476 4303 1487 4327; x_wconf 74' lang='grc' dir='ltr'><strong><em>ι</em></strong></span> <span class='ocrx_word' id='word_1_459' title='bbox 1501 4287 1572 4329; x_wconf 76' lang='lat' dir='ltr'><strong>Graiae</strong></span> 
     </span>
     <span class='ocr_line' id='line_1_43' title="bbox 381 4355 1573 4413; baseline 0.003 -18"><span class='ocrx_word' id='word_1_460' title='bbox 381 4356 408 4407; x_wconf 74' lang='grc'><strong>(11</strong></span> <span class='ocrx_word' id='word_1_461' title='bbox 420 4370 431 4395; x_wconf 79' lang='lat' dir='ltr'><strong>a</strong></span> <span class='ocrx_word' id='word_1_462' title='bbox 447 4358 492 4397; x_wconf 84' lang='lat' dir='ltr'><strong>&#39;i&#39;he</strong></span> <span class='ocrx_word' id='word_1_463' title='bbox 508 4356 562 4397; x_wconf 89' lang='lat' dir='ltr'><strong>iorm</strong></span> <span class='ocrx_word' id='word_1_464' title='bbox 573 4356 598 4398; x_wconf 86' lang='lat' dir='ltr'><strong>oi</strong></span> <span class='ocrx_word' id='word_1_465' title='bbox 609 4357 756 4399; x_wconf 83' lang='lat' dir='ltr'><strong>consecration</strong></span> <span class='ocrx_word' id='word_1_466' title='bbox 769 4358 811 4399; x_wconf 80' lang='lat' dir='ltr'><strong>and</strong></span> <span class='ocrx_word' id='word_1_467' title='bbox 823 4355 910 4408; x_wconf 89' lang='lat' dir='ltr'><strong>opinion</strong></span> <span class='ocrx_word' id='word_1_468' title='bbox 924 4356 947 4397; x_wconf 88' lang='lat' dir='ltr'><strong>oi</strong></span> <span class='ocrx_word' id='word_1_469' title='bbox 978 4358 1006 4400; x_wconf 87' lang='lat' dir='ltr'><strong>de</strong></span> <span class='ocrx_word' id='word_1_470' title='bbox 1015 4359 1082 4400; x_wconf 80' lang='lat' dir='ltr'><strong>torma</strong></span> <span class='ocrx_word' id='word_1_471' title='bbox 1097 4360 1269 4402; x_wconf 75' lang='lat' dir='ltr'><strong>consecrationis</strong></span> <span class='ocrx_word' id='word_1_472' title='bbox 1278 4359 1420 4401; x_wconf 78' lang='lat' dir='ltr'><strong>Euchariatie</strong></span> <span class='ocrx_word' id='word_1_473' title='bbox 1430 4359 1505 4413; x_wconf 87' lang='lat' dir='ltr'><strong>‚apud</strong></span> <span class='ocrx_word' id='word_1_474' title='bbox 1517 4357 1573 4399; x_wconf 79' lang='lat'>010-</span> 
     </span>
     <span class='ocr_line' id='line_1_44' title="bbox 358 4424 1256 4480; baseline 0.006 -16"><span class='ocrx_word' id='word_1_475' title='bbox 358 4424 394 4465; x_wconf 89' lang='lat' dir='ltr'><strong>the</strong></span> <span class='ocrx_word' id='word_1_476' title='bbox 408 4425 545 4466; x_wconf 78' lang='lat' dir='ltr'><strong>consecrated</strong></span> <span class='ocrx_word' id='word_1_477' title='bbox 563 4426 665 4469; x_wconf 78' lang='lat' dir='ltr'><strong>elementa</strong></span> <span class='ocrx_word' id='word_1_478' title='bbox 674 4456 681 4480; x_wconf 89' lang='lat'><strong>‚</strong></span> <span class='ocrx_word' id='word_1_479' title='bbox 689 4428 711 4468; x_wconf 92' lang='lat' dir='ltr'><strong>in</strong></span> <span class='ocrx_word' id='word_1_480' title='bbox 721 4426 791 4470; x_wconf 84' lang='lat' dir='ltr'><strong>which</strong></span> <span class='ocrx_word' id='word_1_481' title='bbox 807 4426 858 4465; x_wconf 77' lang='lat' dir='ltr'><strong>iroth</strong></span> <span class='ocrx_word' id='word_1_482' title='bbox 869 4426 947 4467; x_wconf 83' lang='lat' dir='ltr'><strong>Cetho·</strong></span> <span class='ocrx_word' id='word_1_483' title='bbox 979 4429 1074 4480; x_wconf 79' lang='lat' dir='ltr'><strong>aienses,</strong></span> <span class='ocrx_word' id='word_1_484' title='bbox 1082 4429 1129 4469; x_wconf 76' lang='lat' dir='ltr'><strong>Vol.</strong></span> <span class='ocrx_word' id='word_1_485' title='bbox 1139 4428 1167 4471; x_wconf 84' lang='lat' dir='ltr'><strong>ir.</strong></span> <span class='ocrx_word' id='word_1_486' title='bbox 1176 4430 1216 4469; x_wconf 82' lang='lat' dir='ltr'><strong>No.</strong></span> <span class='ocrx_word' id='word_1_487' title='bbox 1225 4434 1256 4470; x_wconf 81' lang='lat'><strong>78.</strong></span> 
     </span>
     <span class='ocr_line' id='line_1_45' title="bbox 357 4494 1323 4549; baseline 0.004 -17"><span class='ocrx_word' id='word_1_488' title='bbox 357 4494 397 4534; x_wconf 85' lang='lat' dir='ltr'><strong>lice</strong></span> <span class='ocrx_word' id='word_1_489' title='bbox 406 4495 448 4535; x_wconf 85' lang='lat' dir='ltr'><strong>end</strong></span> <span class='ocrx_word' id='word_1_490' title='bbox 459 4494 555 4535; x_wconf 81' lang='lat' dir='ltr'><strong>ilereties</strong></span> <span class='ocrx_word' id='word_1_491' title='bbox 564 4523 571 4548; x_wconf 90' lang='lat'><strong>,</strong></span> <span class='ocrx_word' id='word_1_492' title='bbox 580 4495 602 4536; x_wconf 93' lang='lat' dir='ltr'><strong>in</strong></span> <span class='ocrx_word' id='word_1_493' title='bbox 611 4498 648 4539; x_wconf 86' lang='lat' dir='ltr'><strong>the</strong></span> <span class='ocrx_word' id='word_1_494' title='bbox 661 4508 701 4549; x_wconf 78' lang='lat' dir='ltr'><strong>ege</strong></span> <span class='ocrx_word' id='word_1_495' title='bbox 710 4494 854 4547; x_wconf 76' lang='lat' dir='ltr'><strong>immediately</strong></span> <span class='ocrx_word' id='word_1_496' title='bbox 863 4505 940 4540; x_wconf 84' lang='lat' dir='ltr'><strong>euecee</strong></span> <span class='ocrx_word' id='word_1_497' title='bbox 1005 4497 1033 4547; x_wconf 89' lang='lat' dir='ltr'><strong>(o)</strong></span> <span class='ocrx_word' id='word_1_498' title='bbox 1044 4498 1067 4537; x_wconf 87' lang='lat' dir='ltr'><strong>ln</strong></span> <span class='ocrx_word' id='word_1_499' title='bbox 1076 4497 1131 4537; x_wconf 89' lang='lat' dir='ltr'><strong>dect.</strong></span> <span class='ocrx_word' id='word_1_500' title='bbox 1140 4498 1210 4539; x_wconf 85' lang='lat' dir='ltr'><strong>serm.</strong></span> <span class='ocrx_word' id='word_1_501' title='bbox 1219 4497 1246 4537; x_wconf 88' lang='lat' dir='ltr'><strong>de</strong></span> <span class='ocrx_word' id='word_1_502' title='bbox 1254 4496 1323 4537; x_wconf 80' lang='lat' dir='ltr'><strong>[luch.</strong></span> 
     </span>
     <span class='ocr_line' id='line_1_46' title="bbox 355 4564 1261 4619; baseline 0.004 -16"><span class='ocrx_word' id='word_1_503' title='bbox 355 4564 409 4616; x_wconf 76' lang='lat' dir='ltr'><strong>ding</strong></span> <span class='ocrx_word' id='word_1_504' title='bbox 424 4565 460 4605; x_wconf 89' lang='lat' dir='ltr'><strong>the</strong></span> <span class='ocrx_word' id='word_1_505' title='bbox 479 4564 529 4617; x_wconf 74' lang='lat' dir='ltr'><strong>hoip</strong></span> <span class='ocrx_word' id='word_1_506' title='bbox 544 4567 642 4619; x_wconf 76' lang='lat' dir='ltr'><strong>Apostles</strong></span> <span class='ocrx_word' id='word_1_507' title='bbox 652 4595 659 4619; x_wconf 91' lang='lat'><strong>,</strong></span> <span class='ocrx_word' id='word_1_508' title='bbox 668 4567 721 4607; x_wconf 86' lang='lat' dir='ltr'><strong>hare</strong></span> <span class='ocrx_word' id='word_1_509' title='bbox 738 4564 815 4615; x_wconf 76' lang='lat' dir='ltr'><strong>agreed</strong></span> <span class='ocrx_word' id='word_1_510' title='bbox 833 4566 943 4617; x_wconf 78' lang='lat' dir='ltr'><strong>together,</strong></span> <span class='ocrx_word' id='word_1_511' title='bbox 1005 4566 1034 4617; x_wconf 79' lang='lat' dir='ltr'><strong>(i)</strong></span> <span class='ocrx_word' id='word_1_512' title='bbox 1047 4566 1070 4606; x_wconf 91' lang='lat' dir='ltr'><strong>in</strong></span> <span class='ocrx_word' id='word_1_513' title='bbox 1084 4572 1160 4607; x_wconf 76' lang='lat' dir='ltr'><strong>essert.</strong></span> <span class='ocrx_word' id='word_1_514' title='bbox 1169 4572 1207 4607; x_wconf 85' lang='lat' dir='ltr'><strong>art-</strong></span> <span class='ocrx_word' id='word_1_515' title='bbox 1218 4567 1261 4607; x_wconf 80' lang='lat' dir='ltr'><strong>xri.</strong></span> 
     </span>
     <span class='ocr_line' id='line_1_47' title="bbox 357 4632 1577 4690; baseline 0.002 -18"><span class='ocrx_word' id='word_1_516' title='bbox 357 4632 398 4673; x_wconf 86' lang='lat' dir='ltr'><strong>eud</strong></span> <span class='ocrx_word' id='word_1_517' title='bbox 407 4635 478 4676; x_wconf 70' lang='lat' dir='ltr'><strong>which</strong></span> <span class='ocrx_word' id='word_1_518' title='bbox 488 4647 553 4687; x_wconf 82' lang='lat' dir='ltr'><strong>,ever</strong></span> <span class='ocrx_word' id='word_1_519' title='bbox 561 4638 620 4680; x_wconf 74' lang='lat' dir='ltr'><strong>since</strong></span> <span class='ocrx_word' id='word_1_520' title='bbox 629 4665 636 4690; x_wconf 90' lang='lat'>‚</span> <span class='ocrx_word' id='word_1_521' title='bbox 645 4638 684 4678; x_wconf 81' lang='lat' dir='ltr'><strong>hee</strong></span> <span class='ocrx_word' id='word_1_522' title='bbox 703 4636 755 4677; x_wconf 86' lang='lat' dir='ltr'><strong>been</strong></span> <span class='ocrx_word' id='word_1_523' title='bbox 770 4634 821 4686; x_wconf 83' lang='lat' dir='ltr'><strong>kept</strong></span> <span class='ocrx_word' id='word_1_524' title='bbox 836 4634 857 4673; x_wconf 91' lang='lat' dir='ltr'><strong>in</strong></span> <span class='ocrx_word' id='word_1_525' title='bbox 867 4634 895 4674; x_wconf 83' lang='lat' dir='ltr'><strong>all</strong></span> <span class='ocrx_word' id='word_1_526' title='bbox 911 4645 948 4674; x_wconf 84' lang='lat' dir='ltr'><strong>en·</strong></span> <span class='ocrx_word' id='word_1_527' title='bbox 1005 4638 1032 4687; x_wconf 77' lang='lat' dir='ltr'><strong>te)</strong></span> <span class='ocrx_word' id='word_1_528' title='bbox 1047 4636 1071 4675; x_wconf 85' lang='lat' dir='ltr'><strong>h.</strong></span> <span class='ocrx_word' id='word_1_529' title='bbox 1080 4635 1107 4675; x_wconf 85' lang='lat' dir='ltr'><strong>de</strong></span> <span class='ocrx_word' id='word_1_530' title='bbox 1115 4635 1208 4676; x_wconf 84' lang='lat' dir='ltr'><strong>tormule</strong></span> <span class='ocrx_word' id='word_1_531' title='bbox 1220 4635 1300 4676; x_wconf 82' lang='lat' dir='ltr'><strong>ltiese.</strong></span> <span class='ocrx_word' id='word_1_532' title='bbox 1314 4635 1343 4688; x_wconf 73' lang='lat' dir='ltr'><strong>(a)</strong></span> <span class='ocrx_word' id='word_1_533' title='bbox 1355 4636 1370 4676; x_wconf 79' lang='lat' dir='ltr'><strong>h</strong></span> <span class='ocrx_word' id='word_1_534' title='bbox 1386 4636 1485 4687; x_wconf 73' lang='lat' dir='ltr'><strong>iv.·&#39;,lnst.</strong></span> <span class='ocrx_word' id='word_1_535' title='bbox 1494 4647 1514 4677; x_wconf 88' lang='lat' dir='ltr'><strong>c.</strong></span> <span class='ocrx_word' id='word_1_536' title='bbox 1522 4635 1577 4676; x_wconf 80' lang='lat' dir='ltr'><strong>xvii.</strong></span> 
     </span>
     <span class='ocr_line' id='line_1_48' title="bbox 356 4700 1561 4758; baseline 0.007 -19"><span class='ocrx_word' id='word_1_537' title='bbox 356 4700 413 4741; x_wconf 86' lang='lat' dir='ltr'><strong>cient</strong></span> <span class='ocrx_word' id='word_1_538' title='bbox 422 4703 599 4758; x_wconf 80' lang='lat' dir='ltr'><strong>Churchee‚and</strong></span> <span class='ocrx_word' id='word_1_539' title='bbox 614 4706 633 4748; x_wconf 80' lang='lat' dir='ltr'><strong>ie</strong></span> <span class='ocrx_word' id='word_1_540' title='bbox 651 4706 678 4758; x_wconf 70' lang='lat' dir='ltr'><strong>by</strong></span> <span class='ocrx_word' id='word_1_541' title='bbox 695 4714 756 4745; x_wconf 87' lang='lat' dir='ltr'><strong>some</strong></span> <span class='ocrx_word' id='word_1_542' title='bbox 772 4703 795 4742; x_wconf 89' lang='lat' dir='ltr'><strong>oi</strong></span> <span class='ocrx_word' id='word_1_543' title='bbox 808 4703 846 4743; x_wconf 80' lang='lat' dir='ltr'><strong>tire</strong></span> <span class='ocrx_word' id='word_1_544' title='bbox 859 4704 946 4745; x_wconf 85' lang='lat' dir='ltr'><strong>Fethers</strong></span> <span class='ocrx_word' id='word_1_545' title='bbox 1005 4704 1045 4754; x_wconf 82' lang='lat' dir='ltr'><strong>(to)</strong></span> <span class='ocrx_word' id='word_1_546' title='bbox 1059 4704 1110 4744; x_wconf 79' lang='lat' dir='ltr'><strong>vide</strong></span> <span class='ocrx_word' id='word_1_547' title='bbox 1118 4704 1237 4746; x_wconf 80' lang='lat' dir='ltr'><strong>Calvinien.</strong></span> <span class='ocrx_word' id='word_1_548' title='bbox 1246 4704 1332 4758; x_wconf 87' lang='lat' dir='ltr'><strong>discipl.</strong></span> <span class='ocrx_word' id='word_1_549' title='bbox 1341 4717 1360 4745; x_wconf 82' lang='lat' dir='ltr'><strong>e.</strong></span> <span class='ocrx_word' id='word_1_550' title='bbox 1368 4705 1445 4746; x_wconf 82' lang='lat' dir='ltr'><strong>xiitit.</strong></span> <span class='ocrx_word' id='word_1_551' title='bbox 1453 4706 1481 4747; x_wconf 87' lang='lat' dir='ltr'><strong>de</strong></span> <span class='ocrx_word' id='word_1_552' title='bbox 1495 4716 1561 4747; x_wconf 74' lang='lat' dir='ltr'><strong>ccede</strong></span> 
     </span>
     <span class='ocr_line' id='line_1_49' title="bbox 358 4772 1479 4841; baseline 0.005 -32"><span class='ocrx_word' id='word_1_553' title='bbox 358 4774 465 4827; x_wconf 59' lang='lat' dir='ltr'><strong>expromi!</strong></span> <span class='ocrx_word' id='word_1_554' title='bbox 483 4775 587 4817; x_wconf 80' lang='lat' dir='ltr'><strong>reeloued</strong></span> <span class='ocrx_word' id='word_1_555' title='bbox 601 4778 701 4827; x_wconf 74' lang='lat' dir='ltr'><strong>emonget</strong></span> <span class='ocrx_word' id='word_1_556' title='bbox 714 4772 750 4814; x_wconf 88' lang='lat' dir='ltr'><strong>the</strong></span> <span class='ocrx_word' id='word_1_557' title='bbox 765 4772 878 4815; x_wconf 79' lang='lat' dir='ltr'><strong>unnritteu</strong></span> <span class='ocrx_word' id='word_1_558' title='bbox 895 4784 947 4826; x_wconf 88' lang='lat' dir='ltr'><strong>apo·</strong></span> <span class='ocrx_word' id='word_1_559' title='bbox 979 4778 1021 4815; x_wconf 83' lang='lat' dir='ltr'><strong>art.</strong></span> <span class='ocrx_word' id='word_1_560' title='bbox 1032 4772 1069 4814; x_wconf 87' lang='lat' dir='ltr'><strong>rii.</strong></span> <span class='ocrx_word' id='word_1_561' title='bbox 1079 4773 1137 4826; x_wconf 85' lang='lat' dir='ltr'><strong>apud</strong></span> <span class='ocrx_word' id='word_1_562' title='bbox 1146 4774 1237 4815; x_wconf 83' lang='lat' dir='ltr'><strong>Boseuet</strong></span> <span class='ocrx_word' id='word_1_563' title='bbox 1246 4773 1269 4814; x_wconf 87' lang='lat' dir='ltr'><strong>in</strong></span> <span class='ocrx_word' id='word_1_564' title='bbox 1278 4785 1350 4827; x_wconf 79' lang='lat' dir='ltr'><strong>expos.</strong></span> <span class='ocrx_word' id='word_1_565' title='bbox 1359 4772 1410 4841; x_wconf 69' lang='lat' dir='ltr'><strong>fidei</strong></span> <span class='ocrx_word' id='word_1_566' title='bbox 1419 4775 1479 4817; x_wconf 81' lang='lat' dir='ltr'><strong>cath.</strong></span> 
     </span>
    </p>
   </div>
   <div class='ocr_carea' id='block_1_8' title="bbox 0 0 1929 5550">
    <p class='ocr_par' dir='ltr' id='par_1_8' title="bbox 0 0 1929 5550">
     <span class='ocr_line' id='line_1_50' title="bbox 0 0 1929 5550; baseline 0 0"><span class='ocrx_word' id='word_1_567' title='bbox 0 0 1929 5550; x_wconf 95' lang='lat' dir='ltr'><strong> </strong></span> 
     </span>
    </p>
   </div>
  </div>
 </body>
</html>
