3792 5550
404 564 450 615 alo
708 542 822 599 ababa.
842 541 907 590 xlll.
928 538 956 587 Ρ.
977 534 996 582 Ι.
1017 531 1058 581 ba
1079 530 1302 582 ababaalsrla.

401 690 481 732 suram
511 671 626 732 fuderit,
646 666 703 733 pari
726 662 880 723 oblatione,
900 667 966 723 quae
984 664 1000 703 a
1026 655 1134 703 caretur
1145 650 1180 701 ab
1193 649 1260 714 ipsis
1272 687 1279 711 ,
1293 648 1373 701 vivus
1392 648 1514 712 alioquin
1531 654 1559 701 et
1576 649 1618 701 in·
1700 669 1701 676 ,

402 763 509 817 lusione
531 758 649 812 violenta
679 749 791 804 omnino
819 746 909 798 distat.
930 744 994 805 Quae
1028 743 1112 803 teger.

402 850 492 902 adbuc
507 845 536 896 fit
554 843 582 893 in
595 837 696 891 divinis
711 828 883 887 celebrandis
896 831 994 893 myste
1057 824 1119 873 ill.
1141 823 1218 887 lasp.
1241 824 1376 875 Noveram
1397 820 1519 887 Apostoli
1540 822 1626 872 Clari«

401 934 450 989 riis
462 926 613 982 immolatio
638 917 772 989 eiusmodi
793 920 848 978 ost,
871 920 932 979 quae
952 911 993 962 id·
1028 914 1100 961 stum
1118 909 1208 974 palam
1220 908 1370 973 pollicitum
1389 920 1450 960 esse
1467 902 1625 960 secernem-

402 1020 474 1072 circo
488 1012 615 1081 gloriosae
635 1004 757 1071 corporis
779 999 878 1054 Christi
897 996 996 1051 condi·
1028 1008 1105 1047 suam
1120 994 1340 1046 manducandam
1355 993 1482 1046 daturum
1502 1008 1508 1043 :
1527 994 1623 1045 audie·
1700 969 1701 978 ἵ

404 1102 471 1158 tioni
494 1112 550 1153 non
571 1097 704 1161 repugnat
724 1107 730 1142 :
752 1093 794 1143 est
814 1087 901 1149 enim,
921 1083 960 1136 uti
978 1096 993 1134 a
1027 1086 1092 1133 runt
1104 1094 1167 1133 eum
1186 1080 1364 1132 affirmantem
1381 1078 1447 1131 illud
1466 1080 1540 1144 quod
1562 1092 1618 1130 ma·

406 1188 531 1243 Patribus
545 1182 686 1238 consuevit
702 1175 994 1245 designari‚incruen·
1028 1166 1109 1219 nibus
1129 1166 1239 1218 tenebat
1265 1178 1327 1217 esse
1349 1178 1449 1230 corpus
1470 1178 1562 1216 suum.
1590 1164 1625 1215 lo
1700 1217 1701 1230 ,

404 1283 429 1328 ta
444 1273 565 1327 oblatio:
581 1269 606 1323 vi
628 1266 731 1321 scilicet
743 1261 855 1329 sanguis
866 1271 921 1311 non
936 1256 996 1308 luu-
1028 1252 1110 1318 igitur
1119 1252 1216 1303 humili
1230 1250 1330 1303 mentis
1343 1249 1477 1315 obsequio
1492 1254 1618 1314 excipere
1700 1271 1701 1338 1

402 1362 486 1422 ditur,
501 1355 625 1424 quamvis
637 1364 700 1405 vere
714 1350 803 1410 adsit,
821 1351 847 1399 et
866 1342 996 1397 offeratur
1028 1339 1191 1391 debuerunt.
1210 1340 1343 1391 Caeterum
1361 1350 1446 1403 quum
1471 1337 1524 1389 boc
1542 1335 1619 1389 tieret

405 1451 459 1500 beo
483 1448 509 1497 in
542 1439 703 1494 memoriam
733 1434 850 1487 lusionis
878 1430 937 1495 ejus
966 1427 993 1477 in
1029 1424 1056 1475 in
1077 1424 1223 1491 mysterio,
1251 1436 1351 1476 arcano
1375 1423 1495 1489 quodam
1518 1422 1624 1476 divina

404 1546 494 1587 cruce,
1027 1510 1170 1575 potestatis
1188 1509 1322 1571 consilio,
1345 1521 1401 1562 non
1426 1508 1573 1573 oportebat
1593 1507 1618 1558 id

440 1620 495 1669 l08.
516 1614 574 1679 obj.
594 1612 633 1663 la.
646 1606 794 1662 consuevit
812 1601 928 1657 convivii
947 1615 994 1667 pa·
1027 1598 1148 1649 humano
1166 1609 1249 1648 sensu
1269 1594 1400 1657 scrutari,
1418 1593 1561 1659 quomodo
1574 1593 1619 1657 otti

405 1702 505 1756 scbalis
533 1697 681 1764 magister,
707 1706 756 1745 seu
778 1688 993 1755 paterfamilias,
1027 1680 1144 1733 naturali
1166 1679 1324 1733 conditione
1342 1691 1445 1731 mensae
1471 1678 1619 1731 accumbe-

401 1800 502 1857 pancm
537 1779 701 1849 porrigendo
737 1777 829 1829 dicere
857 1790 864 1825 ε
896 1793 912 1821 «
946 1772 993 1825 llic
1028 1766 1091 1829 bat,
1108 1765 1166 1817 suis
1179 1765 1238 1830 ipse
1251 1764 1402 1817 deterretur
1413 1763 1553 1826 manibuS,
1569 1764 1628 1816 sub

404 1880 446 1929 est
483 1870 561 1937 panis
581 1863 734 1919 afflictionis
753 1874 835 1928 quem
858 1858 990 1912 comede·
1027 1850 1317 1912 velosacramenti,et
1329 1850 1365 1902 ita
1381 1850 1485 1915 absque
1502 1850 1560 1903 ullo
1577 1849 1625 1901 sui

405 1962 472 2013 bant
498 1960 590 2022 patres
607 1949 693 2005 nostri
718 1948 746 1999 in
762 1948 887 2013 AEgypto.
905 1963 916 1988 l
943 1942 995 2009 lgi-
1028 1936 1193 1989 detrimento
1213 1935 1240 1987 in
1263 1934 1354 1988 cibum
1369 1934 1467 1987 animae
1483 1935 1622 1999 recipere·

405 2055 448 2100 tur
471 2041 571 2097 Christi
596 2038 680 2093 verba
704 2034 781 2087 iacile
801 2015 998 2096 intelligebam*
1030 2029 1081 2075 tur.
1093 2021 1185 2075 bivina
1196 2023 1256 2073 haec
1269 2027 1333 2073 sunt
1351 2033 1433 2087 opera
1449 2032 1510 2085 quae
1525 2020 1626 2071 mirari

406 2140 450 2186 tur
476 2128 541 2195 quid
570 2124 648 2192 panis
673 2121 884 2188 repraesentaret
910 2114 995 2181 signi·
1029 2109 1359 2173 etadurareoportet.au
1378 2121 1435 2161 rem
1450 2107 1628 2174 Augustinus·
1677 2152 1681 2156 .

405 2220 496 2272 ficare,
1030 2196 1057 2247 in
1078 2196 1214 2247 Psalmum
1233 2194 1404 2261 trigesimum
1424 2193 1536 2246 tertium
1551 2196 1623 2246 scri-

441 2304 496 2355 ltlb.
509 2302 588 2366 Rcsp.
603 2300 640 2350 lle
657 2289 857 2348 consuetudine
874 2288 920 2339 illa
939 2298 995 2338 aon
1029 2282 1098 2334 bens
1114 2297 1121 2332 :
1140 2301 1152 2326 a
1168 2280 1350 2346 atterebatur
1367 2281 1397 2332 in
1409 2279 1537 2333 manibus
1550 2281 1622 2332 suin

406 2392 513 2443 constat
526 2402 532 2437 :
546 2385 555 2419 ¹
570 2397 632 2436 nam
646 2382 674 2433 in
687 2376 826 2432 veteribus
837 2374 996 2427 ludaeorum
1030 2370 1086 2420 lloc
1110 2380 1193 2430 vero„
1216 2367 1331 2429 iratres,
1359 2366 1498 2432 quomodo
1525 2371 1629 2431 posset

406 2475 482 2529 libris
494 2471 632 2539 inquibus
644 2464 779 2533 paschalis
796 2459 911 2515 convivii
928 2458 996 2510 ritus
1030 2452 1088 2507 fieri
1110 2453 1137 2505 in
1156 2453 1284 2515 tremine,
1304 2452 1365 2517 quis
1386 2451 1541 2517 intelligat?
1556 2451 1626 2514 Quis

406 2559 617 2617 describuntur,
636 2550 747 2604 omnino
767 2548 802 2601 de
827 2560 859 2599 ea
880 2545 996 2607 siletur,
1030 2538 1102 2593 eninr
1117 2543 1239 2605 portatur
1258 2538 1285 2589 in
1302 2537 1428 2589 manibus
1446 2535 1527 2589 suist
1540 2537 1624 2588 ilani,

406 2649 483 2714 cujus
495 2644 600 2709 primus
618 2634 742 2689 meminit
753 2629 932 2685 llaimonides
945 2641 997 2681 sse·
1030 2626 1082 2678 bus
1096 2625 1212 2678 aliorum
1224 2624 1326 2690 portari
1345 2627 1436 2689 potest
1451 2623 1554 2684 bomo,
1568 2635 1625 2673 ma

406 2733 460 2793 culi
488 2724 643 2784 duodecimi
674 2721 799 2788 scriptor.
826 2718 838 2751 ²
861 2720 995 2769 caeterum
1030 2711 1111 2763 nibus
1129 2710 1186 2763 suis
1212 2722 1297 2762 nemo-
1319 2713 1452 2775 portatur.
1477 2708 1631 2771 Quomodo·

405 2820 488 2873 verba
507 2816 551 2866 illa
562 2811 639 2865 initio
650 2808 743 2875 hymni
759 2807 905 2866 dicuntur,
923 2801 996 2854 baud
1030 2797 1196 2864 intelligatur
1223 2797 1250 2847 in
1271 2795 1336 2859 ipso
1357 2794 1439 2846 David
1467 2794 1629 2846 secundum

406 2905 485 2974 panis
502 2895 659 2966 porrigendi
679 2891 844 2953 occasione,
867 2896 894 2942 et
922 2889 997 2940 bunc
1029 2885 1148 2938 litteram
1175 2895 1230 2934 non
1256 2880 1428 2940 irruenimus;
1456 2880 1485 2931 in
1511 2881 1625 2932 cbristo

407 2977 761 3052 nabentsensum21‘anis
784 2976 997 3040 istequonunc
1030 2976 1120 3023 autem
1156 2967 1319 3021 invenimus.
1357 2967 1507 3018 Ferebatur
1546 2967 1629 3018 enim·

407 3073 545 3129 vescimur
565 3068 688 3136 ejusdem
711 3069 753 3116 est
770 3060 877 3129 generis
901 3073 932 3113 ac
951 3059 997 3112 ille
1030 3056 1152 3108 Christus
1179 3053 1207 3104 iu
1236 3051 1363 3103 manibus
1398 3050 1473 3114 suis,
1510 3052 1623 3118 quando

407 3172 462 3227 quo
475 3162 567 3224 patres
585 3152 671 3206 nostri
681 3153 708 3201 in
718 3151 832 3216 AEgypto
848 3145 997 3200 vesceban·
1030 3138 1227 3193 commendans
1240 3138 1329 3202 ipsum
1341 3149 1441 3202 corpus
1456 3138 1630 3196 suum,aitr

406 3254 459 3300 tur.
477 3240 651 3295 Recentiorcs
674 3233 761 3288 ludaei
782 3229 997 3285 consuetudines
1030 3244 1046 3272 a
1063 3225 1116 3277 boo
1141 3228 1182 3276 est
1198 3235 1298 3287 corpus
1326 3235 1418 3274 meum
1442 3237 1448 3273 :
1472 3241 1488 3270 a
1515 3223 1626 3276 terebat

369 3363 378 3382 .
407 3335 509 3389 babent
540 3327 671 3397 plurimas
702 3321 841 3376 veteribus
868 3321 996 3386 ignotas,
1030 3311 1103 3363 enim
1128 3310 1196 3361 illud
1220 3321 1320 3374 corpus
1341 3307 1368 3359 in
1395 3307 1523 3360 manibus
1551 3309 1622 3361 suis.

407 3433 468 3486 quae
487 3417 524 3468 nil
541 3415 632 3467 valent
646 3413 675 3462 in
687 3407 787 3462 Christi
798 3405 904 3460 Domini
916 3404 996 3457 dictis
1032 3400 1091 3464 lpsa
1105 3403 1147 3449 est
1157 3395 1314 3447 humanitas
1326 3393 1432 3448 Domini
1450 3394 1538 3446 nostri
1555 3397 1629 3448 lesu

406 3505 449 3557 vel
471 3502 553 3554 rebus
573 3495 658 3564 gestis
676 3491 854 3546 illustrandis.
874 3489 996 3542 Proiecto
1030 3482 1150 3541 Christi3
1177 3481 1236 3546 ipsa
1269 3481 1384 3532 multum
1410 3481 1627 3533 commendatus

408 3588 478 3644 actio
491 3585 549 3647 ejus
561 3592 660 3647 panem
679 3579 706 3631 in
727 3590 825 3630 manus
843 3573 996 3636 sumentis,
1030 3566 1197 3620 bominibus.
1216 3565 1262 3612 »³

407 3679 434 3726 et
446 3668 580 3724 dicentis:
600 3667 679 3718 ailoe
695 3669 736 3717 est
749 3675 848 3728 corpus
861 3671 963 3717 meum3
981 3674 993 3704 ι
1064 3653 1122 3703 lla.
1142 3650 1201 3716 Obj.
1228 3653 1268 3701 lt.
1296 3649 1493 3710 Tertullianus,
1524 3653 1631 3702 eontra

407 3753 553 3822 singularis
575 3763 687 3818 prorsus
713 3755 775 3806 ost,
797 3749 953 3798 aveterum
970 3747 998 3794 et
1030 3736 1194 3789 Marcionem
1228 3736 1387 3801 disputans,
1409 3734 1455 3800 qui
1483 3734 1632 3786 Christum.

408 3842 589 3908 recentiorum
603 3837 760 3890 ludaeorum
780 3831 877 3884 ritibus
890 3833 917 3882 et
932 3841 997 3881 con·
1031 3836 1134 3876 meram
1147 3827 1286 3874 externam
1303 3821 1422 3887 speciem
1433 3820 1558 3886 corporis
1570 3821 1626 3871 hm

408 3928 552 3982 suetudine
568 3929 625 3978 toto
644 3920 713 3974 coelo
726 3917 842 3969 distans.
1031 3908 1104 3960 mani
1123 3907 1253 3960 babuisse
1268 3906 1393 3969 dicebat,
1410 3910 1437 3958 ot
1458 3917 1473 3956 a
1491 3907 1627 3957 creatora

442 4016 498 4067 llo.
520 4011 579 4074 ott.
597 4011 637 4062 15.
657 4008 743 4069 Qutrm
758 4001 880 4055 Christus
894 4012 998 4053 mensae
1032 4007 1122 4047 rerum
1135 4006 1197 4046 esse
1215 3991 1350 4054 alienum,
1362 3989 1501 4042 veritatem
1515 4001 1627 4041 assum·

408 4099 595 4157 accumberet,
630 4089 752 4157 apostoli
785 4100 840 4140 non
872 4089 998 4152 poterant
1033 4087 1087 4146 ptae
1112 4085 1231 4141 naturae,
1253 4083 1280 4130 et
1312 4088 1375 4129 eum
1398 4087 1460 4127 esso
1485 4074 1637 4126 creatoris-

407 4188 490 4244 verba
521 4185 581 4251 ejus
608 4179 647 4232 ita
686 4175 824 4241 accipere,
846 4177 876 4226 ut
909 4170 999 4223 mani·
1032 4167 1128 4220 Filium
1145 4164 1273 4220 vindicat.
1292 4164 1346 4214 liae
1365 4174 1398 4214 ex
1418 4161 1566 4214 occasione
1582 4158 1638 4210 di⁹

408 4277 461 4330 bus
481 4273 563 4326 ferret
586 4277 686 4332 corpus
713 4275 813 4326 suum,
838 4265 865 4314 et
882 4258 997 4312 manda·
1030 4254 1113 4308 cit:«
1125 4254 1177 4308 Sed
1197 4253 1242 4304 illc
1257 4263 1349 4316 usque
1369 4259 1505 4300 uuncnoc
1522 4257 1634 4311 aquam

435 4556 461 4608 (t)
476 4555 525 4606 lpse
541 4547 718 4592 Calvinusait'2a
733 4545 840 4585 lacertum
856 4546 889 4582 est
905 4551 933 4580 an
943 4539 999 4580 ritus
1032 4537 1095 4588 cuius
1120 4540 1193 4588 partes
1211 4532 1297 4573 familie
1314 4529 1436 4572 distribuat
1451 4540 1461 4564 u
1475 4527 1498 4566 ln
1516 4527 1601 4565 llaruto

409 4627 446 4678 qui
460 4623 524 4664 bodie
539 4619 629 4661 celebris
645 4623 678 4659 est
695 4615 852 4663 intertuaeos,
869 4617 920 4652 tunc
933 4610 999 4650 etiam
1032 4609 1113 4658 Euerg.
1123 4617 1145 4658 p.
1159 4605 1183 4645 ii.
1192 4617 1214 4644 n.
1225 4609 1268 4645 tot.
1277 4613 1343 4643 sacrae
1352 4601 1423 4642 corne
1430 4595 1547 4638 institutio.

411 4695 475 4735 tuerit
485 4691 592 4732 usitatus:
603 4699 652 4728 narn
662 4683 816 4738 paterfamilias
833 4681 976 4733 fragmentum
987 4690 1001 4719 ι
1057 4676 1086 4729 (a)
1096 4675 1147 4715 vtae
1156 4674 1255 4714 Lectures
1264 4683 1293 4712 on
1301 4671 1337 4711 tire
1345 4667 1459 4710 Eucharist
1467 4666 1495 4718 by
1503 4665 1644 4705 Wiseman..

412 4764 520 4806 communi
538 4771 593 4813 pane
606 4762 717 4809 sumptum
735 4754 775 4794 sub
793 4763 871 4804 mappa
882 4750 1001 4804 recondit,
1033 4749 1122 4788 lrecture
1136 4743 1170 4785 rii.
1198 4743 1226 4794 (tl
1241 4743 1316 4782 Enarr.
1331 4734 1486 4779 indemni.
