3792 5550
574 610 643 661 cte.
664 608 704 657 rv.
724 611 765 662 un
783 610 981 663 urrncrtaus
999 612 1291 663 sloalnurnoaun.
1490 611 1537 661 tet
1627 611 1630 618 ·
1675 573 1680 582 ’

320 715 377 779 A'lia
394 724 550 777 testimonia
570 724 697 777 dedimus
721 726 786 777 dum
809 726 843 777 de
863 726 912 777 Ba·
946 724 1120 789 primendum
1148 726 1381 791 comparationem
1404 726 1536 789 instituit,

320 810 411 876 ptismi
420 811 579 862 charactere
593 810 734 875 speciatim
745 809 910 876 ageremus.¹
947 811 1016 862 adeo
1038 816 1068 863 ut
1089 826 1174 863 unum
1205 811 1281 863 alteri
1305 811 1447 875 adaquat,
1464 812 1539 877 quod

352 899 393 948 89.
407 897 539 949 Probatur
557 896 639 949 etiam
662 909 695 949 ex
715 903 844 963 perpetua
861 898 910 949 lic-
946 895 1059 962 impium
1080 902 1107 948 et
1132 897 1283 948 absurdum
1303 896 1389 957 loret3
1411 897 1459 949 sed
1481 901 1540 948 tan·

319 984 410 1037 clesiae
431 984 649 1047 consuetudine,
666 986 744 1047 juxta
765 995 846 1048 quarn
860 982 912 1034 tria
946 986 1005 1033 tum
1023 986 1052 1033 ut
1074 983 1202 1034 ostendat
1225 982 1317 1034 valere
1338 982 1533 1047 Baptismuma

318 1072 364 1122 illa
383 1073 556 1122 Sacramenta
577 1071 661 1122 semel
682 1068 771 1122 valide
786 1072 912 1133 suscepta
946 1070 1051 1120 Donato
1063 1068 1212 1130 collatum,
1231 1068 1421 1121 animadvertit
1434 1082 1496 1120 eum
1507 1068 1536 1121 in

318 1168 457 1222 nunquam
484 1154 581 1207 iterum
616 1154 809 1214 conteruntur3
834 1153 911 1219 cujus
947 1165 998 1205 sno
1017 1154 1129 1206 nomine
1150 1167 1206 1206 non
1230 1154 1395 1219 baptizasse,
1417 1155 1535 1220 ideoque

318 1242 356 1295 rei
371 1242 438 1295 ratio
452 1242 589 1295 sufficiens
611 1241 669 1293 dari
690 1240 800 1306 nequit,
813 1242 912 1305 praeter
946 1253 1002 1293 non
1016 1252 1096 1292 suum
1111 1241 1160 1293 sed
1178 1240 1277 1292 christi
1289 1242 1473 1294 characterem
1487 1242 1536 1293 im·

317 1343 378 1382 eam
411 1343 494 1396 quam
526 1330 584 1395 ipsa
610 1328 736 1394 agnoscit
769 1326 910 1390 Ecclesia,
945 1327 1090 1391 pressisse.
1110 1327 1538 1393 stantempertmposattite,nt

316 1428 415 1480 nempe
437 1415 500 1481 quia
521 1414 668 1466 indelebile
687 1413 794 1481 signum
812 1412 910 1464 animae
945 1412 1037 1475 aiunt,
1050 1414 1222 1465 suonomine
1238 1413 1469 1479 baptizanssuum
1481 1413 1535 1465 im-

316 1499 484 1563 imprimunt.
501 1499 565 1551 Vide
583 1498 617 1551 de
633 1499 772 1564 baptismo
785 1504 812 1549 et
832 1497 911 1549 Ordi-
944 1499 1091 1561 pressisset
1108 1498 1311 1563 characterem,
1335 1512 1414 1566 «ego
1425 1520 1437 1545 r
1448 1501 1532 1553 -in·

316 1583 426 1635 natione
449 1596 505 1637 non
524 1584 657 1636 iterandis
679 1582 830 1636 Concilium
847 1584 910 1634 Gar·
944 1584 1003 1649 quit
1023 1586 1190 1651 Augustinus
1211 1598 1244 1638 eo
1268 1587 1337 1649 loci,
1354 1607 1407 1632 —«
1422 1588 1533 1653 quando

314 1668 475 1733 thaginense
499 1667 567 1718 lll.¹
588 1668 623 1720 dc
647 1668 860 1720 confirmatione
881 1670 907 1720 S.
943 1681 1070 1721 vocarem
1084 1670 1119 1721 ad
1136 1670 1282 1734 unitatem,
1296 1672 1318 1724 si
1329 1672 1478 1725 invenirem
1489 1674 1533 1725 de

313 1751 532 1819 Augustinum,⁸
551 1754 577 1803 S.
592 1752 750 1817 Gregorium
766 1754 799 1803 ll.
812 1752 823 1785 ⁶
837 1752 909 1805 Con·
944 1755 1057 1807 sertoris
1081 1756 1284 1818 characterem,
1308 1758 1536 1819 exterminarem,

314 1838 407 1891 cilium
427 1839 589 1891 Toletanum
607 1840 674 1888 vlit.
704 1850 777 1890 anno
802 1839 908 1901 osset
944 1842 1080 1905 delerem,
1111 1842 1268 1905 abolerem,
1294 1842 1454 1908 abjicerem,
1476 1856 1531 1896 non

315 1924 496 1978 cabilonense
513 1924 546 1975 ll.
571 1938 643 1976 anno
663 1926 720 1975 ata.
740 1924 806 1977 Vide
825 1922 908 1976 etiam
943 1929 1142 1993 approbarem,
1167 1942 1345 1994 respuerem,
1374 1930 1532 1982 anathema·

314 2008 743 2062 Florentinumettridentinum.
942 2013 1068 2076 tizarem,
1090 2014 1259 2066 damnarem.
1291 2017 1367 2067 Nunc
1387 2028 1451 2067 vero
1473 2015 1533 2080 ipse

442 2094 609 2161 adjectiones
627 2096 780 2147 solvuntur.
942 2097 1068 2150 desertor
1085 2099 1269 2151 characterem
1290 2099 1345 2151 lixit
1356 2100 1530 2165 imperatoris

348 2182 389 2233 90.
411 2180 469 2247 otj.
490 2184 514 2232 l.
544 2182 571 2232 S.
598 2180 765 2247 Augustinus
787 2180 908 2245 loquitur
943 2182 995 2233 sui.
1009 2184 1081 2234 lteus
1093 2189 1121 2235 et
1130 2183 1362 2237 bominnsnoster
1372 2187 1531 2238 lesnschri·

313 2270 463 2321 tantumde
476 2269 632 2321 charactere
651 2269 769 2321 exterius
782 2271 905 2335 cognito,
942 2275 1001 2321 stus
1014 2270 1110 2335 quaerit
1129 2269 1317 2334 desertorem,
1336 2271 1410 2324 delet
1430 2273 1532 2325 erroris

315 2356 418 2409 scilicet
430 2356 464 2407 de
476 2355 577 2408 indicio
604 2355 654 2407 rite
671 2354 791 2421 suscepti
811 2354 903 2421 Bapti—
941 2356 1059 2415 crimen,
1074 2355 1120 2407 sed
1133 2368 1188 2407 non
1201 2356 1362 2408 exterminat
1374 2370 1454 2410 sunm
1469 2360 1532 2411 cha·

315 2442 385 2496 smi:
402 2441 539 2494 «Attendo
552 2440 633 2492 fidem
648 2440 675 2491 in
687 2440 906 2503 nominePatris,
941 2448 1084 2494 racterem.
1105 2442 1143 2488 »θ
1168 2445 1204 2492 lix
1226 2443 1269 2494 his
1292 2442 1370 2495 facile
1394 2445 1532 2511 colligitur

314 2534 341 2580 et
353 2528 429 2591 Filii,
443 2533 470 2579 et
483 2526 602 2591 Spiritus
615 2525 711 2576 sancti.
727 2526 781 2577 lste
795 2529 836 2576 est
844 2527 906 2577 cha·
940 2527 1120 2593 augustinum
1144 2528 1250 2578 nullum
1272 2540 1419 2593 agnoscere
1439 2531 1531 2583 chara·

314 2619 402 2665 racter
414 2610 660 2677 imperatorismei.
673 2610 704 2655 »³
717 2612 775 2663 lmo
788 2610 905 2663 nonalio
940 2617 1042 2664 cterem
1062 2612 1174 2674 bonati,
1195 2612 1244 2663 sed
1265 2618 1370 2664 tantum
1393 2613 1532 2667 declarare

315 2712 398 2751 sensu
407 2699 591 2751 characterem
602 2696 699 2748 Christi
720 2696 747 2748 in
759 2696 847 2749 valide
860 2696 907 2749 ba·
940 2711 993 2763 qua
1001 2696 1106 2749 ratione
1117 2710 1179 2749 eum
1192 2695 1306 2761 deleret,
1318 2696 1339 2749 si
1350 2711 1399 2762 per
1409 2698 1532 2764 impossi-

314 2784 413 2851 ptizato
442 2783 575 2846 admittit,
611 2797 692 2849 quam
719 2785 903 2836 characterem
939 2783 1271 2849 ditetnissetimpressus.

314 2871 410 2924 bonati
433 2870 460 2922 in
482 2869 578 2922 bonati
608 2869 803 2931 sectatoribus,
832 2868 904 2921 siin
971 2869 1087 2935 aautj.
1107 2868 1377 2921 2.Antelnnocentii
1395 2872 1441 2921 lll.
1462 2876 1530 2923 tem·

313 2957 398 3023 ipsius
409 2956 520 3009 nomina
528 2954 645 3008 fuissent
653 2955 779 3021 baptizati
795 2957 902 3008 :ullam
938 2969 1006 3023 pora
1019 2956 1052 3009 de
1068 2957 1226 3008 charactere
1239 2955 1306 3007 nihil
1328 2961 1432 3008 certum
1445 2957 1531 3010 habe-

314 3042 336 3094 si
350 3045 470 3094 bonatus
490 3041 601 3106 quando
627 3042 746 3094 schisma
767 3040 851 3101 iecit,
875 3038 903 3092 in
938 3048 1007 3095 tur:
1025 3043 1171 3096 illeautem
1182 3043 1288 3108 primus
1301 3055 1363 3095 eum
1377 3058 1531 3110 propugna-
1620 3084 1623 3089 .

313 3125 424 3178 nominc
441 3126 536 3180 Donati
564 3127 726 3192 baptizaret,
750 3124 901 3185 desertoris
936 3128 1048 3182 missa
1068 3129 1226 3196 hujusmodi
1253 3127 1365 3181 effectus
1389 3129 1464 3182 hisce
1483 3131 1530 3182 Sa·

313 3213 497 3264 characterem
511 3211 644 3278 infigeret.
660 3231 672 3256 r
940 3213 1088 3266 oramentis
1102 3214 1225 3266 adnexus
1237 3213 1351 3275 fuisset,
1364 3213 1399 3265 de
1410 3227 1444 3266 co
1461 3215 1532 3267 Scri·

346 3299 387 3348 at.
408 3298 485 3362 Resp.
499 3297 666 3364 Augustinus
684 3300 757 3347 certe
780 3293 903 3359 loquitur
936 3305 1025 3364 pturae
1044 3304 1071 3351 et
1082 3301 1175 3350 Patres
1186 3298 1359 3363 perspicuam
1372 3300 1467 3363 procul
1481 3300 1531 3352 (tp.

313 3380 347 3433 de
362 3381 519 3434 charactere
538 3380 565 3432 in
586 3380 675 3432 anima
689 3379 840 3444 impresso,
855 3377 902 3444 qui
937 3383 984 3435 bio
997 3382 1127 3436 iecissent
1139 3382 1318 3435 mentionem.

313 3465 449 3531 baptismo
470 3465 594 3518 iterando
607 3466 717 3529 obstat,
738 3464 777 3516 uti
798 3477 829 3516 ex
845 3467 905 3516 tota·
969 3469 1012 3519 93.
1033 3469 1112 3532 neap.
1127 3469 1190 3530 Quae
1207 3480 1238 3519 ex
1258 3467 1401 3533 Patribus,
1413 3483 1531 3534 prascr-⁴

312 3551 530 3626 cumhonatistis
540 3550 726 3616 disputatione
738 3549 834 3614 liquet.
849 3547 903 3601 Uti·
937 3554 986 3605 tim
1008 3553 1177 3620 Augustino,
1203 3553 1346 3606 citavimus
1374 3556 1529 3609 testimonia

313 3643 356 3690 tur
377 3642 467 3691 autem
486 3637 587 3690 indicio
611 3637 901 3702 illo'exteruocogno·
937 3641 1018 3706 plane
1040 3639 1171 3693 evincunt
1191 3641 1272 3704 longe
1294 3647 1357 3694 ante
1378 3643 1529 3696 innocentii

312 3724 406 3778 scendi
417 3731 507 3777 utrum
521 3737 616 3777 revera
633 3715 774 3788 spirituale
785 3721 852 3774 illud
866 3720 901 3773 si·
936 3731 1059 3791 tempora
1079 3727 1264 3779 characterem
1277 3726 1305 3778 in
1324 3728 1443 3780 Ecclesia
1452 3729 1528 3795 agni-

312 3825 395 3878 gnum
409 3811 489 3864 luerit
500 3811 599 3864 animae
617 3810 797 3878 impressum
815 3821 901 3874 quum
936 3817 995 3864 tum
1006 3826 1014 3872 3
1025 3812 1099 3875 quod
1123 3811 1205 3865 etiam
1224 3826 1257 3864 ex
1280 3811 1341 3878 ipso
1362 3814 1469 3879 objecto
1481 3812 1528 3865 dc·

311 3897 385 3949 enim
404 3897 492 3948 anima
510 3895 598 3948 oculis
617 3907 672 3946 non
690 3899 796 3958 pateat,
814 3897 903 3944 exter·
936 3903 1011 3950 creto
1034 3899 1120 3964 liquet
1142 3915 1149 3949 ι
1172 3913 1227 3952 non
1256 3899 1329 3951 enim
1355 3899 1530 3965 quaerehatur

312 3983 355 4034 nis
378 3981 485 4034 indiciis
509 3993 571 4046 quae
592 3979 617 4031 ei
636 3980 730 4030 insunt
760 3978 902 4042 explorare
936 3987 1027 4034 utrum
1040 3983 1180 4036 character
1204 3983 1405 4050 imprimeretur
1416 3987 1527 4051 quando

313 4072 429 4134 oportet.
443 4067 507 4119 ldeo
519 4064 700 4132 investigabat
713 4069 803 4116 utrum
818 4064 845 4114 in
855 4075 904 4115 no·
937 4069 1143 4121 Sacramentum
1156 4067 1207 4121 rite
1217 4068 1421 4132 conficitur-,sed
1433 4075 1526 4123 utrum

312 4150 534 4206 minelrinitatis
548 4149 861 4214 inissentbaptizati,et,
873 4160 902 4200 re
936 4151 983 4218 qui
1007 4152 1035 4204 in
1060 4151 1178 4204 amentia
1190 4153 1233 4206 vel
1254 4154 1378 4220 lethargo
1396 4154 1523 4221 baptizati

315 4244 455 4306 comperta
470 4251 519 4305 pro
538 4244 614 4292 certo
634 4235 901 4289 habebatcharacte·
936 4243 1031 4299 erant,
1041 4236 1244 4301 characterem,
1260 4251 1341 4304 quern
1352 4251 1449 4293 omnes
1462 4241 1526 4293 iate·

315 4339 373 4378 rem
394 4325 666 4392 tuisseimpressum.
690 4321 903 4375 ltecintercha·
935 4323 1036 4375 bantur
1058 4325 1233 4378 sacramento
1264 4326 1415 4392 adnexum,
1447 4340 1523 4380 rece-

316 4417 448 4463 ractorcm
468 4411 543 4462 illum
565 4417 593 4462 ct
613 4407 695 4460 alium
711 4421 724 4458 a
738 4409 843 4458 donato
855 4405 902 4456 im·
936 4405 1052 4473 pissent.
1065 4409 1101 4460 lte
1116 4407 1225 4462 silentio
1236 4409 1381 4475 Scripturae
1398 4410 1523 4476 quoddi·
1577 4399 1584 4417 ’

335 4675 361 4727 (t)
371 4677 440 4717 Tract.
448 4675 467 4716 xi
477 4676 503 4717 do
512 4677 706 4730 baptenttinsta.
718 4677 746 4727 ib)
755 4675 808 4727 Cap.
816 4674 899 4716 xxxiiii.
961 4675 989 4724 tlt)
998 4675 1067 4716 Serm-
1077 4675 1106 4717 ad
1116 4676 1202 4728 plebem
1213 4677 1292 4719 Cesar.

338 4744 365 4796 lo)
379 4745 403 4785 t.
416 4745 441 4785 ll.
451 4745 478 4786 dc
486 4747 548 4798 bapt.
555 4751 630 4787 contra
644 4747 720 4786 Donat.
730 4757 749 4786 c.
758 4744 800 4786 nir.
960 4745 988 4796 tt]
996 4744 1065 4786 Soron.
1074 4744 1101 4786 ad
1110 4746 1194 4797 plebem
1204 4747 1283 4788 Cesar.

336 4816 363 4869 (t)
375 4817 414 4868 Ep.
424 4815 468 4856 xiii.
477 4816 504 4856 ad
513 4815 607 4858 doniiac.
958 4814 985 4864 (i)
993 4814 1046 4866 Cap.
1055 4814 1155 4864 najarae
1164 4844 1171 4866 ,
1179 4815 1202 4855 t.
1212 4815 1249 4856 tlt.
1259 4817 1319 4856 beer·
1327 4815 1359 4855 tn.
1367 4817 1414 4857 xlii.

380 4890 440 4940 l'on.
456 4902 492 4941 nr.
1360 4890 1393 4939 36
