3792 5550
540 516 608 567 CAP.
627 516 666 567 lv.
686 516 727 566 DE
746 516 974 569 institutione
991 511 1226 566 nbuuxntsnlrn.
1459 511 1508 561 lou

297 626 381 691 mori,
402 642 558 696 resurgere,
579 637 631 684 etc.
653 635 680 684 et
697 632 789 683 omnia
803 632 879 685 attri-
914 606 947 684 iti
959 629 1039 695 ,ipso
1061 627 1169 681 dicente
1182 632 1209 679 et
1222 623 1348 688 faciente,
1365 625 1432 677 mira
1444 624 1508 677 sub·

297 713 358 769 bula
371 728 446 780 pams
460 715 587 782 corpori,
607 716 716 776 alacri,
728 716 814 780 meti,
834 716 879 769 tri·
912 715 1021 769 stantiae
1037 714 1118 779 panis
1139 712 1166 764 in
1184 709 1368 763 substantiam
1384 710 1508 776 corporis

296 800 393 860 iurari,
412 801 509 867 coqui,
527 807 590 864 etc.;
601 808 762 868 sequeretur
780 802 878 868 ctiam,
913 797 1214 853 tibristicouversione.
1226 797 1509 849 Proedicotumenun-

294 884 439 950 Christum,
461 900 523 939 cum
547 887 581 940 de
606 898 701 940 mensa
718 888 816 953 panem
838 903 881 941 su·
913 876 1034 939 tiationis
1053 893 1095 939 est
1128 898 1228 951 corpus
1250 884 1349 936 Christi
1382 884 1511 950 simplici-

293 974 373 1022 meret
391 974 418 1023 et
428 970 582 1038 frangeret,
595 985 696 1039 corpus
711 986 790 1026 suum
809 976 880 1026 snm·
913 976 993 1026 teret
1005 973 1149 1035 absolute,
1162 984 1217 1023 non
1230 975 1314 1037 prout
1324 970 1369 1023 die
1382 970 1509 1035 sequenti

292 1054 375 1119 psisse
396 1062 422 1109 et
446 1057 579 1125 fregisse,
601 1064 628 1112 et
650 1060 812 1127 sanguinem
839 1060 880 1111 fn·
913 1057 1112 1113 immolandum
1132 1060 1207 1121 erat,
1221 1058 1271 1110 sed
1288 1061 1369 1123 prout
1383 1062 1448 1108 tnnc
1462 1056 1510 1108 da-

293 1138 362 1193 disse
384 1148 529 1209 antequam
560 1144 705 1197 crucifixus
733 1151 826 1208 esset,
853 1150 881 1198 et
913 1146 1012 1209 batur,
1034 1149 1061 1197 et
1079 1143 1272 1196 immolabatur
1294 1142 1322 1194 in
1356 1142 1506 1208 mysterio:

294 1236 342 1279 nos
367 1229 423 1293 iam
452 1242 552 1296 corpus
576 1232 674 1285 christi
704 1232 828 1299 frangere
853 1238 881 1285 et
912 1229 997 1283 verba
1023 1230 1096 1283 enim
1119 1240 1180 1294 qnae
1204 1228 1356 1294 adjungunt
1375 1230 1461 1279 Lucas
1480 1231 1509 1279 et

294 1313 449 1378 sanguinem
472 1315 585 1369 fundere
617 1316 699 1370 bodie
733 1322 879 1383 postquam
912 1316 1013 1368 Paulus
1037 1314 1182 1381 praesentis
1201 1318 1266 1366 sunt
1284 1313 1463 1379 temperis-
1485 1334 1508 1361 n

297 1396 415 1451 Christus
442 1401 604 1465 resurrexit,
626 1408 654 1455 et
674 1407 716 1455 est
747 1403 774 1454 in
807 1408 880 1455 statu
914 1408 1092 1464 serapim-n
1125 1416 1233 1463 ›tr-prm
1261 1428 1295 1437 -
1315 1398 1387 1452 idern
1418 1404 1509 1452 tamen

296 1482 405 1547 gloriae,
429 1484 475 1537 nbi
498 1486 614 1552 amplius
643 1487 712 1541 mori
749 1500 805 1541 non
825 1500 881 1553 po·
915 1488 1103 1555 corpusquod
1121 1487 1289 1554 diepostero
1310 1485 1508 1537 immolandum

294 1572 385 1619 test.»
456 1572 463 1581 '
916 1568 975 1627 erat
998 1574 1026 1626 in
1044 1586 1133 1627 cruce.
1158 1572 1275 1639 Sanguis
1305 1577 1363 1623 erat
1385 1571 1430 1623 ille
1461 1572 1508 1636 qui

324 1653 380 1704 llll.
399 1654 476 1719 fleon.
489 1654 628 1711 Subtiliter
641 1655 753 1721 quidem
767 1661 793 1710 et
810 1658 882 1724 inge·
916 1658 1006 1711 adhuc
1034 1659 1062 1710 in
1087 1658 1164 1713 renis
1192 1656 1291 1711 Christi
1321 1656 1439 1720 fluebat,
1463 1656 1510 1722 qui

292 1736 365 1790 niose
385 1738 431 1790 illa
452 1738 623 1792 ratiocinatio
639 1746 734 1793 contra
759 1742 882 1797 divinum
917 1744 998 1796 simul
1025 1753 1083 1797 suae
1107 1742 1252 1809 potestatis
1275 1742 1345 1795 miro
1375 1754 1458 1807 opere
1480 1743 1509 1793 in

292 1824 451 1889 mysterium
478 1825 629 1889 composita
651 1832 712 1890 est,
740 1828 789 1879 sed
805 1828 883 1883 facile
917 1829 1002 1881 calice
1028 1833 1105 1892 erat,
1123 1829 1175 1880 sub
1200 1828 1257 1880 vini
1276 1826 1439 1891 speciebus,
1462 1827 1509 1892 qui

294 1909 432 1962 evertitur.
443 1912 597 1963 Pronomen
609 1910 658 1964 ltoc
670 1924 724 1964 non
745 1918 836 1977 potest
849 1913 883 1965 ad
917 1918 983 1966 tunc
1005 1912 1188 1975 fundebatur,
1218 1938 1248 1950 -
1269 1934 1292 1961 η
1318 1923 1458 1973 exstirpo„
1477 1939 1510 1950 -

295 2000 392 2059 panem
409 1994 521 2071 referri,
538 2008 623 2061 quum
642 1994 766 2050 neutrius
786 1996 884 2064 sit'ge-
917 1998 1057 2051 oblatione
1084 1999 1143 2064 ejns
1165 1999 1221 2050 beo
1244 1997 1334 2061 facta,
1355 2002 1381 2050 et
1409 1998 1510 2063 poculo

296 2080 367 2133 neris
381 2110 411 2119 —
427 2070 486 2132 {rura
504 2110 534 2122 -
552 2082 709 2147 portavero
727 2084 761 2137 sit
774 2098 884 2138 mascu-
916 2084 1062 2151 propinato
1080 2083 1218 2150 apostolis
1232 2088 1261 2135 nt
1274 2097 1306 2135 ex
1320 2093 1353 2136 eo
1364 2082 1491 2135 biberent
1503 2097 1511 2144 ;

291 2164 447 2237 linitapm.
462 2169 505 2221 sic
519 2168 630 2221 disserit
642 2169 729 2222 Guido
741 2170 776 2223 dc
789 2174 882 2223 monte
916 2169 990 2222 idem
1022 2170 1082 2236 ipse
1104 2168 1230 2237 sangnis,
1261 2169 1307 2235 qui
1338 2182 1402 2221 mox
1427 2180 1511 2220 manu

292 2252 523 2318 Rocben,sneculi
545 2255 645 2308 decimi
664 2255 755 2321 quarti
777 2256 882 2309 tlreolo·
916 2258 1051 2307 tortorum
1075 2259 1133 2307 erat
1158 2254 1326 2307 fundendus,
1350 2254 1452 2321 Copula
1471 2259 1512 2307 est

292 2349 389 2402 gustu
407 2340 484 2393 istud
502 2346 654 2406 pronomen
677 2340 725 2393 ltoe
747 2340 814 2394 nihil
835 2342 882 2395 de·
918 2340 1072 2407 subjectum
1085 2352 1148 2393 cnm
1161 2340 1309 2406 praedicato
1330 2340 1433 2405 optime
1447 2352 1511 2394 con·
1608 2338 1614 2357 ’
1672 2329 1678 2339 ”

292 2425 464 2479 terminatum
483 2426 678 2479 demonstrat:
700 2424 749 2480 sed
773 2426 883 2481 demon·
914 2424 1017 2491 jungit,
1031 2425 1095 2490 quia
1114 2424 1267 2491 subjectum
1281 2431 1324 2477 est
1342 2425 1416 2489 quod
1435 2431 1511 2478 tone·

290 2513 356 2563 strat
380 2504 484 2577 aliquid
514 2510 765 2565 indeterminatum.
807 2510 883 2565 finde
916 2510 964 2562 bat
982 2509 1105 2561 cbristus
1125 2508 1247 2560 dandum
1267 2510 1509 2573 apostolis,prae-

289 2597 401 2659 quando
415 2598 525 2661 dicitur,
539 2599 595 2650 lloc
610 2602 652 2650 est
664 2598 882 2663 corpusmeum:
917 2595 1037 2648 dicatum
1049 2598 1092 2647 est
1110 2606 1209 2660 corpus
1221 2606 1301 2646 snum
1318 2594 1392 2659 qnod
1411 2606 1507 2658 reapse

291 2687 333 2732 est
350 2693 463 2747 sensus,
483 2682 539 2737 lloc
558 2684 631 2749 quod
657 2684 812 2739 continetur
831 2684 883 2740 sub
917 2681 994 2735 dedit
1005 2696 1011 2734 :
1023 2690 1078 2737 nort
1092 2681 1173 2750 igitur
1185 2683 1220 2735 de
1242 2694 1313 2749 pane
1329 2693 1429 2748 corpus
1443 2691 1511 2747 prae.-

291 2763 350 2819 istis
364 2768 526 2835 speciebus,
539 2768 669 2836 quicquid
687 2770 722 2823 sit
735 2770 821 2835 illud,
842 2778 885 2826 est
917 2768 1036 2831 dicatnr3
1061 2770 1109 2822 sed
1136 2768 1172 2823 de
1191 2767 1317 2836 eoquod
1338 2768 1387 2822 fuit
1411 2767 1511 2836 panis,
1551 2762 1553 2766 ’

292 2861 389 2918 eorpus
406 2859 509 2907 meum.
531 2883 564 2894 -
581 2855 731 2910 Dicendum
750 2863 791 2911 est
809 2863 881 2925 quod
917 2855 1009 2910 verbis
1030 2860 1121 2908 tamen
1152 2857 1251 2908 Christi
1274 2861 1301 2909 et
1322 2860 1458 2922 potestate
1483 2856 1512 2908 in

293 2933 342 2988 ista
360 2939 513 3005 propositio
534 2955 540 2992 :
562 2960 573 2990 ι
592 2943 649 2996 lloc
670 2949 712 2996 est
731 2956 881 3010 corpus,»
916 2950 1017 3007 corpus
1039 2953 1182 2995 conuerso.
1206 2941 1250 2994 Sic
1273 2941 1295 2994 si
1330 2941 1454 2994 Christus
1477 2941 1512 3005 de

290 3018 360 3074 sicut
373 3028 400 3078 et
412 3025 541 3090 quaelibet
555 3027 623 3092 alia,
642 3027 730 3081 donec
748 3035 803 3082 tota
819 3045 883 3097 pro·
917 3026 988 3093 aqua
1007 3027 1035 3078 in
1065 3026 1168 3092 nuptiis
1196 3027 1311 3080 dixisset
1333 3042 1372 3077 r«
1391 3029 1447 3080 lloc
1470 3032 1514 3080 est

291 3101 400 3173 feratur,
422 3119 479 3163 non
501 3115 543 3163 est
562 3112 679 3177 perfetta
701 3128 708 3164 ι
729 3124 780 3166 nec
795 3115 883 3181 perfe-
916 3113 1030 3175 vinum,
1052 3133 1065 3159 r>
1090 3119 1118 3166 et
1136 3113 1202 3165 dum
1224 3115 1382 3178 loqueretur
1407 3125 1467 3166 eam
1486 3113 1515 3164 ιιι

293 3193 365 3244 ctum
390 3203 505 3247 sensum
523 3199 635 3260 generat
654 3197 683 3248 in
702 3197 793 3250 animo
808 3200 885 3251 audi·
916 3197 1011 3250 vinnm
1023 3203 1209 3260 converteret,
1222 3198 1326 3250 nemini
1347 3199 1455 3251 insulse·
1467 3201 1510 3252 lo-

206 3291 207 3294 *
291 3279 377 3330 toris:
393 3284 421 3332 et
442 3279 506 3330 ideo
520 3290 576 3331 nou
596 3283 638 3331 est
654 3269 835 3345 judicandum
850 3283 884 3336 de
924 3281 971 3345 qui
989 3281 1145 3333 rideretur:
1164 3280 1222 3344 ipse
1233 3281 1306 3332 enim
1321 3295 1420 3333 sensus
1437 3294 1512 3334 com-

291 3360 348 3426 cjns
367 3363 498 3425 veritate,
521 3374 668 3429 quousque
685 3364 720 3417 sit
740 3368 797 3418 tota
823 3379 885 3432 pro·
918 3363 1010 3416 munis
1030 3363 1174 3418 bominum
1188 3369 1350 3430 agnosceret
1362 3365 1446 3418 verba
1467 3367 1512 3419 illa

290 3444 354 3498 lata.
383 3467 396 3492 n
430 3446 439 3479 ¹
466 3445 571 3510 indicat
593 3449 676 3514 igitur
707 3451 779 3516 quod
801 3460 884 3504 manu
918 3449 1060 3516 aptissime
1078 3449 1222 3517 designare
1236 3449 1414 3503 mutationem
1428 3463 1511 3517 quam

289 3530 402 3583 tenebat
416 3529 538 3584 Christus
555 3532 750 3600 porrigendum
766 3535 883 3602 discipu·
902 3522 1065 3590 *efficerent
1089 3536 1183 3590 inania
1207 3536 1290 3604 igitur
1311 3542 1377 3590 sunt
1398 3551 1460 3603 quaa
1479 3539 1514 3596 de

289 3614 339 3680 iis,
361 3619 480 3682 ejusque
506 3629 605 3670 sensus
630 3631 662 3672 ex
687 3620 793 3688 integra
821 3635 883 3676 sen·
923 3610 1116 3676 attributorum
1135 3635 1198 3676 cnm
1224 3623 1353 3689 corporis
1375 3625 1515 3678 attributis

290 3703 374 3755 tentia
405 3703 556 3769 pendebat,
582 3710 609 3758 et
639 3707 882 3773 suspendebatur,
919 3709 1120 3774 permutatione
1142 3715 1238 3762 mutua
1260 3709 1427 3777 oincinntnr
1443 3727 1449 3762 ε
1465 3725 1516 3765 nec

291 3786 360 3840 adeo
374 3792 405 3840 nt
419 3787 536 3842 obscure
557 3794 584 3843 et
597 3792 748 3856 generatim
771 3805 829 3846 rem
843 3793 885 3846 in·
918 3793 992 3847 enim
1009 3795 1068 3848 baec
1089 3800 1243 3860 sequuntur
1266 3807 1299 3848 ex
1327 3797 1432 3863 ejusrin
1454 3809 1515 3850 cor-

293 3870 414 3935 dicaret,
429 3886 510 3938 quam
529 3875 689 3941 explicatius
715 3877 801 3931 verba
823 3891 886 3944 quae
920 3892 972 3944 pus
984 3879 1172 3932 conversione.
1186 3880 1264 3932 Nulla
1278 3885 1320 3932 est
1330 3881 1514 3935 contradictio

292 3959 482 4024 sequebantur
493 3960 678 4016 declarabant.
688 3966 811 4016 Praesens
829 3957 893 4016 erat‘
920 3963 1057 4014 Christum
1075 3974 1176 4028 corpus
1188 3977 1268 4015 snum
1287 3964 1403 4031 fregisse
1416 3965 1442 4017 in
1456 3979 1516 4031 my-

293 4043 445 4097 substantia
467 4047 565 4112 panis,
586 4048 720 4112 adquam
740 4047 887 4112 siplaceat
920 4047 1025 4110 sterto,
1047 4052 1194 4112 antequam
1219 4053 1282 4101 actu
1308 4051 1513 4103 immolaretur:

292 4125 340 4181 boo
357 4130 474 4195 referre,
488 4133 593 4185 ratione
614 4132 659 4186 illa
678 4131 770 4186 minus
790 4133 885 4186 distin·
920 4143 972 4184 nee
983 4131 1056 4184 enim
1075 4131 1120 4183 illa
1141 4131 1237 4184 fractio
1250 4137 1292 4184 est
1306 4133 1392 4186 instar
1409 4135 1513 4188 ossium

293 4217 335 4265 cta
354 4215 497 4270 referenda
519 4218 676 4278 necessario
697 4222 755 4280 est,
768 4217 885 4284 ideoque
919 4207 1132 4278 confractionis,
1153 4215 1203 4267 sed
1215 4215 1328 4281 mystica
1350 4218 1512 4284 immolatio,

292 4298 406 4352 vocibus
425 4301 486 4354 aliis
504 4303 637 4369 adjectis,
650 4305 710 4370 eius
724 4316 823 4355 sensus
839 4317 886 4356 ex·
919 4300 1063 4367 speciebus
1081 4304 1187 4352 tantum
1209 4301 1327 4354 externis
1346 4305 1425 4369 panis
1451 4319 1512 4359 eam

291 4382 478 4446 plicabaturet
488 4388 678 4447 definiebatur.
690 4388 759 4441 adeo
770 4387 884 4452 utillud,
920 4385 1103 4440 subeuntibus
1116 4384 1306 4440 mutationem.
1317 4389 1361 4443 Sic
1372 4404 1423 4444 nec
1433 4405 1514 4458 repu-

292 4472 358 4523 tunc
373 4471 485 4535 quidem
501 4475 591 4540 panis,
604 4479 678 4527 esset
696 4486 796 4539 corpus
810 4473 885 4526 Chri·
919 4480 985 4540 gnat
999 4479 1027 4525 ut
1044 4472 1071 4524 in
1089 4469 1220 4539 mysterio
1233 4473 1334 4538 pariter
1350 4478 1513 4544 sanguinem

326 4733 355 4783 ll]
367 4733 489 4788 blanipnlus
504 4744 644 4790 curatorum,
658 4749 678 4779 e.
696 4737 724 4780 ir.
737 4727 809 4791 quarti
826 4744 887 4780 tract.
924 4743 941 4778 l.
950 4747 998 4789 par.

326 4829 391 4878 von.
410 4843 448 4880 ιιι.
