3792 5550
352 584 385 630 ‘ld
750 574 855 626 intel
873 573 915 624 xl.
934 572 977 623 bd
995 571 1163 625 enenlsno

351 694 423 748 absit
436 698 465 747 ut
478 695 573 747 Petrus
589 688 696 745 dicatur
709 700 759 743 eos
780 688 872 743 divino
893 688 940 741 illo
976 687 1033 739 lum
1055 688 1109 741 ritu
1126 688 1174 743 illo
1193 694 1410 757 preparaverat,
1429 702 1478 745 eos
1497 692 1564 746 edo·

352 780 451 847 spiritu
469 778 621 844 baptizasse
636 791 643 827 τ
656 788 720 828 nam
738 774 811 828 dona
832 773 878 825 illa
893 772 944 825 tri·
976 773 1050 837 cuit,
1063 778 1090 827 et
1101 774 1268 839 naptisnum
1286 788 1368 841 quem
1384 778 1465 829 lesus
1487 777 1566 830 insti·

350 868 427 931 buit,
438 870 465 919 et
478 865 563 918 miros
577 864 641 919 illos
656 861 796 917 effectus«
814 863 944 926 operatur
976 858 1028 911 tirit
1039 858 1073 912 iis
1090 860 1337 913 administrandum
1353 862 1473 915 curavit:
1491 882 1504 909 a
1519 863 1565 916 llis

351 966 424 1005 unus
447 956 529 1017 atque
553 949 626 1004 idem
656 946 793 1013 Spiritus,
816 944 942 998 dividens
977 944 1095 1007 auditis,
1110 945 1238 1011 baptizati
1257 952 1322 1000 sunt
1343 946 1370 1000 in
1394 948 1506 1001 nomine
1524 950 1566 1001 Je-

351 1036 469 1104 singulis
483 1041 565 1102 prout
583 1035 650 1089 vult.
663 1053 675 1080 ι
689 1032 698 1066 ¹
712 1035 772 1085 lton
790 1030 840 1084 luit
858 1042 942 1096 penes
977 1041 1019 1083 su.
1034 1048 1047 1075 ι
1058 1029 1070 1064 ⁴
1082 1031 1158 1093 Quod
1174 1044 1253 1085 sacer
1267 1036 1362 1087 auctor
1375 1045 1431 1085 non
1444 1034 1566 1087 retulerit

351 1127 461 1176 Petrum
482 1122 572 1175 facere
589 1120 722 1175 concione
739 1131 789 1171 sua
811 1122 842 1170 ut
863 1116 944 1182 Spiri-
975 1116 1123 1169 verborum
1136 1115 1282 1171 formulam
1295 1119 1330 1171 ab
1343 1118 1480 1185 Apostolis
1492 1119 1568 1172 adbi-

352 1213 396 1260 tns
414 1206 591 1270 illaberetur,
610 1205 685 1272 quod
704 1204 738 1259 ad
754 1202 875 1258 diuinam
894 1214 943 1256 uo·
976 1198 1062 1252 bitem
1078 1202 1211 1269 contigit,
1226 1202 1289 1268 quia
1306 1216 1351 1256 res
1369 1210 1461 1269 gestas
1479 1205 1567 1259 brevi-

352 1293 485 1345 luutatem
497 1303 610 1357 prorsus
626 1290 799 1344 referendum
812 1286 943 1351 est.t)uod
976 1288 1019 1337 ter
1041 1287 1178 1350 narravit,
1202 1287 1300 1341 ritibus
1318 1288 1403 1341 sacris
1423 1288 1496 1342 baud
1522 1289 1566 1343 de·

352 1384 443 1430 autern
456 1376 627 1440 samaritani,
641 1388 675 1430 eo
686 1380 714 1428 et
725 1377 831 1428 toaune
844 1385 943 1425 manus
977 1371 1085 1438 scriptis
1095 1372 1274 1429 enucleatius.
1283 1374 1336 1428 sed
1346 1375 1567 1432 deuerbisusur-

352 1461 577 1529 imponentibus,
590 1461 719 1527 Spiritum
730 1466 854 1513 sanctum
867 1472 944 1511 acce·
976 1458 1048 1524 palis
1068 1458 1145 1511 nulla
1171 1464 1262 1525 potest
1286 1472 1348 1513 esse
1370 1460 1521 1525 dubitatio,
1543 1461 1567 1514 si

352 1548 460 1613 perint,
478 1559 534 1599 non
550 1551 641 1613 potest
657 1545 813 1613 baptizandi
829 1556 944 1597 munere
977 1547 1137 1600 mandatum
1148 1548 1320 1613 respiciatur,
1334 1552 1361 1601 et
1375 1552 1506 1619 constans
1518 1550 1567 1601 lle·

353 1622 943 1699 Apostolisdemandatointelligizjanrenim
978 1632 1069 1689 clesiae
1089 1645 1138 1698 per
1158 1631 1249 1684 omnia
1262 1632 1363 1685 saccula
1383 1632 1565 1685 consuetudo.

354 1720 504 1785 aPhilippo
523 1719 650 1786 baptizati
671 1718 786 1772 luerent.
798 1718 881 1785 igitur
893 1730 944 1771 nec
1010 1722 1052 1772 bb.
1068 1717 1126 1781 obi.
1140 1718 1180 1771 tu.
1191 1718 1218 1771 Si
1231 1719 1329 1772 Christi
1345 1717 1379 1770 ad
1391 1718 1568 1771 Nicodemum

354 1803 512 1867 ordinaria,
536 1818 587 1857 nec
614 1804 826 1857 extraordinaria
857 1803 945 1869 bapti·
978 1818 1070 1859 sermo
1092 1804 1126 1859 de
1144 1805 1286 1860 ablutione
1305 1818 1377 1872 aque
1397 1803 1570 1858 laciendain·

353 1889 432 1941 zaudi
453 1888 553 1954 Spiritu
574 1893 669 1943 sancto
693 1889 762 1942 ratio
778 1888 944 1955 exquirenda
978 1892 1154 1959 telligeretur,
1164 1895 1324 1957 sequeretur
1333 1890 1470 1944 neminem
1484 1900 1566 1955 posse

354 1979 414 2037 est,
428 1980 457 2027 ut
471 1973 630 2028 mandatum
647 1975 806 2041 explicetur,
822 1976 869 2029 sed
883 1975 946 2027 sim·
977 1990 1093 2043 regnum
1116 1977 1249 2029 coelorum
1277 1975 1398 2041 ingredi,
1421 1978 1467 2041 qui
1495 1985 1565 2038 aqua

354 2058 419 2124 plici
445 2059 521 2113 vocis
544 2060 722 2125 acceptationi
744 2060 943 2115 inhaerendum.
978 2061 1129 2127 baptizatus
1147 2072 1201 2112 non
1214 2060 1294 2111 falerii
1307 2074 1313 2107 ι
1327 2059 1354 2108 id
1368 2064 1459 2109 autem
1472 2057 1570 2119 nequi-

307 2172 311 2177 ·
355 2145 527 2209 comparatio
548 2157 563 2195 a
586 2144 726 2195 miraculis
750 2143 868 2198 deducta
889 2157 945 2197 non
979 2145 1069 2197 deme
1088 2142 1402 2204 Catholicisafflrmatur,
1421 2140 1467 2205 qui
1484 2140 1569 2192 laten·

354 2230 443 2280 valet:
457 2227 579 2293 apostoli
592 2227 664 2280 enim
683 2240 715 2280 ea
734 2233 807 2280 recte
818 2228 947 2281 dicuntur
979 2236 1024 2283 tur
1044 2235 1186 2295 martyres,
1205 2239 1275 2292 aqua
1293 2238 1349 2279 non
1369 2226 1496 2288 ablutos,
1518 2238 1570 2277 sno

354 2317 494 2377 patrasse,
507 2312 571 2378 quia
581 2326 676 2366 corum
690 2325 773 2379 opera
784 2313 853 2367 iacta
865 2319 945 2368 sunt:
980 2316 1114 2383 sanguine
1141 2314 1286 2381 baptizari,
1316 2320 1343 2367 et
1361 2314 1430 2367 alios
1456 2313 1502 2379 qui
1521 2325 1571 2365 cu-

356 2398 406 2451 sed
431 2399 585 2465 Baptismus
605 2397 707 2465 Spiritu
726 2404 822 2453 sancto
844 2400 947 2454 directe
980 2401 1059 2469 piuut
1071 2413 1140 2467 aqua
1157 2400 1231 2455 ablui
1245 2399 1410 2465 baptismali,
1429 2400 1570 2453 coelestem

358 2482 469 2548 respicit
486 2485 585 2537 animae
602 2484 856 2539 sanctificationem.
981 2498 1063 2553 posse
1088 2485 1201 2550 adipisci
1229 2484 1361 2552 gloriam,
1382 2484 1405 2537 si
1434 2483 1572 2549 poeniten-

390 2572 432 2621 53.
446 2568 507 2636 Obj.
520 2572 560 2622 tt.
572 2570 678 2623 Nullam
688 2572 834 2624 verborum
845 2571 949 2625 formu·
981 2576 1042 2636 tes,
1061 2574 1089 2624 et
1101 2573 1185 2626 licum
1203 2570 1348 2637 diligentes
1361 2582 1376 2622 e
1396 2569 1464 2623 vivis
1485 2568 1570 2633 erepti

357 2655 412 2705 lam
430 2655 571 2721 prescribi
589 2656 687 2708 Clrristi
707 2658 836 2711 mandato
863 2657 949 2722 liquet
981 2656 1105 2721 luerint,
1144 2661 1289 2722 antequam
1323 2655 1493 2721 susceperint
1520 2656 1570 2707 Ba-

294 2748 297 2753 ·
359 2752 392 2792 ex
426 2739 551 2794 libertate
587 2754 668 2808 otiam
696 2742 749 2797 sibi
772 2748 948 2810 sumpserunt
981 2741 1125 2810 ptismum.

359 2826 664 2893 apostclt,baptizandi
678 2829 781 2882 scilicet
799 2829 949 2881 innomine
1015 2829 1057 2880 56.
1075 2830 1152 2893 Rcap.
1162 2827 1302 2881 Sententia
1314 2827 1361 2879 illa
1368 2826 1477 2889 Christi,
1491 2831 1572 2890 prout

360 2909 458 2975 lesu,¹
475 2912 540 2976 quin
554 2925 675 2978 unquam
689 2912 841 2978 baptizasse
854 2913 950 2966 dican·
983 2918 1063 2968 sonat
1075 2952 1083 2978 ,
1097 2913 1255 2979 accipienda
1278 2918 1336 2974 est,
1349 2924 1413 2978 quae
1432 2923 1507 2976 spem
1529 2923 1572 2962 sa-

360 3000 405 3049 tur
417 2995 445 3048 in
463 2997 575 3050 nomine
588 2999 693 3062 Patris,
707 3003 734 3051 et
745 2997 826 3062 Filii,
846 3004 874 3051 et
891 2999 949 3065 Spi·
983 2999 1047 3054 lutis
1066 2998 1137 3052 tollit
1157 2996 1182 3050 ei
1206 2997 1252 3062 qui
1276 3010 1309 3049 ex
1330 3009 1400 3062 aqua
1424 3000 1451 3048 ct
1471 2994 1572 3060 Spiritu

362 3081 430 3134 ritus
444 3082 539 3135 sancti.
559 3081 570 3117 ⁵
587 3085 659 3150 llrgo
677 3084 705 3136 in
722 3086 787 3137 lesu
801 3084 951 3151 discipulos
984 3088 1079 3138 sancto
1091 3096 1147 3136 nou
1162 3085 1331 3135 renascatur.
1344 3084 1477 3136 caeteram
1495 3092 1528 3133 ex
1540 3093 1573 3132 ea

362 3166 457 3219 adsciti
477 3171 542 3220 snut
567 3169 727 3234 credentes,
747 3183 817 3237 aqna
838 3171 951 3237 quidem
983 3171 1089 3225 renasci
1107 3170 1205 3223 merito
1219 3172 1357 3233 censetur,
1377 3168 1423 3234 qni
1441 3181 1472 3221 ea
1489 3167 1574 3222 aelre-

363 3264 569 3319 nonnumquam
588 3266 620 3306 ex
644 3254 772 3320 prudenti
797 3257 952 3312 oeconomia
984 3261 1091 3312 menter
1107 3256 1182 3322 capit
1195 3255 1269 3308 ablui
1288 3270 1295 3307 :
1317 3254 1388 3321 apud
1403 3257 1487 3307 ileum
1500 3253 1572 3306 enim

277 3340 280 3344 “
363 3337 467 3402 abluti,
481 3338 530 3391 sed
548 3339 711 3406 plerumque
726 3340 826 3392 christi
844 3344 952 3394 tantum
985 3343 1090 3397 sincera
1106 3343 1191 3396 animi
1208 3343 1334 3396 voluntas
1351 3353 1401 3406 pro
1415 3341 1515 3405 reipsa
1528 3352 1574 3391 ac-

363 3425 512 3490 Baptismo,
522 3425 622 3491 Spiritu
634 3431 729 3481 sancto
741 3427 953 3480 scilicetemun·
985 3429 1092 3494 cipitur,
1106 3428 1214 3494 quoties
1230 3431 1341 3480 ertema
1361 3425 1439 3478 deest
1455 3423 1572 3477 occasio.

364 3510 430 3563 dati.
985 3503 1114 3581 'llartyrcs
1127 3513 1229 3565 idcireo
1247 3512 1350 3577 aliique
1367 3513 1456 3564 morte
1478 3521 1575 3578 praere·

397 3596 440 3646 54.
458 3594 537 3660 ltesp
550 3595 704 3662 Baptismus
716 3596 869 3651 innomine
887 3599 954 3652 iesu
986 3599 1044 3666 pti,
1056 3599 1121 3652 dum
1143 3598 1257 3663 cupiunt
1275 3595 1462 3662 baptismum,
1484 3595 1575 3660 ingra-

364 3678 569 3749 intelligebatur
580 3681 626 3734 ille
642 3695 724 3748 quem
741 3682 864 3736 Christus
875 3683 955 3737 insti·
987 3684 1239 3738 dinnturcoelorum
1249 3693 1375 3748 regnum,
1394 3680 1456 3746 quia
1472 3693 1503 3732 ea
1513 3691 1571 3745 gau·

367 3765 434 3828 tuit,
453 3766 555 3832 quique
573 3765 674 3832 spiritu
698 3773 811 3833 sancto,
825 3782 953 3824 unacum
988 3770 1054 3823 dent
1076 3768 1217 3822 nativitate
1226 3779 1288 3833 quac
1300 3768 1410 3820 lavacro
1432 3764 1572 3830 contingit.

365 3853 444 3904 Patre
464 3855 490 3904 et
504 3850 581 3915 Filio,
604 3852 730 3907 invocato
743 3853 951 3919 conterebatur,
989 3855 1064 3930 Quod
1085 3854 1159 3908 side
1177 3852 1210 3912 tis
1229 3853 1264 3907 sit
1277 3865 1367 3906 sermo
1388 3852 1435 3918 qui
1447 3851 1575 3916 baptismi

368 3936 437 3990 adeo
446 3942 476 3989 ut
484 3950 568 4002 quum
576 3937 687 4003 quidam
695 3939 846 4005 baptizatos
855 3953 885 3994 se
895 3953 957 4007 pro·
988 3939 1191 3994 institutionem
1205 3940 1341 4006 ignorant,
1353 3940 1396 3992 vel
1408 3936 1585 3990 desiderium¹

370 4023 488 4087 nitentes,
503 4023 631 4089 Spiritum
640 4032 765 4080 sanctuni
778 4027 955 4094 ignorarent,
991 4027 1135 4093 concipere
1156 4029 1318 4091 nequeunt,
1342 4022 1453 4089 sanguis
1479 4020 1576 4074 christi

369 4114 504 4173 quaereret
512 4109 692 4164 mirabundus
702 4113 801 4165 Paulus
815 4126 868 4178 qua
878 4114 958 4167 ratio
991 4106 1577 4176 causatusus,hostiumfideisuroremerito

370 4207 405 4268 ne
424 4194 550 4260 baptizati
561 4196 668 4250 tuerint.
680 4197 783 4250 Certior
800 4197 887 4251 tactus
907 4212 957 4252 eos
992 4200 1108 4252 habetur
1130 4195 1229 4252 lauacri
1256 4197 1351 4248 instar.
1376 4195 1508 4246 Praeclare
1524 4195 1579 4243 du-

367 4281 483 4334 loennis
500 4282 667 4346 baptismum
681 4286 786 4335 tuntum
798 4284 957 4350 accepisse,
994 4285 1144 4352 gustinus:
1172 4300 1188 4330 (ι
1224 4280 1391 4344 Quicumque
1415 4278 1497 4331 etiam
1523 4288 1578 4328 non

372 4365 488 4428 delesti,
500 4367 580 4430 cujus
597 4366 726 4421 adventui
742 4370 861 4422 loannes
874 4382 961 4436 popu·
993 4373 1122 4437 percepto
1134 4364 1362 4434 ¹regenerationis
1390 4366 1499 4418 lavacro
1529 4375 1579 4428 pro

398 4650 426 4701 Η)
442 4651 459 4690 Ι.
469 4650 518 4692 Cor.
528 4650 563 4691 xii.
578 4656 608 4691 lt.
994 4653 1040 4694 hec
1057 4657 1131 4692 contra
1140 4650 1254 4692 verboram
1271 4649 1387 4691 formulam
1397 4658 1423 4688 eo
1432 4646 1541 4700 dirigitur,
1556 4651 1581 4686 ut

397 4722 424 4772 (a)
439 4724 484 4761 Act.
492 4733 512 4761 1.
522 4727 554 4763 to.
993 4732 1050 4774 aqua
1059 4719 1153 4761 adbibita
1163 4719 1288 4771 denegetur.

398 4791 426 4841 [ὅ]
438 4791 535 4844 Barclay,
547 4790 651 4846 Apology²
660 4793 723 4848 Prop.
733 4794 769 4836 xit.
777 4793 796 4847 5.
806 4793 852 4836 viii.
861 4792 959 4846 Obiectio
1018 4790 1044 4842 (t)
1059 4791 1104 4831 Act.
1113 4789 1153 4830 xix.
1164 4794 1183 4830 o.

1725 312 1733 556 l
