3792 5550
881 808 1045 917 PARS
1078 791 1140 912 l.

536 1164 605 1231 ott
638 1140 1037 1224 EUGHARISTIAE
1077 1141 1473 1213 saoutnttrtto

624 1718 725 1772 cppuq
745 1716 766 1766 l,
1020 1706 1106 1773 ipsius
1119 1713 1262 1770 naturam,
1274 1711 1302 1759 et
1314 1706 1388 1772 quod
1407 1708 1475 1760 latet
1487 1709 1541 1761 sub
1551 1723 1611 1776 spe

1018 1796 1114 1849 ciebus
1134 1808 1284 1857 arcanum,
1305 1799 1401 1847 eontra
1423 1795 1547 1861 reliquos
1564 1796 1611 1851 nd

543 1906 572 1945 nn
588 1904 647 1945 arro
666 1901 850 1940 nuounmsarco.
1018 1887 1127 1935 ratores
1144 1881 1350 1948 propugnaturi.

1227 1965 1390 2031 Propositio.

435 2075 459 2127 Ξ,
477 2063 604 2133 quaten,
624 2059 746 2113 sectariis
756 2058 862 2112 caeteris
875 2057 984 2119 longius
1061 2052 1185 2105 Christus
1216 2052 1348 2106 Dominus
1380 2051 1463 2103 ritum
1492 2051 1610 2105 instituit

399 2152 552 2228 progressi,
571 2149 652 2199 ritum
673 2145 885 2199 eucharisticum
907 2156 985 2210 pror·
1017 2138 1229 2191 eucharisticum
1248 2137 1301 2190 sub
1323 2137 1402 2203 panis
1419 2144 1447 2190 et
1466 2138 1524 2192 vini
1547 2151 1609 2203 spe-

398 2257 445 2299 sus
456 2230 984 2306 rejecerunt‚asserentesChristumnul·
1017 2223 1112 2277 eiebus
1133 2231 1265 2290 perpetuo
1277 2267 1279 2270 .
1290 2224 1317 2275 in
1343 2222 1464 2275 Ecclesia
1481 2235 1531 2275 sua
1550 2235 1607 2275 ser-

397 2331 457 2383 ·ium
476 2319 625 2375 instituisse
640 2316 800 2386 hujusmodi
820 2316 918 2379 ritum,
932 2315 981 2367 sed
1017 2310 1147 2364 vandum.

302 2435 304 2439 ·
399 2422 466 2480 pane
476 2414 503 2460 et
514 2406 587 2468 vino,
595 2416 644 2469 pro
654 2404 812 2456 tudaeorum
824 2414 909 2465 more,
919 2406 982 2467 post
1049 2397 1075 2447 ὅ.
1089 2395 1227 2448 Probatur
1248 2397 1317 2448 Lex
1327 2394 1486 2460 seripturis.
1505 2395 1607 2447 Praeter

390 2494 458 2563 agni
480 2502 557 2543 esum
573 2502 653 2541 usum
674 2501 746 2549 esse,
765 2486 883 2553 indeque
905 2500 981 2539 sum·
1015 2482 1191 2544 mattheum,
1211 2483 1349 2543 Marcum,
1365 2486 1393 2533 et
1410 2482 1510 2533 Lucam
1522 2518 1531 2544 ‚
1543 2483 1609 2532 Pan·

398 2580 483 2648 psisse
500 2574 672 2627 occasionem
690 2575 881 2641 Apostolorum
902 2587 982 2625 men·
1015 2567 1059 2618 ius
1081 2566 1163 2619 refert
1192 2566 1258 2632 quid
1283 2565 1406 2618 Christus
1436 2565 1525 2631 pridie
1549 2578 1607 2618 suae

390 2673 436 2718 tes
452 2658 584 2713 evehendi
607 2660 641 2711 ad
661 2674 761 2726 corpus
785 2674 865 2713 suum
885 2673 981 2713 verum
1015 2653 1112 2706 mortis
1140 2654 1245 2719 egerit,
1266 2659 1294 2706 ei
1318 2657 1485 2718 tttaeceoium
1511 2652 1607 2704 datum

391 2754 423 2802 ct
435 2742 612 2814 sanguinem,
626 2744 698 2797 haud
722 2744 789 2796 illud
815 2745 888 2811 quod
915 2744 981 2799 ioris
1015 2739 1151 2805 apostolis
1168 2744 1198 2792 ut
1214 2738 1240 2791 id
1259 2737 1310 2804 ipsi
1335 2737 1363 2789 in
1382 2736 1606 2798 suimemoriam

395 2829 553 2892 videbatur,
568 2829 618 2882 sed
630 2831 741 2882 eoeteste
756 2841 869 2895 prorsus
881 2835 907 2882 et
926 2829 981 2895 spi·
1014 2832 1185 2892 peragerent.
1203 2844 1220 2874 «
1239 2827 1295 2890 Ego
1316 2823 1389 2876 enim
1409 2823 1502 2888 accepi
1521 2837 1538 2875 a
1556 2826 1605 2878 lto

377 2915 489 2977 ritate,
515 2925 570 2979 quo
595 2914 693 2966 animae
715 2913 881 2965 reficiuntur.
904 2915 979 2978 Quod
1014 2909 1089 2962 mino
1102 2947 1110 2969 ‚
1123 2909 1198 2974 quod
1209 2913 1237 2961 et
1253 2907 1351 2960 tradidi
1361 2907 1460 2969 uobis,
1473 2909 1604 2973 quoniam

393 3000 460 3053 alias
485 3003 584 3051 vocant
609 3011 717 3061 semen,
743 3001 855 3058 tumen,
879 2999 981 3060 vitum,
1015 2996 1602 3062 bominustesos‚inquanoctetradebatur,

394 3086 482 3149 ipsum
498 3088 540 3135 est
558 3083 632 3148 quod
649 3097 748 3149 corpus
769 3081 909 3148 spirituale
929 3085 982 3136 hoc
1015 3082 1243 3148 aceepitpanem·‚
1256 3087 1285 3134 et
1295 3081 1397 3148 gratias
1409 3094 1494 3148 agens
1503 3081 1602 3149 fregit,

386 3169 453 3220 ioco
483 3167 639 3234 designant.
662 3169 824 3235 Apostolos,
842 3170 885 3223 vet
910 3171 982 3222 alios
1013 3172 1040 3221 et
1051 3167 1119 3219 dixit
1132 3182 1139 3218 ε
1154 3167 1283 3233 Accipite,
1303 3172 1332 3220 ct
1344 3166 1509 3220 manducate
1525 3183 1532 3218 :
1550 3169 1603 3220 troc

392 3251 486 3306 fideles
500 3253 567 3320 quid
581 3244 836 3320 simite‘atiquando
854 3255 944 3322 egisse
956 3255 982 3308 ei
1015 3257 1057 3305 est
1084 3265 1184 3318 eorpus
1204 3265 1312 3313 meum,
1338 3252 1415 3317 quod
1443 3264 1493 3317 pro
1524 3251 1603 3304 vobis

387 3338 465 3403 quod
492 3335 626 3393 ‘Christus
654 3339 788 3394 coennndo
814 3346 981 3409 peregerat,
1014 3339 1154 3391 tradetur:
1167 3341 1221 3392 hoc
1238 3338 1319 3391 tacite
1338 3338 1366 3389 in
1379 3351 1469 3406 meam
1482 3350 1602 3391 comme·

389 3423 728 3491 haudgravanturiateri3
748 3425 796 3477 sed
812 3426 892 3478 ritum
908 3426 982 3478 aesti·
1014 3423 1518 3484 morationem.Similiteretcalicem
1532 3428 1605 3489 post·
1708 3424 1709 3437 ¹

386 3515 468 3560 mant
477 3510 618 3574 judaicum
630 3547 637 3572 ‚
649 3511 683 3562 ad
705 3515 811 3577 tempus
824 3516 980 3572 servatum,
1014 3519 1096 3571 quem
1114 3507 1250 3570 coenavit,
1268 3507 1363 3563 dicens
1379 3523 1386 3558 ε
1400 3507 1448 3561 uic
1464 3508 1535 3561 catix
1553 3521 1604 3561 no-

389 3604 489 3646 -oorum
501 3606 584 3646 causa
597 3593 644 3658 qui
661 3594 828 3659 spiritualem
849 3594 923 3645 illum
941 3593 982 3646 ci·
1013 3593 1078 3644 rum
1090 3597 1283 3645 testamentum
1294 3592 1374 3645 estin
1385 3605 1446 3646 meo
1457 3593 1601 3659 sanguine.

389 3677 458 3730 oum
469 3678 636 3730 manducare
653 3678 724 3730 haud
743 3677 902 3749 didicerant.
917 3681 982 3731 sen·
1014 3678 1070 3728 tioc
1087 3677 1167 3729 tacite
1184 3677 1413 3744 quotiescumque
1432 3677 1551 3739 bibetis,
1575 3677 1604 3728 in

392 3761 478 3814 tentia
495 3762 554 3814 haec
574 3762 643 3814 adeo
662 3750 794 3828 repugnat
815 3764 979 3831 scriptume,
1014 3774 1103 3813 meam
1133 3763 1431 3815 commemorationem.
1451 3779 1468 3809 »
1491 3760 1501 3794 ¹
1527 3761 1606 3825 Quod

392 3845 563 3911 antiquitatis
584 3846 747 3909 consensui,
770 3853 797 3900 et
814 3848 865 3914 ipsi
886 3850 980 3902 sensui
1014 3846 1096 3912 igitur
1115 3849 1208 3899 tesum
1228 3847 1371 3899 facientem
1390 3846 1533 3908 viderant,
1551 3845 1606 3912 ipsi

385 3930 597 3994 christiano‚ut
609 3930 652 3984 vix
667 3932 702 3984 sit
717 3931 764 3997 qui
774 3945 833 3985 eam
853 3934 924 3988 serio
938 3949 980 3988 re·
1010 3931 1081 3999 jussi
1103 3937 1167 3984 sunt
1188 3932 1277 3985 iacere
1301 3931 1329 3984 in
1353 3933 1411 3996 ejus
1430 3930 1604 3984 memoriam.

388 4014 537 4069 'tollendam
551 4021 661 4068 censeat
678 4029 684 4067 ε
699 4021 817 4070 attamen
832 4019 912 4072 liceat
929 4033 981 4074 no-
1014 4016 1084 4069 lltnd
1103 4022 1194 4069 autem
1214 4023 1381 4082 praeeeptum
1400 4028 1457 4069 non
1473 4029 1523 4069 eos
1545 4022 1607 4070 tan-

392 4100 537 4164 bis‚nulio
559 4100 610 4154 viae
623 4101 711 4164 duce,
729 4114 787 4154 rem
805 4103 924 4170 aggredi.
943 4107 980 4157 Ne
1013 4110 1072 4156 tum
1094 4109 1235 4170 spectare,
1257 4104 1308 4156 sed
1330 4104 1401 4156 aiios
1418 4103 1461 4156 sui
1483 4106 1607 4157 muneris

392 4185 483 4238 statim
502 4200 565 4240 cum
582 4188 689 4241 caeteris
707 4189 830 4242 sectariis
857 4190 981 4242 ineamus
1014 4194 1175 4252 consortes,
1189 4188 1275 4254 liquet
1287 4201 1321 4240 ex
1333 4201 1366 4242 eo
1380 4189 1608 4255 quod‚ttpostolo

386 4275 554 4335 certamen,
598 4271 679 4325 ritum
717 4274 926 4328 eucharisticum
965 4289 980 4328 a
1014 4280 1139 4337 auctore,
1157 4274 1282 4327 ritusille
1304 4274 1376 4340 apud
1396 4274 1553 4328 Corinthios
1568 4274 1611 4327 in·

386 4355 497 4409 Christo
512 4355 681 4420 institutum,
700 4364 831 4423 perpetuo
851 4360 878 4411 in
891 4359 980 4412 Eccle·
1014 4360 1112 4412 duetus
1123 4363 1217 4423 esset,
1232 4374 1315 4426 quem
1334 4364 1362 4413 et
1375 4360 1551 4413 retinendum
1565 4361 1610 4413 in-

391 4438 433 4491 sia
458 4440 642 4504 servandum,
666 4442 857 4503 ostendemus;
883 4448 979 4509 postea
1013 4444 1072 4497 nuit
1084 4485 1089 4508 ,
1103 4443 1204 4500 docens
1223 4458 1278 4510 qua
1296 4444 1379 4497 animi
1398 4444 1536 4500 munditie
1545 4459 1610 4502 esse

416 4700 442 4753 (t)
456 4702 472 4744 1.
483 4703 533 4746 Cor.
544 4703 612 4744 titt.
