3792 5550
532 541 602 594 CAP.
622 539 642 594 l.
661 539 703 594 Μ’.
722 538 910 593 POTESTATE
931 539 1128 594 neutralium
1145 540 1301 596 esculat.
1465 542 1515 595 239

317 675 328 699 ι
348 654 425 708 ritum
438 661 583 710 sanctum:
601 669 720 723 quorum
737 654 897 709 remiseritis
931 657 980 711 sed
992 655 1113 724 utipsam
1122 657 1251 723 probaret
1261 660 1425 724 potestatem
1434 669 1516 724 quam

319 759 329 782 a
348 745 467 804 peccata,
481 741 656 794 remittuntur
667 741 707 794 eis
721 755 728 791 :
742 745 897 806 etquorum
932 749 1070 809 tamquam
1095 744 1179 797 homo
1197 743 1341 797 exercebat
1357 757 1395 793 :u
1416 745 1449 795 Ut
1467 756 1519 796 au·

315 840 324 868 ι
344 823 762 890 detinueritis,detentasunt,»
784 825 897 891 quisest
930 832 986 882 tem
1004 827 1097 881 sciatis
1116 828 1179 894 quia
1200 827 1282 879 Filius
1305 826 1517 880 leominislrabet

302 922 374 975 sergo
402 911 448 978 qui
472 911 558 978 magis
578 913 709 975 honorat,
729 916 829 963 ¹utrum
850 910 896 976 qui
930 918 1096 978 potestatem
1118 912 1231 975 ioterm
1247 911 1403 965 dimittendi
1424 923 1517 977 pecca·

290 991 292 996 ’
314 995 443 1050 mandatis
456 998 645 1063 obtemperat,
669 996 759 1062 anqui
772 995 896 1049 resistit?
930 1002 977 1049 ta:
997 996 1043 1063 (ait
1060 996 1216 1063 paralytico)
1237 996 1296 1048 'libi
1321 996 1516 1062 dico,surge‚

313 1075 427 1133 Ecclesia
439 1083 467 1134 iu
480 1080 895 1148 utroqueservatobedientiam,
929 1083 996 1136 tolle
1012 1082 1113 1136 lectum
1135 1089 1211 1136 tuum
1223 1119 1232 1148 ,
1245 1089 1273 1136 ot
1284 1082 1392 1137 radoin
1405 1081 1517 1135 domum

313 1165 340 1216 ut
350 1172 489 1230 peccatum
503 1173 530 1220 ct
547 1167 657 1234 alliget,
670 1172 697 1220 et
708 1168 829 1220 relaxet:
844 1167 897 1219 hae·
930 1173 1015 1221 tuam.
1039 1188 1051 1215 ι
1075 1167 1087 1201 ⁸
1106 1170 1214 1222 Patrato
1244 1168 1377 1222 miraculo
1395 1167 1515 1220 dicitur:

312 1250 377 1303 cesis
389 1251 415 1305 in
426 1254 511 1308 altero
520 1253 651 1318 Immitis,
662 1254 689 1307 iu
702 1255 787 1307 altero
800 1253 897 1307 iuohc-
931 1273 943 1300 a
961 1253 1088 1307 videntes
1099 1261 1191 1307 autem
1209 1255 1296 1308 trrrbae
1311 1255 1476 1317 timuerunt,
1489 1257 1517 1306 et

313 1332 405 1399 diens,
427 1339 487 1392 vult
503 1339 588 1406 ligare
601 1339 674 1406 quod
693 1351 748 1392 nou
759 1339 895 1412 resolvat,
929 1339 1150 1405 glorificaverunt
1171 1342 1273 1402 Deum,
1306 1339 1353 1406 qui
1372 1339 1449 1392 dedit
1468 1351 1518 1404 po·

313 1431 365 1473 nou
385 1423 444 1476 vult
462 1424 569 1478 solvere
586 1425 660 1490 quod
682 1423 789 1490 ligavit;
802 1424 895 1489 inquo
929 1429 1056 1478 testatem
1077 1425 1160 1478 talem
1181 1423 1349 1477 homiuibus.
1369 1423 1410 1470 »⁶
1434 1423 1518 1490 lgitur

314 1517 397 1560 sesua
410 1507 522 1561 damnat
535 1509 677 1562 sententia.
692 1509 720 1561 Si
731 1509 896 1574 quibusdam
929 1523 962 1562 ex
980 1508 1048 1576 ipsis
1064 1509 1161 1563 christi
1172 1509 1280 1574 verbis,
1292 1514 1320 1562 et
1332 1522 1365 1562 ex
1378 1510 1517 1561 turbarum

312 1587 400 1643 datum
414 1599 561 1660 utrumque
573 1600 615 1648 est
627 1594 727 1657 licere,
737 1599 784 1646 aut
795 1599 898 1646 utrum·
929 1595 1064 1648 sententia
1076 1631 1085 1659 ,
1097 1608 1179 1661 quam
1190 1594 1362 1660 Evangelista
1373 1592 1517 1647 referendo

312 1687 363 1741 que
388 1690 444 1731 nou
463 1678 565 1742 licere,
585 1684 689 1732 certum
714 1683 756 1732 est
769 1677 896 1730 Ecclesiae
928 1679 1036 1734 videtur
1048 1680 1181 1745 probare,
1198 1679 1335 1746 colligitur
1353 1684 1518 1745 potestatem

311 1765 456 1829 utrumque
490 1762 587 1826 licere,
615 1763 713 1816 haeresi
751 1768 896 1827 utrumque
930 1765 1085 1818 remittendi
1098 1770 1208 1830 peccata
1223 1765 1516 1830 aChristo‚tamquam

309 1845 465 1898 conticere.
477 1847 524 1898 lus
537 1846 609 1899 enim
626 1848 679 1899 hoc
696 1847 763 1899 solis
783 1845 897 1912 permis·
930 1847 1042 1902 homine
1054 1886 1062 1913 ,
1076 1861 1109 1902 eo
1127 1849 1259 1902 miraculo
1273 1849 1516 1902 vindicatamesse.

309 1941 369 1982 sum
383 1931 572 1986 sacerdotibus
584 1938 635 1985 est.
653 1934 735 1985 Recte
753 1931 833 2000 igitur
845 1932 897 1985 lroc
930 1933 1057 1998 Quamvis
1067 1939 1157 1986 autem
1171 1931 1257 1998 ipsius
1268 1945 1300 1985 ea
1310 1931 1518 1997 potestasluerit

310 2015 432 2069 Ecclesia
442 2017 576 2082 vindicat,
597 2031 658 2085 quae
680 2016 896 2071 verossacerdo·
929 2018 1144 2072 eminentissima
1163 2016 1281 2083 quadam
1304 2015 1431 2079 ratione,
1455 2027 1518 2080 quae

309 2105 349 2152 tes
374 2101 475 2164 hahet;
494 2103 607 2156 haeresis
628 2103 766 2157 vindicare
783 2115 838 2156 nou
851 2115 897 2168 po
929 2103 1131 2157 hominibusab
1149 2115 1183 2156 eo
1200 2102 1333 2168 delegatis
1346 2115 1402 2155 uon
1420 2114 1518 2156 couve-

309 2189 361 2239 test
371 2199 433 2253 quae
443 2200 522 2242 veros
545 2187 702 2243 sacerdotes
725 2200 781 2242 uon
803 2187 892 2240 habet.
927 2189 985 2254 nit,
998 2189 1061 2244 inde
1074 2189 1224 2255 satispatet
1241 2192 1403 2254 potestatem
1423 2187 1518 2240 remit-

309 2271 366 2324 lton
386 2273 552 2327 vindicando
576 2273 895 2341 autemipsadesepro·
928 2275 1003 2328 teudi
1029 2280 1140 2343 peccata
1155 2287 1212 2328 uon
1235 2274 1271 2327 ita
1291 2286 1353 2328 esse
1377 2273 1423 2327 ltei
1456 2286 1517 2340 pro·

310 2355 587 2424 nuntiat‚quodcum
606 2359 763 2412 sacerdotes
779 2360 894 2413 uouha-
926 2361 1032 2427 priam,
1064 2366 1095 2413 ut
1126 2372 1182 2412 nou
1207 2359 1295 2425 possit
1320 2358 1516 2413 communicari

308 2439 385 2508 beat,
408 2444 452 2504 jus
477 2443 529 2496 sibi
549 2443 687 2496 vindicare
713 2456 769 2497 non
796 2443 895 2495 debeat
927 2447 1094 2500 hominihus.
1108 2445 1214 2511 Optime
1227 2447 1254 2496 S.
1267 2445 1385 2498 Thomas
1397 2444 1517 2496 animad-

308 2527 487 2580 sacerdotale.
518 2529 555 2580 lta
578 2528 606 2579 iu
627 2527 779 2593 impudenti
803 2534 896 2580 coutu-
927 2531 1008 2584 uertit
1021 2543 1028 2581 z
1042 2549 1054 2574 α
1068 2531 1148 2581 solus
1170 2532 1241 2580 oeus
1261 2541 1310 2592 pcr
1327 2529 1515 2582 auctoritatem

307 2610 393 2663 macla
416 2611 564 2676 pudentem
588 2612 727 2664 ceruimus
747 2611 895 2665 consessio·
930 2622 958 2668 et
979 2628 995 2668 a
1014 2621 1125 2681 peccato
1137 2613 1270 2676 absolvit,
1283 2617 1464 2679 etpeccatum
1476 2626 1518 2665 re-

309 2693 432 2747 ιιιιιιι.»Ι
931 2698 1015 2750 mittit
1042 2697 1225 2750 :sacerdotes
1246 2701 1337 2748 tannen
1371 2702 1516 2762 utrumque

340 2782 383 2831 57.
400 2778 459 2846 ooj.
476 2780 515 2830 ti.
527 2782 649 2831 Potestas
662 2779 817 2833 remittendi
836 2794 896 2847 pec·
931 2785 1032 2839 iaciunt
1043 2798 1094 2851 per
1108 2784 1297 2836 ministerium.
1312 2782 1348 2831 »ὓ

306 2870 365 2917 oeta
382 2864 474 2917 italtei
486 2864 594 2931 propria
613 2871 670 2928 est,
684 2867 894 2921 uthomiuiuon
962 2874 1004 2924 59.
1025 2869 1085 2937 oti.
1106 2872 1146 2922 lo.
1165 2870 1212 2923 ltei
1234 2875 1277 2924 est
1297 2870 1431 2925 suscitare
1451 2883 1516 2937 pec·

305 2950 392 3015 possit
425 2950 650 3004 communicari:
675 2950 737 3005 ideo
771 2952 893 3006 Christus
927 2958 1267 3022 calorem,uecsacerdos
1284 2958 1432 3025 quidvalet
1449 2970 1516 3024 prae·

306 3036 463 3099 scribarum
473 3043 500 3090 et
511 3038 710 3092 Pharisaeorum
727 3038 891 3106 objectioni:
925 3050 1051 3111 terquam
1069 3044 1211 3097 declarare
1220 3044 1273 3096 sibi
1281 3057 1441 3110 persuasum
1452 3056 1515 3097 esse

309 3124 396 3187 «Quis
418 3128 507 3190 potest
526 3124 662 3177 dimittere
689 3130 816 3191 peccata,
840 3126 892 3178 uisi
926 3143 990 3183 eum
1001 3143 1087 3183 ossea
1099 3136 1188 3183 morte
1198 3130 1301 3194 peccati
1312 3129 1512 3183 resuscitatum:

306 3208 382 3262 solus
405 3210 498 3261 Deus?
522 3228 533 3255 s
552 3208 563 3240 ¹
584 3207 732 3272 satisfecit,
758 3222 788 3261 se
810 3211 892 3261 Deum
928 3213 1015 3276 «Quis
1026 3227 1089 3265 eum
1102 3213 1264 3274 suscitabit,
1281 3214 1334 3265 uisi
1347 3213 1394 3278 qui
1408 3218 1514 3266 remoto

306 3295 464 3359 probando,
477 3293 609 3346 miraculo
627 3297 743 3360 patrato.
924 3297 1017 3363 lapide
1026 3297 1170 3359 clamavit,
1187 3298 1283 3349 diceus
1295 3312 1302 3347 ι
1314 3300 1422 3361 Lazaro,
1435 3298 1514 3362 prodi

338 3382 380 3433 58.
394 3382 472 3445 Resp.
485 3380 529 3431 ltei
543 3378 670 3445 potestati
689 3377 840 3431 detrahitur
851 3392 893 3431 as·
926 3379 1018 3448 iores?
1031 3380 1066 3427 »⁸
1080 3382 1118 3433 lta
1130 3380 1305 3446 Augustinus.

307 3466 427 3518 serendo
451 3478 513 3517 eum
532 3476 588 3516 nou
605 3475 687 3529 posse
700 3464 770 3517 hanc
787 3464 895 3517 iaculta·
961 3468 1002 3519 tid.
1013 3467 1092 3530 llesp.
1104 3464 1514 3531 Utiquediviuaeestpotestatis

308 3557 364 3601 tom
383 3548 488 3601 homini
501 3548 676 3601 demandare.
690 3548 821 3615 Equidem
837 3563 893 3603 nou
927 3555 1102 3621 peccatorem
1124 3549 1243 3603 excitare
1259 3551 1293 3603 ad
1306 3549 1514 3618 poeuiteutiam,

304 3638 414 3688 constat
434 3646 466 3687 eo
493 3648 580 3701 usquc
599 3634 767 3701 processisse
788 3636 892 3690 Scriba·
926 3638 1019 3693 etvita
1032 3637 1126 3705 gratiae
1139 3636 1259 3697 donare.
1273 3638 1398 3703 quamvis
1416 3642 1444 3691 et
1464 3639 1514 3693 lto·

305 3733 365 3771 rum
397 3725 425 3772 et
459 3720 655 3774 Pharisaeorum
693 3722 891 3787 temeritatem,
925 3724 1008 3777 minis
1028 3729 1230 3791 utaturopera;
1249 3720 1450 3788 quodpulemc
1470 3736 1514 3777 ex-

306 3804 452 3871 quamuis,
470 3806 534 3870 quia
557 3820 612 3861 nou
638 3808 787 3865 credebant
808 3810 891 3862 Deum
926 3811 1009 3876 plicat
1029 3810 1088 3876 ipse
1113 3809 1302 3877 Augustinus:
1319 3811 1409 3862 «cum
1433 3809 1514 3862 audis

305 3904 401 3945 reuera
424 3897 587 3957 potestatem
605 3894 760 3946 remittendi
783 3900 892 3959 peccata
926 3896 1066 3949 hominem
1092 3896 1226 3960 poeuitere
1252 3900 1427 3960 peccatorum
1449 3907 1514 3947 suo·

306 3976 387 4031 alicui
411 3976 600 4041 concessisse,
618 3978 794 4043 blasphemias
815 3992 892 4032 rcum
925 3991 1001 4040 rum,
1010 3979 1068 4043 jam
1082 3978 1177 4031 revixit
1187 3993 1195 4028 s
1207 3991 1270 4030 cum
1284 3978 1363 4030 audis
1373 3978 1512 4031 homiuem

305 4060 444 4114 habebant
454 4061 545 4112 lesum
564 4072 623 4113 eam
636 4061 688 4113 sibi
698 4061 890 4115 vindicantem.
925 4062 1082 4116 coufitendo
1100 4061 1221 4127 prolerre
1233 4060 1444 4123 conscientiam,
1456 4064 1512 4128 jam

307 4145 370 4198 llaeo
392 4156 489 4197 corum
516 4144 643 4211 cogitatio
665 4151 723 4198 orta
747 4152 839 4199 estex
859 4160 892 4200 eo
926 4148 961 4200 de
973 4147 1118 4213 sepulchro
1131 4147 1248 4199 eductus
1261 4152 1319 4209 cst,
1331 4147 1512 4201 seduoudum

303 4231 377 4297 quod
397 4244 459 4283 eum
479 4244 585 4283 merum
609 4232 747 4285 homiuem
776 4232 893 4286 aestima·
926 4234 1034 4286 solutus
1053 4231 1513 4298 est.daraudosolviturtaquibus

304 4320 367 4369 rent
382 4330 389 4367 :
402 4314 461 4382 ipse
481 4323 638 4370 tamennon
654 4304 894 4383 patravitmiracu·
926 4317 1059 4373 solviturl
1085 4337 1097 4364 ι
1119 4319 1185 4382 Quae
1207 4315 1356 4379 solveritis,
1370 4336 1383 4363 ι
1406 4318 1512 4385 inquit,

304 4400 361 4454 lum
385 4407 415 4454 ut
439 4402 606 4457 divinitatem
627 4415 704 4457 suam
721 4403 891 4470 ostenderet,
928 4424 940 4451 ι
959 4404 988 4457 iu
1006 4409 1096 4471 terra,
1110 4408 1192 4457 eruut
1210 4403 1300 4458 soluta
1317 4408 1345 4457 et
1357 4403 1385 4457 iu
1404 4406 1513 4460 coelo.»

235 4678 239 4686 ·
331 4664 357 4716 (l)
371 4666 395 4707 L.
405 4667 435 4709 iii.
446 4670 473 4711 de
483 4666 564 4721 Spiritu
575 4668 596 4710 S.
607 4680 625 4709 c.
635 4666 692 4711 ιιίίι,
951 4670 973 4721 (τ
992 4669 1023 4711 lii.
1033 4682 1055 4724 p.
1065 4681 1102 4722 qu.
1117 4668 1191 4709 imir.
1200 4672 1241 4708 act.
1251 4666 1282 4708 iii.
1291 4666 1318 4708 ad
1327 4670 1345 4705 Ι.

332 4735 358 4787 la)
373 4735 448 4781 lucc
465 4744 495 4779 tt.
507 4743 534 4792 tlt,
542 4739 616 4779 natta.
624 4737 651 4779 ix.
661 4743 680 4779 o.
690 4736 716 4791 (ti
725 4737 842 4791 ibidem&
952 4740 979 4792 it)
987 4739 1056 4781 Sem,
1072 4738 1129 4783 lxvii.
1142 4739 1188 4780 aias
1200 4735 1244 4779 ciii.
1258 4736 1285 4778 do
1293 4735 1362 4779 verbio
1371 4735 1463 4778 Domini.
