3792 5550
606 596 612 608 ,
639 545 709 597 cle.
729 544 774 596 lll.
795 544 837 594 nli
855 542 1064 594 slchlltltltrl
1081 544 1230 597 hlltchn.
1476 550 1527 601 5⁷7

312 662 368 729 est,
399 661 569 714 clandestina
592 663 787 725 matrimonia,
814 660 901 713 libero
936 658 989 711 mis
1012 659 1063 711 luit
1082 660 1275 728 theologorum
1296 664 1449 727 sententia,
1467 670 1529 717 ante

311 748 530 800 contrahentium
544 760 681 801 consensu
704 748 791 812 lacta,
804 751 862 799 rata
875 752 903 799 et
935 745 1111 798 Melchiorem
1124 749 1225 799 canum
1236 786 1244 811 ,
1257 749 1305 814 qui
1322 750 1434 815 scripsit
1455 763 1528 805 anno

309 834 901 901 veraessematrimonia,quamdqucclesie
938 834 1021 895 luca,
1047 836 1253 887 Sacramentum
1280 837 1444 890 Matrimonii
1472 852 1529 891 non

312 930 343 969 ca
363 918 439 972 irrita
460 921 591 973 nonfeeit
610 962 616 973 ,
638 959 645 972 .
667 960 673 973 ,
695 962 701 975 ,
723 920 902 974 nihilominus
937 916 1019 968 alium
1037 918 1139 971 habere
1157 919 1329 984 ministrum,
1351 936 1433 987 quam
1452 924 1529 989 ipsos

312 1003 339 1053 S.
357 1004 404 1057 liei
423 993 544 1059 Ecclesia
568 1020 601 1059 ex
625 1006 786 1073 justissimis
812 1006 903 1059 causis
936 1004 1168 1055 contrahentes.»
1192 1006 1231 1057 lta
1257 1013 1374 1059 testatur
1394 1012 1530 1075 tosepbus

313 1088 358 1142 illa
370 1104 479 1158 semper
488 1094 622 1146 detestata
635 1100 676 1146 est
690 1100 716 1147 et
731 1094 903 1159 prohibuit.»
936 1088 1076 1153 Garricre,
1098 1089 1275 1143 doctissimus
1300 1094 1462 1159 theologus,
1482 1096 1530 1161 qui

311 1174 350 1227 lta
367 1178 518 1231 Tridentini
536 1178 658 1243 patres*
683 1181 733 1231 lus
752 1178 834 1245 igitur
850 1181 904 1230 Ca·
937 1174 1320 1239 nuperrimcbancmateriam
1333 1179 1531 1243 pertractavit.²

314 1262 449 1316 ncnicum
476 1265 602 1330 copulam
625 1265 711 1317 instar
736 1264 903 1317 matrimonii
937 1263 1024 1327 liujus
1042 1263 1204 1327 sementim,
1229 1271 1338 1329 quaeat
1360 1272 1454 1319 nostra
1474 1273 1532 1331 est,

316 1347 551 1417 habuit,quando
577 1358 755 1417 praecesserat
773 1350 904 1404 solemnis
937 1348 1007 1400 ratio
1037 1350 1175 1414 praecipua
1203 1350 1312 1403 videtur
1341 1366 1423 1416 esse,
1456 1355 1531 1419 quod

319 1437 487 1490 matrimonii
501 1438 657 1503 promissio,
671 1437 733 1503 quia
753 1450 905 1490 consensus
938 1430 1097 1487 contra'ctus
1122 1435 1345 1497 matrimonialis
1381 1438 1471 1503 qualis
1496 1439 1531 1491 ab

319 1522 439 1584 partium
457 1522 484 1573 in
499 1523 703 1576 matrimonium
722 1522 906 1588 praesumeba-
939 1519 1017 1572 initio
1036 1521 1139 1585 extitit,
1152 1522 1188 1574 sit
1209 1522 1301 1587 ipsum
1324 1525 1529 1577 Sacramentum

315 1610 368 1657 tur.
382 1609 453 1661 llala
470 1614 560 1661 tamen
581 1622 643 1674 quae
661 1622 694 1661 ex
706 1608 821 1661 occultis
841 1620 906 1661 con·
939 1606 1179 1672 noraebegis3nec
1190 1608 1262 1659 euim
1273 1609 1530 1662 christusnoscitur

311 1690 394 1758 jngiis
407 1706 533 1760 persaepe
548 1694 706 1746 oriebantur
719 1693 841 1759 patribus
850 1692 907 1744 'lri-
939 1690 1042 1756 aliquid
1055 1690 1083 1741 in
1093 1703 1126 1743 eo
1138 1692 1363 1754 immutasse‚sed
1373 1694 1530 1759 primariam

315 1776 437 1832 dentinis
467 1780 614 1832 extiterunt
640 1779 749 1832 occasio
769 1778 908 1830 statuendi
941 1778 1000 1843 ejus
1013 1781 1155 1839 naturam,
1170 1777 1286 1828 duorum
1310 1779 1414 1831 scilicet
1434 1779 1530 1833 indivi-

314 1865 406 1919 nullos
420 1866 448 1919 iu
460 1873 602 1932 posterum
614 1866 757 1918 habendos
770 1878 831 1917 esse
840 1877 907 1917 con·
941 1862 1023 1915 duam
1042 1863 1217 1926 societatem,
1237 1866 1390 1928 revocavit,
1403 1865 1459 1918 uim
1471 1868 1530 1932 ejus

318 1954 423 2004 tractus
442 1951 671 2012 matrimoniales,
702 1950 802 2016 quibus
827 1963 907 2015 paro·
940 1944 1125 2003 inviolabilem
1156 1950 1318 2014 declaravit,
1340 1957 1367 2003 et
1393 1965 1442 2003 sua
1468 1965 1531 2004 san·

320 2034 406 2099 chus,
426 2037 470 2089 uel
484 2037 553 2089 alius
573 2036 702 2089 sacerdos
722 2036 756 2088 de
774 2037 907 2102 eius,seu
940 2034 1031 2087 ctione
1040 2035 1211 2088 sanctitatem
1222 2042 1250 2088 et
1259 2036 1373 2102 gratiam
1382 2038 1531 2103 conjugum

325 2121 480 2187 ordinarii,
507 2122 636 2185 lieentia,
654 2136 717 2174 cum
735 2121 844 2174 duobus
863 2122 907 2175 vel
940 2119 1063 2172 fidelium
1089 2120 1186 2173 foederi
1211 2121 1319 2174 indidit.
1344 2124 1395 2174 Pro
1424 2123 1531 2175 ratione

314 2204 402 2261 tribus
413 2208 529 2261 testibus
540 2221 595 2261 non
608 2208 726 2269 adesset,
740 2208 906 2273 ubicumque
939 2206 1023 2272 igitur
1040 2213 1212 2268 contractus,
1231 2206 1283 2273 ipsi
1307 2206 1353 2273 qui
1377 2220 1455 2259 suam
1479 2207 1530 2260 sihi

316 2292 422 2363 scili-cet
455 2294 596 2347 decretum
624 2295 677 2360 hoc
703 2295 906 2361 promulgatum
940 2292 1057 2345 inuicem
1083 2292 1164 2345 tidem
1190 2293 1387 2359 oppignerant,
1414 2292 1531 2345 ministri

318 2376 426 2433 luisset.
456 2382 546 2431 blanet
570 2380 713 2432 immutata
739 2379 906 2433 sacramenti
941 2378 1469 2432 videnturSacramenti.llaecscntentia
1482 2392 1531 2431 sua

314 2469 412 2517 natura
423 2502 431 2529 ,
444 2471 599 2517 contractus
623 2464 728 2517 scilicet
747 2464 884 2528 legitimus
897 2478 904 2514 :
941 2464 1341 2527 simplicitatecommendatur,
1352 2471 1379 2517 et
1388 2480 1472 2530 quum
1482 2479 1531 2531 per

314 2548 366 2600 sed
384 2550 542 2601 'tridentina
559 2549 700 2601 sanctione
719 2542 748 2599 tit
762 2552 907 2599 utcontra·
943 2560 1033 2600 annos
1045 2549 1142 2599 saltem
1156 2548 1409 2613 quadringentosin
1427 2550 1530 2602 scholis

319 2637 382 2685 ctus
394 2634 441 2685 ille
450 2646 505 2686 non
515 2634 610 2686 existat
624 2634 659 2685 ob
671 2634 759 2698 legem
773 2646 836 2685 eum
847 2632 906 2684 irri·
943 2633 1097 2686 obtinuisse
1118 2638 1266 2696 noscatur,
1291 2634 1325 2685 ab
1343 2647 1375 2685 ea
1391 2634 1436 2686 vix
1453 2647 1531 2687 rece·

315 2723 434 2781 tantem,
454 2718 563 2784 quando
586 2718 758 2771 conditiones
780 2716 907 2769 indicatae
941 2719 1064 2771 dendum
1082 2724 1221 2786 putamus.
1241 2720 1373 2772 Rationes
1386 2719 1414 2771 in
1429 2725 1532 2772 utram-

317 2811 434 2858 servatae
444 2817 499 2857 non
511 2789 584 2857 sunl.
942 2817 997 2870 que
1029 2810 1133 2870 partem
1168 2805 1272 2871 agitare
1297 2806 1384 2859 nostri
1412 2807 1530 2859 instituti

348 2893 391 2944 55.
413 2890 472 2956 obj.
497 2893 523 2943 6.
542 2890 742 2944 Matrimonium
758 2890 907 2958 virginitati
941 2903 997 2943 non
1014 2896 1070 2953 est,
1085 2904 1153 2956 quas
1168 2891 1239 2956 apud
1254 2892 1432 2945 benedictum
1443 2893 1531 2954 lllv.‚⁸

316 2983 460 3042 praestaret
473 3016 481 3042 ,
500 2978 524 3030 si
541 2980 745 3030 Sacramentum
770 2979 840 3031 ioret
854 2992 860 3029 :
880 2983 907 3030 et
940 2975 1122 3042 Sardagnam,
1133 2976 1145 3009 ⁸
1157 2977 1200 3028 vel
1212 2976 1303 3042 ipsum
1316 2977 1452 3040 carricre,
1463 2977 1474 3011 ⁸
1486 2991 1531 3030 ex-

314 3064 409 3116 ordini
427 3063 508 3116 etiam
526 3063 643 3115 maxime
655 3064 822 3117 conveniret.
939 3063 1044 3129 positas
1052 3061 1151 3127 lvidcre
1161 3063 1223 3128 quis
1235 3063 1346 3128 poterit.

348 3150 392 3202 36.
412 3149 489 3212 hesp.
509 3147 597 3199 Gratia
615 3153 642 3200 ct
656 3160 733 3199 sacra
742 3145 906 3214 significatio
975 3151 1018 3200 58.
1040 3151 1153 3202 constat
1166 3149 1276 3214 quidem
1290 3164 1323 3202 ex
1334 3149 1457 3202 omnium
1470 3163 1532 3203 con·

318 3248 381 3300 quae
399 3233 594 3287 matrimoniali
605 3233 699 3286 soederi
714 3234 906 3296 adnectuntur,
942 3235 1072 3287 sensione
1088 3235 1239 3287 sacerdotia
1260 3237 1435 3301 praesentiam
1446 3241 1473 3288 et
1484 3250 1533 3288 uu·

317 3319 906 3385 nonelllciuntutilludvirginitatipraestet,
942 3319 1060 3386 ptiarum
1087 3319 1322 3382 celebrationem,
1349 3320 1424 3384 J'uxla
1450 3319 1532 3371 ritum

319 3419 405 3471 quum
423 3407 483 3459 haec
500 3406 621 3458 animum
638 3405 793 3458 liberiorem
806 3404 839 3456 ad
852 3405 906 3457 lieo
943 3404 1169 3478 ecclesiasticum,
1180 3404 1281 3469 requiri
1291 3418 1322 3457 ex
1332 3405 1532 3457 consuetudine
1561 3402 1568 3413 “

315 3489 471 3544 vacandum
483 3504 592 3556 semper
603 3490 753 3556 relinquat,
767 3489 907 3542 matrimo·
941 3502 1003 3555 quae
1017 3489 1047 3540 in
1058 3475 1274 3556 ipsa'sanctitate
1284 3490 1450 3542 sacramenti
1462 3490 1532 3542 inni·

276 3642 280 3647 ⁴
319 3577 398 3629 nium
427 3576 505 3628 turba
536 3573 739 3629 solicitudinum
764 3580 905 3640 sequente.
944 3573 1193 3648 titurte'tgraviter
1202 3589 1316 3641 peceare
1328 3577 1531 3640 contrahentes

318 3663 382 3716 llaec
406 3663 486 3715 etiam
509 3663 701 3716 demonstrant
723 3661 790 3713 illud
811 3674 907 3726 parum
943 3649 1006 3730 qui,
1021 3670 1113 3730 spreto
1126 3663 1277 3716 sacerdotis
1288 3663 1532 3726 ministerio,cou·

316 3748 465 3802 conuenire
480 3750 643 3803 elericorum
660 3734 794 3816 majorum
812 3747 906 3801 cundi·
941 3751 1069 3813 trabunt,
1092 3751 1205 3804 remotis
1223 3750 1350 3814 arbitris,
1374 3751 1417 3803 vel
1438 3762 1531 3802 coram

321 3823 457 3899 tioni,³qui
468 3840 541 3888 totos
551 3837 607 3889 lieu
620 3835 728 3888 deditos
738 3848 768 3887 se
779 3833 907 3888 exhibere
939 3849 1068 3903 praecone
1076 3836 1215 3900 haeretico,
1223 3839 1363 3889 velcoram
1371 3835 1531 3902 magistratu

316 3917 428 3973 debent.
940 3921 1023 3974 cirili.
1045 3921 1198 3973 llinistrum
1225 3921 1328 3975 idcirco
1352 3922 1531 3974 solemnitatis

941 4007 1035 4071 plures
1054 4005 1149 4058 dicunt
1166 4007 1352 4069 sacerdotem,
1367 4008 1414 4072 qui
1440 4013 1531 4060 tamen

520 4069 634 4144 ‚CAPUT
653 4068 698 4118 ¹¹¹·
943 4094 1058 4142 censent
1078 4090 1182 4155 absque
1207 4104 1240 4144 co
1267 4098 1293 4144 el
1312 4096 1480 4144 contractum
1504 4097 1532 4144 et

449 4215 480 4254 m
492 4214 646 4254 mmm,
657 4211 774 4252 mmm
845 4248 848 4253 Ι
943 4178 1148 4228 Sacramentum
1171 4190 1230 4229 csse
1247 4191 1345 4243 posse,
1356 4177 1383 4228 in
1396 4177 1430 4228 iis
1442 4176 1532 4243 regio·

941 4262 1024 4315 nibus
1038 4261 1066 4313 in
1079 4261 1178 4328 quibus
1190 4263 1233 4314 lex
1252 4262 1409 4315 'tridentina
1422 4261 1532 4314 clande-

360 4359 403 4407 37.
425 4375 436 4400 a
456 4351 684 4406 communissima
701 4355 727 4402 et
745 4349 800 4402 lere
815 4347 909 4400 unani·
946 4347 1048 4400 stinum
1062 4347 1264 4400 matrimonium
1282 4349 1425 4401 declarans
1437 4347 1534 4402 intelle

353 4616 380 4669 (ti
395 4616 454 4658 Sese.
463 4615 516 4656 uir.
525 4617 572 4668 cap}
583 4621 600 4656 t.
610 4615 635 4655 de
647 4614 694 4655 liei.
972 4611 999 4664 μζ
1010 4610 1040 4651 De
1049 4611 1135 4664 Synodo
1144 4611 1158 4650 l.
1168 4610 1212 4651 riii.
1222 4623 1240 4652 c.
1248 4611 1285 4651 xii.
1293 4611 1338 4652 xiii.

266 4702 302 4757 1-Ὶῇ
349 4685 377 4739 (2)
386 4687 417 4726 lle
427 4684 577 4736 llatrimcnio,
589 4695 654 4736 opera
669 4685 714 4724 tos.
732 4681 843 4733 Carridre,
852 4681 909 4723 Sem.
970 4679 998 4733 (t)
1008 4681 1038 4720 lte
1047 4679 1138 4757 llatrim.
1145 4684 1186 4720 art.
1192 4678 1238 4757 viii.
1247 4680 1347 4723 Contrcr.
1357 4693 1373 4722 ι.
1381 4691 1419 4733 qu.
1428 4682 1447 4718 ³.
1457 4683 1476 4718 t.
1484 4683 1504 4720 d·

274 4747 281 4759 '
328 4753 351 4798 S·
361 4753 448 4809 silphii
457 4754 602 4807 Presbyti'ic.
609 4753 737 4796 (leomeris.
745 4764 802 4794 enno
812 4756 867 4793 tttl.
975 4751 1005 4801 tt)
1014 4750 1045 4789 bc
1054 4750 1146 4790 lterum.
1155 4749 1198 4790 rol.
1207 4761 1223 4788 r.
1232 4761 1252 4790 c.
1260 4749 1283 4789 ii.
