3792 5550
589 535 591 539 ’
678 548 746 600 aar.
766 549 794 600 v.
814 549 856 602 nn
873 549 1002 601 airicus
1019 551 1133 602 mssm.
1459 550 1508 603 aaa

304 657 410 721 brandi,
424 671 484 724 quae
502 663 529 712 ct
545 659 615 712 ectio
632 673 647 712 a
664 660 884 715 teteribnsdicta
917 662 1070 716 dandorum
1080 663 1267 716 referebantur
1280 663 1400 717 nomina.
1413 665 1508 718 belun-

302 749 353 805 cst,
367 743 437 796 unde
450 745 575 809 quaedam
590 747 675 799 oratio
686 767 697 792 u
709 747 788 812 lnlru
800 748 883 800 ectio-
917 755 1022 802 ciorum
1034 753 1134 814 pariter
1144 750 1285 812 meminit,
1303 764 1421 816 quorum
1435 763 1507 804 com-

301 840 387 879 ccm»
412 828 586 894 inscribitur,
608 832 708 884 saecnlo
729 838 825 897 quarto
843 839 884 886 est
917 834 1119 888 mandationem
1162 849 1194 887 ex
1229 835 1327 888 ltituali
1355 836 1504 902 anglicano

301 914 449 979 antiquior,
471 921 498 968 et
526 917 615 982 quoad
650 917 795 970 maximam
825 920 883 985 ejus
918 919 1126 971 exclusamesse
1150 924 1226 972 notat
1248 920 1393 984 Palmer,⁶
1420 921 1507 973 Litur-

257 998 260 1006 '
300 1006 398 1064 partem
424 1002 457 1054 ad
483 993 673 1068 Apostolorum
711 1005 883 1058 traditionem
918 1003 1112 1070 glisomnibus
1137 1004 1274 1057 veteribus
1293 1018 1353 1057 eam
1372 1005 1506 1058 contineri

301 1090 368 1138 recte
390 1085 513 1139 retertur.
536 1088 671 1140 institutio
698 1095 832 1154 narratur,
856 1097 884 1143 et
917 1101 1078 1155 agnoscens.
1107 1078 1216 1154 Sergius
1240 1090 1260 1140 1.
1284 1090 1384 1142 dicitur
1406 1091 1507 1143 oratio·

300 1172 464 1226 consecratio
484 1174 638 1240 perficitur,
659 1175 772 1228 vocibus
790 1177 884 1242 aliqui·
916 1186 979 1226 nem
996 1187 1032 1223 :u
1054 1173 1150 1240 Aenus
1170 1173 1236 1236 Dei,
1255 1160 1384 1238 outtodis
1400 1179 1507 1240 peccato

298 1253 348 1312 bus
371 1267 397 1313 et
418 1261 630 1316 circumstantiis
647 1263 805 1328 relatis,de
823 1263 882 1329 qui·
916 1257 1032 1319 urendi,
1058 1257 1186 1310 miserere
1216 1257 1309 1320 nobis,
1335 1279 1347 1303 a
1371 1259 1399 1310 in
1428 1272 1508 1311 usum

298 1345 347 1398 bus
357 1346 438 1400 silent
448 1349 765 1416 Evangelislae,sedquae
777 1349 880 1403 eaedem
915 1341 1065 1394 induxisse·
1091 1343 1156 1394 Tres
1180 1343 1314 1395 orationes
1341 1348 1406 1395 ante
1433 1357 1509 1397 com·

299 1430 351 1484 icre
373 1438 436 1485 sunt
452 1435 480 1485 in
493 1435 619 1488 omnibus
640 1435 782 1499 strumis,
811 1435 880 1488 nixae
916 1427 1075 1480 munionem
1086 1440 1119 1478 02⁴
1132 1427 1507 1492 antiquapiorumbominum

299 1519 388 1581 procur
400 1519 484 1572 cubio
494 1521 646 1586 apostoliea
657 1519 829 1575 troarnensi
849 1521 879 1572 nt
915 1511 1115 1565 consuetudine
1127 1512 1293 1565 deriventur·
1308 1513 1398 1566 Verba
1411 1514 1509 1566 cento-

297 1602 323 1653 S.
341 1605 394 1656 Leo
411 1604 533 1670 adjunxit
549 1606 631 1658 verba
644 1605 688 1656 illa
703 1621 708 1657 :
723 1624 739 1653 «
751 1608 880 1658 Sanctum
914 1597 1001 1649 rionis
1023 1611 1054 1648 ⁸0
1076 1597 1220 1664 indignum
1244 1598 1396 1664 liwfiiessiis
1425 1600 1509 1652 ⁵³0?ss

297 1686 473 1751 sacrificium,
503 1688 703 1741 immaculatam
724 1690 880 1742 bostiam.»
915 1682 1011 1733 usibus
1040 1685 1244 1736 accommodata
1288 1699 1350 1738 esse
1384 1692 1507 1752 tempore

295 1771 320 1821 S.
334 1772 479 1838 Gregorius
497 1774 619 1826 noscitur
638 1775 697 1826 baec
717 1775 857 1827 addidisse
872 1789 878 1825 :
915 1766 1039 1833 origenis
1057 1775 1173 1845 constat.
1189 1771 1278 1824 Verbo
1298 1785 1359 1836 quae
1377 1771 1510 1838 dnmpor·

218 1881 220 1887 -
297 1875 308 1900 «
320 1855 434 1922 diesque
444 1864 554 1910 nostros
566 1857 595 1908 in
605 1863 651 1910 tna
663 1871 727 1923 pace
740 1858 880 1923 disponas,
914 1852 1011 1917 rigitur
1043 1855 1246 1907 Sacramentum
1275 1857 1417 1922 dicuntur,
1446 1858 1510 1910 anti·

294 1948 375 2007 atque
388 1943 422 1994 ab
433 1948 534 1994 aeterna
547 1943 722 1997 damnatione
732 1938 783 1996 ios
794 1944 880 2010 eripi,
914 1937 1046 2002 quissima
1069 1945 1141 1991 sunt.
1161 1940 1264 2013 ittllim
1282 1941 1310 1992 in
1344 1955 1441 1993 manus
1466 1942 1510 1994 da-

294 2032 320 2078 ct
339 2027 367 2078 in
388 2028 536 2080 electorum
554 2033 662 2081 luorum
683 2029 780 2095 jubeas
800 2043 880 2096 grege
913 2022 1003 2085 batur,
1037 2023 1083 2088 qui
1114 2038 1174 2076 1¹¹⁰S
1203 2025 1231 2076 in
1256 2026 1377 2078 C⁰tt⁰ili⁰
1396 2027 1510 2080 Rodomi

295 2113 439 2165 numerari.
471 2133 482 2158 »
508 2113 608 2165 Dicitur
630 2113 711 2166 etiam
730 2114 879 2167 inseruisse
913 2107 1014 2159 vetitus
1044 2108 1104 2173 est).
1132 2109 1189 2161 Alia
1223 2111 1434 2176 recitanturtin
1463 2114 1511 2178 Sy·

295 2201 406 2251 nomina
430 2201 476 2250 SS.
495 2199 878 2266 ngathae,tuciae,ngnetis‚
913 2191 987 2245 nodo
1020 2192 1134 2246 ltodomi
1163 2207 1238 2248 anno
1263 2197 1313 2247 878
1338 2211 1344 2246 :
1371 2215 1382 2244 a
1406 2199 1511 2264 corpus

294 2283 405 2336 Caeciliae
427 2289 454 2336 et
478 2283 635 2336 anastasiae.
651 2279 797 2337 Pos'tillius
815 2289 879 2336 tem·
912 2277 1019 2330 Domini
1043 2284 1069 2330 et
1101 2279 1213 2344 sanguis
1235 2281 1321 2344 prosit
1342 2281 1390 2333 tibi
1409 2283 1443 2334 ad
1468 2297 1508 2337 rc·

293 2380 357 2432 pora
382 2368 449 2420 nibil
472 2367 574 2421 canoni
597 2367 733 2431 additum,
758 2368 878 2434 nihilque
912 2363 1076 2416 missionem
1105 2369 1320 2429 peccatorumet
1343 2367 1423 2420 vitam
1433 2374 1510 2420 aeter·

294 2452 599 2506 ineonrutatumest.²
912 2460 986 2499 nam.
1011 2468 1023 2494 u
1048 2447 1059 2481 ⁸
1086 2449 1239 2514 Antiphone
1269 2463 1330 2514 uuae
1355 2455 1510 2505 communio

333 2540 390 2590 teo.
415 2541 493 2592 Juxta
526 2552 632 2592 morem
649 2539 879 2600 vetustissimum,
913 2532 1021 2594 dicitur,
1040 2533 1106 2586 olim
1125 2535 1274 2586 canebatur
1292 2547 1308 2585 a
1328 2537 1427 2601 choro,
1444 2539 1510 2590 dum

292 2635 372 2688 quem
386 2625 514 2688 superius
530 2623 691 2682 retulimus,
715 2629 774 2675 orat
794 2635 881 2674 sacer·
914 2618 1044 2669 sacerdos
1056 2619 1251 2671 Eucltaristiam
1265 2619 1448 2672 distribueret.
1462 2623 1511 2674 Be·

292 2707 342 2760 dos
354 2709 381 2758 in
403 2709 513 2760 canone
531 2720 582 2772 pro
599 2707 725 2760 fidelibus
738 2707 879 2770 omnibus,
914 2701 1031 2753 redactio
1051 2701 1079 2752 in
1098 2702 1150 2754 line
1168 2703 1257 2755 llissaa
1268 2704 1378 2756 nonnisi
1397 2705 1431 2757 ab
1449 2706 1509 2770 Epi-

292 2794 444 2860 praesertim
462 2793 605 2857 Pontinos,
619 2794 771 2859 Episcopo,
785 2793 881 2858 etqui·
914 2800 998 2861 stptw
1020 2787 1163 2862 dabatur,¹
1182 2790 1230 2843 sed
1258 2791 1314 2857 iam
1337 2792 1438 2844 saecttlo
1461 2806 1511 2843 1¹11·

292 2879 696 2942 bnsdamsibicommendatis,
715 2878 879 2941 velaminis,
915 2872 1023 2925 decimo
1051 2873 1169 2929 obtinuit
1198 2889 1259 2951 mos
1291 2882 1321 2929 nt
1353 2877 1510 2931 sacerdotes

293 2962 407 3029 quorum
418 2966 578 3019 memoriam
593 2966 816 3018 tacitusrcvocat.
831 2964 879 3016 Di·
914 2970 974 3009 eain
1000 2957 1211 3023 impertirentur.
1238 2960 1249 2994 ⁶
1273 2962 1454 3030 bonocellum
1480 2964 1508 3016 S.

292 3051 388 3117 pipebo
407 3053 532 3114 alanna,
555 3052 680 3105 videlicet
699 3050 740 3103 tu
759 3050 874 3115 plicatu,
914 3045 1029 3098 loannis
1050 3059 1082 3098 ex
1100 3048 1281 3113 quorumdam
1303 3049 1448 3102 devotione
1468 3062 1510 3102 re-

293 3135 452 3189 diccbantur
477 3137 542 3190 olim
558 3137 673 3199 tabulae,
698 3149 747 3187 sen
770 3148 877 3187 asseres
915 3131 991 3183 citari
1005 3133 1105 3196 coepit,
1117 3135 1191 3199 quod
1206 3148 1238 3187 en
1248 3136 1376 3188 mandato
1390 3138 1416 3186 S.
1427 3135 1465 3185 Pii
1479 3137 1508 3186 V.

293 3220 328 3273 ita
351 3222 404 3275 sibi
434 3222 549 3275 invicem
570 3220 708 3285 coniuncti
736 3225 765 3270 ut
788 3218 882 3284 plicari
916 3215 1114 3266 nuncdieitur.
1444 3284 1446 3289 Ι

293 3311 422 3371 possent,
440 3306 541 3371 quibus
568 3304 722 3369 specialiter
745 3316 883 3355 commen·
956 3300 1013 3349 i8l·
1031 3300 1069 3348 En
1081 3298 1123 3349 his
1141 3312 1202 3363 quae
1214 3299 1333 3352 breviter
1349 3302 1509 3365 retulimus,

319 3590 346 3641 (tt
357 3590 387 3629 lle
397 3585 563 3627 consecrationis
579 3586 646 3626 iorma
662 3590 736 3626 notant
752 3584 892 3627 Oxonienses'
917 3584 951 3625 led
961 3585 1115 3638 attributingto
1123 3596 1164 3625 one
1168 3588 1217 3637 part
1226 3582 1250 3623 oi
1257 3582 1273 3622 it
1282 3593 1310 3622 an
1318 3581 1422 3635 apostolic
1431 3582 1510 3634 origin3

293 3669 340 3698 eam
350 3656 427 3697 iisdem
437 3654 481 3695 lere
494 3655 564 3696 verbis
572 3655 594 3695 in
604 3654 704 3695 omnibus
712 3654 815 3707 liturgiis
825 3666 884 3706 repc—
921 3656 964 3697 and
977 3656 1074 3697 thatthis
1084 3661 1132 3709 part
1144 3656 1194 3696 does
1205 3660 1242 3694 not
1256 3665 1336 3706 appear
1346 3653 1425 3693 toharc
1434 3654 1511 3694 under·

295 3727 350 3778 riri,
367 3724 467 3778 quamvis
486 3737 528 3766 non
546 3725 679 3777 reperiantur
692 3724 763 3765 omnia
780 3724 837 3776 apud
846 3724 887 3777 ali-¹
919 3738 975 3778 gone
990 3739 1032 3779 any
1046 3727 1130 3778 change
1147 3726 1261 3767 whatever.
1283 3723 1392 3775 vigilius,
1408 3723 1456 3765 who
1466 3735 1510 3765 was
1583 3716 1586 3721 ⁸

295 3806 359 3847 quern
378 3805 464 3835 snorum
481 3793 616 3846 scriptorem·
633 3808 644 3833 a
659 3794 691 3835 alt
701 3794 787 3834 contria
806 3821 832 3835 ·.
848 3820 853 3831 ·
871 3805 883 3833 a
917 3798 976 3851 rope
984 3799 1077 3839 between
1087 3798 1123 3838 the
1137 3797 1201 3837 times
1208 3793 1336 3836 otGelssins
1350 3794 1393 3835 aad
1401 3794 1510 3847 dream,

295 3863 485 3904 commemoration
502 3862 525 3903 oi
540 3875 580 3903 our
589 3864 664 3903 Loon‘s
674 3863 742 3903 words
750 3863 792 3902 and
801 3863 883 3902 actions
917 3868 965 3907 estis
977 3879 1003 3907 us
1015 3870 1062 3908 that
1079 3869 1115 3908 tho
1125 3882 1135 3905 a
1145 3865 1255 3907 esnonicsl
1274 3876 1378 3917 prspere,
1393 3877 1404 3900 s
1419 3875 1444 3903 or
1453 3864 1510 3903 what

295 3932 315 3973 in
326 3934 361 3974 the
368 3932 489 3973 institution
497 3932 561 3971 olthe
570 3932 691 3982 Eucharist,
700 3931 769 3971 which
781 3931 798 3970 is
805 3931 841 3970 the
851 3942 883 3970 sa·
917 3946 953 3975 aro
963 3947 1008 3975 now
1017 3936 1085 3975 called
1094 3936 1130 3975 tbc
1139 3935 1231 3975 «Canon
1240 3934 1264 3973 oi
1271 3934 1307 3973 the
1316 3935 1372 3973 llass
1381 3946 1392 3969 n
1402 3932 1445 3971 bad
1454 3932 1507 3971 been

295 4014 328 4043 me
337 4032 344 4055 ,
352 4005 431 4045 almost
440 4002 503 4052 word,
511 4002 544 4041 lor
552 3998 618 4051 w'ord,
629 4001 651 4040 in
666 4012 727 4052 every
737 4000 836 4052 biturgy,
846 3998 885 4039 hut
914 4018 923 4041 a
943 4004 1027 4043 banded
1037 4004 1098 4045 down
1112 4015 1137 4043 as
1147 4015 1174 4042 an
1184 4001 1308 4053 apostolical
1320 4000 1429 4041 tradition.
1440 4013 1450 4035 ι
1461 4000 1507 4039 And

296 4073 313 4113 is
335 4079 372 4114 not
398 4074 462 4113 taken
479 4071 534 4110 lrom
552 4082 592 4122 any
611 4068 635 4109 ol
650 4069 685 4109 the
710 4069 758 4109 tour
775 4068 885 4120 Scriptura
918 4071 983 4111 much
998 4071 1076 4111 earlier
1091 4082 1123 4111 we
1132 4072 1184 4110 hear
1194 4072 1229 4110 the
1241 4081 1300 4109 same
1310 4070 1365 4109 lrom
1374 4069 1432 4120 l‘opc
1442 4070 1512 4108 inno--

296 4149 403 4183 accounts.
419 4157 429 4180 s
440 4142 486 4182 i'ol.
502 4140 524 4182 ii.
535 4141 604 4180 Tract.
622 4140 659 4179 tto.
678 4144 709 4179 tte.
725 4151 747 4191 p.
763 4146 781 4180 'l-
796 4138 884 4178 madon
917 4145 966 4179 cent
975 4168 981 4189 ,
990 4140 1038 4181 who
1048 4138 1101 4179 adds
1110 4140 1157 4177 that
1167 4140 1203 4179 the
1214 4137 1303 4189 Apustio
1312 4139 1367 4176 lrorn
1377 4137 1448 4177 whom
1454 4136 1504 4189 they

295 4212 380 4253 edition.
919 4209 1006 4250 derived
1015 4209 1031 4248 it
1038 4220 1082 4249 was
1090 4209 1122 4250 St.
1133 4209 1199 4248 Peter.
1207 4208 1287 4247 ibidem
1298 4218 1320 4258 p.
1333 4212 1352 4259 t.
1479 4211 1483 4216 ·

321 4284 348 4332 (i)
367 4297 377 4321 n
394 4282 426 4321 lllr
441 4280 525 4321 Palmer
533 4280 572 4319 hae
582 4278 657 4318 shown
665 4278 711 4317 that
719 4277 810 4317 wehava
819 4277 884 4317 abun·
938 4279 966 4329 (a)
975 4293 984 4311 ι
995 4278 1027 4317 All
1043 4278 1079 4317 the
1094 4276 1180 4317 ancient
1197 4275 1305 4326 hiturgies
1314 4274 1400 4315 oontain
1413 4274 1507 4315 lillewise

295 4349 360 4390 dance
368 4350 392 4391 oi
403 4349 512 4389 materiale
520 4346 705 4398 loraseertaining
717 4346 753 4385 tlte
761 4351 803 4385 test
812 4346 883 4385 olibis
917 4347 1009 4387 another
1029 4348 1108 4400 Proper
1117 4347 1194 4397 (which
1211 4347 1252 4386 bas
1267 4346 1321 4385 been
1338 4344 1439 4384 eicludcd
1449 4345 1504 4385 lrom

297 4418 384 4471 Liturgy
395 4447 402 4470 ,
424 4430 448 4458 as
467 4418 484 4458 it
496 4417 558 4457 stood
571 4416 591 4455 in
602 4417 639 4456 the
650 4414 732 4455 timeor
739 4414 833 4466 Gregory
847 4415 883 4455 the
916 4416 956 4456 the
967 4417 1057 4468 English
1076 4416 1148 4457 Ritual
1156 4417 1177 4468 ,l
1190 4416 1223 4456 ior
1231 4416 1267 4455 the
1277 4415 1367 4455 restand
1377 4426 1442 4467 peace
1450 4414 1508 4463 ciali

296 4487 371 4539 Great,
383 4486 490 4539 patriarch
500 4486 525 4526 ol
539 4488 619 4536 Rome,
638 4497 658 4525 a.
675 4497 694 4524 u.
712 4489 760 4524 libo.
775 4484 802 4535 by
812 4484 882 4525 whom
916 4488 978 4527 those
985 4487 1032 4528 who
1041 4488 1095 4528 hare
1101 4487 1201 4539 departed
1210 4485 1254 4527 this
1261 4485 1394 4526 lilcinGoo's
1401 4471 1455 4524 saith
1464 4483 1506 4523 aud

296 4555 312 4595 it
321 4568 363 4596 was
370 4556 453 4596 revised
460 4583 467 4605 ,
475 4556 516 4595 and
526 4554 615 4594 insome
625 4559 684 4606 parts
693 4553 803 4604 snlarged.
818 4579 823 4591 .
839 4580 845 4591 ·
859 4580 864 4592 ·
928 4557 984 4597 sear.
994 4558 1075 4610 »Tract
1083 4557 1121 4596 h'o.
1131 4560 1155 4597 ta

296 4624 314 4664 lt
323 4625 368 4665 also
382 4626 479 4665 desertos
495 4630 516 4664 to
530 4624 555 4664 be
572 4624 655 4664 noticed
666 4625 728 4673 ,that
740 4628 762 4663 at
779 4623 815 4662 the
830 4622 881 4663 timo
939 4627 966 4676 (t)
980 4627 1009 4665 Ex
1018 4627 1060 4665 rita
1070 4625 1091 4665 S.
1101 4625 1197 4677 Gregorii
1207 4626 1235 4665 il.
1250 4636 1262 4664 a
1274 4624 1355 4664 loanne
1364 4622 1464 4663 Diacono.
1537 4644 1539 4649 ·

297 4694 357 4733 when
367 4693 402 4733 the
412 4694 492 4733 Roman
516 4693 604 4744 biturgy
618 4704 661 4734 was
677 4691 811 4743 undergoing
822 4693 881 4733 these
898 4745 900 4753 γ
941 4695 970 4746 (5)
984 4694 1007 4735 C.
1017 4694 1040 4733 ii.
1047 4706 1068 4746 p.
1079 4695 1164 4735 socrat.
1174 4694 1201 4735 ir.
1211 4705 1271 4735 conc.
1280 4694 1321 4734 ool.
1331 4704 1377 4743 reg.

297 4763 416 4805 successive
430 4764 534 4815 revisite,
552 4776 563 4803 ι
577 4763 677 4803 tradition
685 4764 712 4803 all
721 4764 786 4814 along
799 4763 880 4816 preval-
943 4766 970 4816 (c)
982 4764 1118 4815 hlicrologus.
