3792 5550
367 544 401 597 26
763 536 879 589 sulcu.
897 535 929 589 xl
957 535 999 587 bl:
1017 536 1184 589 ulbrlsuo.

370 662 551 727 opportunam
574 653 637 707 bnic
661 649 959 719 investigandaeque
992 656 1056 713 tur,
1074 650 1226 717 peregerit,
1250 651 1405 718 deponitor.
1424 656 1482 707 lton
1500 653 1576 707 enim

372 742 508 809 sticourt
523 739 613 807 gravis
628 736 698 791 toret
714 736 860 795 dubitandi
877 738 957 797 ratic.
993 738 1059 795 dixit
1071 739 1216 793 Dominus:
1228 740 1257 796 ln
1267 745 1383 795 mortem
1393 754 1481 795 meam
1491 742 1579 809 bapti·

373 833 461 897 ouum
478 827 616 881 constaret
633 836 698 877 eum
715 822 754 877 ita
774 823 959 891 baptismum,
991 828 1059 885 aeter
1069 824 1461 890 sed,prniectidoceteomnos
1471 832 1577 894 gentes,

372 916 417 971 sir
431 907 592 966 pluuisset
603 907 629 961 ei
641 907 831 975 spectestitnll
844 910 878 967 ad
889 909 959 962 l’on·
992 908 1159 974 baptizantes
1179 922 1226 963 eos
1246 910 1274 962 in
1293 910 1404 965 nomine
1424 913 1531 976 listris,
1550 920 1578 966 et

372 993 552 1057 tidcatum,si
564 992 625 1059 ipse
637 992 958 1061 Baptismuaioretdubii
991 994 1064 1059 Filii,
1083 1000 1111 1049 et
1130 996 1245 1062 Spiritus
1266 998 1362 1051 sancti.
1383 1019 1397 1045 n
1414 998 1578 1053 Eunonriani

371 1078 486 1139 valorisr
499 1090 551 1133 nec
565 1078 727 1134 omisissent
739 1083 800 1149 eins
811 1076 958 1133 adversarii
990 1081 1048 1148 pari
1063 1082 1169 1135 ratione
1184 1083 1314 1137 ritisbent
1325 1084 1511 1151 baptismum:
1526 1086 1579 1136 Eu·

370 1164 399 1219 id
416 1162 546 1230 obiicere.
565 1165 643 1229 Quod
658 1167 758 1220 citatur
772 1163 957 1219 testimonium
991 1166 1101 1221 nomius
1117 1168 1189 1221 enim
1202 1206 1209 1229 ,
1222 1169 1261 1221 uti
1276 1168 1358 1223 reteri
1372 1169 1578 1232 Tbeodoretns,

370 1248 488 1303 cornelii
497 1250 601 1303 nuliam
616 1250 703 1318 injicit
713 1248 911 1303 dubitationem
922 1246 959 1301 de
992 1250 1121 1305 dicebat«
1132 1264 1188 1307 non
1197 1257 1324 1320 oportere
1333 1259 1374 1306 ter
1383 1254 1459 1306 iilum
1468 1254 1579 1307 immer-

371 1332 500 1399 baptismi
512 1335 620 1401 valore,
634 1335 684 1389 sed
696 1336 740 1389 vix
749 1333 897 1401 susceptus
909 1336 959 1385 ba-
993 1351 1056 1405 gere
1069 1339 1115 1405 qni
1125 1339 1289 1405 baptizatur,
1299 1352 1350 1393 nec
1358 1340 1484 1393 invocare
1495 1339 1580 1393 Trini-

372 1418 503 1487 ptismum
511 1421 617 1486 innuit,
631 1420 722 1475 auimo
734 1420 838 1473 scilicet
847 1418 959 1482 libenti,
993 1428 1096 1490 tatem,
1115 1424 1164 1477 sed
1176 1426 1261 1477 semel
1274 1424 1411 1490 baptizare
1430 1424 1459 1477 in
1480 1424 1579 1479 Christi

373 1505 419 1573 qui
428 1506 539 1561 nonnisi
551 1506 647 1561 mortis
659 1510 734 1559 metu
745 1505 779 1558 ad
791 1518 854 1558 enm
862 1508 960 1570 peten-
994 1517 1110 1564 mortem
1136 1530 1148 1557 ι
1170 1510 1181 1553 ι
1205 1510 1386 1565 bonosiani«
1406 1510 1580 1577 baptizabant

373 1593 442 1644 dnm
460 1596 553 1644 motus
570 1595 612 1644 εει
625 1605 632 1642 :
647 1610 660 1637 ι
678 1593 745 1646 lium
755 1591 866 1656 iamiam
881 1590 961 1643 mori·
994 1595 1169 1649 solummodo
1189 1596 1217 1648 in
1238 1602 1355 1650 mortem
1375 1596 1489 1658 Christi,
1507 1616 1519 1643 ι
1541 1596 1581 1649 uti

374 1686 451 1731 turus
467 1675 598 1732 creditur.
619 1694 636 1724 a
656 1675 686 1727 iii
708 1680 799 1727 autern
823 1674 961 1741 oraeoioue
995 1682 1077 1735 reiert
1095 1681 1230 1748 Pelagius.
1251 1684 1288 1734 be
1305 1681 1359 1733 ritu
1375 1680 1579 1744 immersionis,

373 1763 519 1830 exprobrat
530 1764 604 1831 quod
613 1761 722 1821 sanitati
735 1760 878 1823 restitutus
890 1760 961 1814 ritus
994 1767 1033 1820 nti
1047 1772 1121 1833 patet
1134 1804 1142 1831 ,
1155 1779 1212 1820 non
1224 1766 1358 1833 agebatur
1369 1765 1398 1817 in
1416 1765 1470 1819 illis
1488 1768 1582 1819 decre-

377 1850 496 1907 omissos
506 1849 674 1921 supplendos
687 1846 759 1899 baud
772 1845 922 1911 curaverit,
933 1850 962 1899 et
994 1852 1050 1916 tis,
1064 1866 1148 1919 quum
1161 1852 1206 1905 illa
1225 1852 1259 1905 ab
1276 1850 1407 1905 omnibus
1421 1850 1448 1904 in
1465 1850 1582 1909 solemni

377 1938 524 1993 chrismate
536 1936 608 1990 liniti
624 1931 774 2000 neglexerit
791 1946 797 1982 τ
813 1949 830 1979 u
845 1931 900 1985 Sed
916 1943 963 1989 ue
996 1938 1134 2007 Baptismo
1145 1938 1328 1992 adhiberetur.

376 2038 431 2093 que
447 2028 591 2093 postquam
603 2020 733 2072 liberatus
744 2021 788 2070 0⁵1
798 2017 910 2079 11¹0le
922 2028 963 2069 ie·
1029 2027 1087 2085 tlt.
1111 2025 1169 2090 ooj.
1188 2027 1213 2076 8.
1234 2026 1284 2087 Qui
1309 2024 1427 2077 obtinuit
1447 2038 1515 2077 usus
1536 2037 1586 2091 per

377 2112 452 2179 liqna
471 2108 606 2177 percepit,
627 2116 689 2172 quae
702 2105 778 2171 iuxta
800 2104 964 2157 eeclesiastl·
996 2109 1142 2171 duodecim
1172 2110 1269 2163 saltem
1296 2110 1395 2162 saccula
1423 2122 1471 2175 per
1497 2113 1584 2163 totam

378 2210 438 2251 caru
461 2196 582 2261 regulam
599 2191 702 2259 percipi
724 2190 826 2244 debent
843 2205 853 2243 .·
873 2203 963 2265 neque
996 2195 1096 2257 christi
1113 2194 1281 2257 Ecclesiam,
1295 2192 1397 2261 quique
1408 2194 1498 2248 adbuc
1511 2194 1583 2261 apud

379 2285 413 2338 ab
424 2282 559 2350 Episcopo
576 2281 754 2347 consignatus
768 2284 819 2333 εει.
830 2278 861 2325 »¹
997 2282 1150 2336 orientales
1160 2285 1300 2345 servatur,
1310 2285 1353 2334 est
1364 2280 1497 2347 optimum
1508 2293 1585 2347 argu·

411 2369 470 2422 tlt).
493 2368 553 2434 obj.
576 2370 601 2419 i.
622 2368 746 2420 canones
768 2364 834 2417 dicti
857 2368 966 2430 aposto
997 2374 1121 2427 mentum
1130 2369 1200 2421 ritus
1213 2368 1344 2422 adbristo
1356 2367 1481 2421 instituti.

379 2454 439 2517 lici,
460 2452 506 2520 qni
523 2452 644 2519 priorum
662 2450 827 2505 saeculorum
844 2448 966 2508 referunt
1033 2456 1089 2508 llo.
1109 2454 1186 2519 iiccp.
1211 2455 1280 2507 lisus
1300 2454 1346 2507 ille
1367 2454 1470 2519 optime
1489 2452 1585 2518 probat

381 2539 485 2592 titubet
497 2536 666 2599 doctrinam,
680 2533 967 2602 deponendosiubent
999 2539 1205 2599 immersionem
1222 2551 1284 2593 esse
1302 2538 1457 2604 baptizandi
1473 2536 1586 2591 modurn

380 2624 531 2691 episcopos
549 2627 577 2675 et
601 2622 776 2688 presbyteros
799 2620 899 2673 trinam
919 2619 968 2671 im·
999 2624 1120 2680 validum
1129 2629 1157 2678 et
1165 2624 1394 2691 legitimum3sed
1406 2623 1529 2689 exempta
1542 2624 1589 2675 Ba·

380 2709 545 2767 mersionem
563 2719 619 2761 non
631 2711 780 2761 servantes.
792 2705 803 2739 ¹
816 2703 967 2759 constanti·
1001 2710 1093 2778 ptismi
1107 2710 1167 2768 aliis
1179 2710 1331 2764 rationibus
1341 2708 1442 2774 collati,
1455 2719 1517 2774 quae
1526 2719 1588 2774 pass

382 2796 597 2863 ⁰⁰9015131111ml·
610 2793 761 2846 thssssffium
771 2791 967 2853 Eunomisnos,
1002 2798 1054 2851 sim
1071 2804 1232 2862 occurrunt,
1250 2797 1331 2854 etiam
1351 2795 1445 2861 primis
1457 2793 1588 2856 suculis,

381 2882 452 2935 trina
463 2880 640 2934 immersione
650 2878 723 2931 baud
737 2877 967 2938 ablutos,iterum
1002 2897 1119 2950 qumque
1137 2897 1186 2950 pop
1202 2884 1279 2949 plura
1296 2881 1396 2933 abhinc
1414 2879 1514 2931 saecule
1533 2877 1590 2930 iere

382 2965 510 3032 baptizari
524 2963 634 3032 iubet,⁸
650 2962 775 3029 Pelagius
785 2963 818 3014 ¹¹·
837 2961 969 3018 uonosis-
1003 2971 1062 3028 sola
1081 2970 1273 3032 obtinuerunt,
1287 2965 1436 3020 ostendunt
1447 2962 1590 3030 mergendi

382 3042 969 3114 noseaoemuocausabantismelibnsanuis
1003 3056 1086 3109 ritum
1113 3056 1147 3111 ad
1174 3053 1321 3112 essentiam
1345 3051 1417 3104 haud
1442 3047 1589 3116 pertinere.

286 3148 289 3152 ·
383 3140 482 3193 iterum
493 3137 567 3190 ablui
577 3138 650 3199 rult;
669 3156 681 3183 u
694 3135 891 3202 Euangelicum
903 3148 970 3194 tero
1004 3140 1153 3203 orientales
1163 3136 1324 3204 aspersione
1337 3134 1483 3200 aliquando
1497 3131 1545 3194 uti,
1558 3145 1590 3192 ειι

384 3227 558 3289 praeceptum,
572 3221 633 3287 ipso
645 3225 700 3276 beo
712 3225 739 3274 et
750 3221 866 3280 Domino
880 3221 971 3275 Salea-
1004 3223 1160 3280 testimonio
1174 3221 1267 3274 Fausti
1276 3219 1385 3281 baironi
1395 3219 1526 3272 benensis
1537 3220 1591 3270 ita·

384 3311 627 3363 toronostrolesu
643 3307 903 3370 cbristotradente‚
917 3319 969 3360 nos
1005 3308 1102 3363 ronitae
1125 3311 1250 3370 constet,
1277 3305 1323 3372 qui
1347 3305 1382 3362 de
1407 3303 1540 3357 cbaldaeis
1563 3302 1591 3354 id

385 3398 529 3461 admonet,
554 3398 583 3450 in
605 3397 717 3452 nomine
739 3396 879 3450 Trinitatis
900 3395 972 3449 trina
1006 3395 1108 3448 diserte
1128 3391 1281 3446 alilrmat.i
1305 3389 1403 3443 Christi
1426 3387 1591 3456 promissio,

385 3483 465 3538 etiam
478 3483 616 3538 mersione
627 3488 753 3539 sanctum
763 3482 901 3548 baptisma
914 3479 974 3542 npi·
1007 3491 1037 3532 sc
1054 3477 1255 3542 baptizantibus
1276 3475 1436 3528 adiuturum
1460 3475 1494 3526 ad
1511 3473 1590 3529 tinem

385 3568 483 3633 cuique
494 3566 624 3620 tribuere.
637 3568 674 3616 ιιι
1006 3574 1095 3627 usque
1106 3560 1212 3624 mundi,
1222 3572 1277 3613 non
1290 3559 1355 3612 sinit
1367 3565 1397 3612 nt
1406 3558 1592 3615 existimemus

416 3655 476 3704 ιιι.
486 3653 566 3717 licto.
578 3653 624 3706 Vis
633 3653 743 3706 iliorum
754 3650 928 3704 decretorum
945 3650 974 3702 in
1007 3647 1106 3704 modos
1114 3646 1269 3712 baptizandi
1283 3645 1444 3705 solemniter
1456 3642 1593 3697 adhibitos

385 3748 500 3789 numero
512 3735 721 3790 immersionum
739 3735 864 3802 ponitur,
879 3739 974 3800 quate·
1008 3747 1069 3790 esse
1080 3738 1108 3786 et
1116 3733 1247 3800 probatos
1265 3746 1314 3798 per
1329 3737 1413 3786 totam
1425 3728 1592 3790 Ecclesiam,

386 3833 438 3874 uus
449 3820 539 3873 tribus
549 3820 674 3885 personis
683 3820 783 3875 divinis
793 3820 973 3887 respondent.
1008 3822 1055 3890 qni
1067 3821 1168 3874 nullius
1178 3823 1241 3872 sunt
1253 3818 1365 3873 valoris.

389 3907 481 3958 canon
493 3905 539 3958 ille
551 3905 840 3972 pseudo-apostolicus
852 3917 901 3958 eos
912 3919 975 3972 per·
1041 3908 1099 3960 ιιι.
1118 3905 1178 3973 obj.
1191 3907 1217 3958 e.
1231 3903 1332 3958 Saltem
1342 3902 1427 3956 tutius
1438 3903 1507 3955 toret
1518 3911 1592 3952 mer·

386 3988 460 4043 cellit
477 3989 523 4055 qui
543 3990 622 4043 unica
639 3990 814 4046 immersione
832 3991 861 4044 in
878 3991 975 4045 mortis
1009 3994 1099 4060 gendo
1120 3991 1276 4058 baptizare,
1301 3999 1386 4054 quum
1407 3986 1435 4038 in
1455 3998 1486 4039 re
1504 3995 1596 4038 secra-

387 4075 493 4128 bomini
503 4076 662 4130 memoriam
672 4078 835 4131 utebantur:
850 4096 864 4124 a
876 4077 904 4130 Si
912 4079 975 4144 quis
1009 4077 1159 4138 menteris,
1173 4075 1321 4129 fatentibus
1333 4071 1497 4135 catholicis,
1509 4069 1593 4123 tutior

388 4159 539 4226 episcopus
557 4165 604 4214 aut
615 4162 759 4230 presbyter
770 4163 799 4215 in
816 4176 871 4216 unu
882 4163 976 4217 initia·
1009 4163 1123 4219 omniuo
1132 4159 1307 4215 anteferenda
1317 4159 1353 4211 sit
1365 4156 1518 4219 sententia,
1532 4155 1606 4236 dum,

390 4245 465 4299 tione
477 4258 533 4300 non
544 4250 600 4299 tres
612 4246 803 4301 immersiones
813 4284 822 4312 ,
834 4249 977 4302 sedunam
1012 4250 1046 4303 de
1056 4245 1223 4308 sacramenti
1232 4246 1325 4299 valore
1337 4241 1436 4310 agitur.

391 4331 549 4396 dumtaxat,
562 4347 625 4399 qum
638 4334 666 4394 iu
679 4339 796 4393 mortem
811 4334 917 4388 Domini
927 4335 977 4388 de·
1044 4337 1101 4392 tiit.
1116 4335 1195 4397 ilcsp.
1209 4328 1388 4382 Tutissimum
1401 4330 1443 4380 cst
1454 4327 1594 4390 receptum

419 4618 444 4673 ιι)
455 4620 515 4673 Apud
526 4622 603 4664 Euseb.
613 4625 665 4669 hist.
675 4628 732 4670 beel.
742 4629 757 4670 l.
767 4628 795 4670 ri.
805 4640 823 4669 c.
832 4635 865 4679 to,
1038 4623 1065 4676 (ti
1073 4622 1184 4674 Rescripta
1193 4620 1220 4661 nd
1227 4617 1378 4661 Gaudentium.

418 4691 445 4744 (tl
459 4692 533 4734 canon
546 4705 567 4734 v·
1041 4692 1067 4744 (ε)
1077 4693 1101 4732 n.
1109 4692 1137 4732 ιι.
1147 4691 1198 4731 aar.
1207 4689 1249 4730 ιιι.
1258 4699 1277 4728 c.
1287 4688 1319 4727 ιιι.

420 4762 448 4814 (³)
463 4766 536 4807 Conon
550 4765 586 4806 vii·
976 4819 979 4825 Ι
1034 4764 1061 4814 iol
1072 4761 1177 4814 Emptis,
1186 4760 1258 4800 llome
1269 4762 1325 4798 leot.
