3792 5550
365 594 415 645 400
711 576 824 627 rnacr.
843 570 932 622 xviri.
950 569 993 620 nu
1010 568 1225 619 ulrnruomo.

364 702 650 761 intercondrmantem
668 699 695 747 et
707 691 910 749 confirmatum,
923 684 956 737 il·
988 683 1111 745 obtinet,
1124 682 1147 734 si
1157 682 1379 736 altemteriuerit
1397 683 1580 751 baptizatus,⁷

364 795 473 859 liusque
479 794 582 857 patrem
593 787 786 840 etmatrcm‚ac
794 769 957 828 tenentem*
989 779 1071 819 secus
1084 766 1107 819 si
1121 772 1235 833 uterque
1246 767 1383 832 baptismo
1393 776 1496 823 careat.

366 879 444 933 ltatio
454 868 640 941 impedimenti
653 870 733 920 estut
744 860 856 914 liberius
867 856 957 910 cilicia
1023 853 1080 905 ¹26.
1101 851 1198 905 Cabur
1223 854 1370 918 disparitas
1393 860 1436 907 est
1465 856 1581 922 impedi-

365 978 427 1033 quae
456 960 611 1025 suscipiunt
634 961 783 1019 sponsores
804 946 955 1005 obeantur,
988 946 1113 992 tuentum
1136 953 1169 992 ex
1192 940 1299 993 delectu
1320 940 1581 1008 baptismi,quolit

365 1050 472 1104 sublata
485 1058 533 1112 spe
544 1037 710 1095 matrimonii
720 1075 728 1101 ‚
739 1035 857 1098 ideoque
866 1033 956 1081 tenta·
989 1033 1019 1079 ut
1030 1025 1183 1091 baptizatus
1200 1040 1263 1079 oum
1273 1027 1376 1079 inideli
1386 1066 1394 1092 ‚
1405 1028 1512 1081 scilicet
1525 1042 1582 1082 non

365 1136 470 1190 tionum
481 1128 627 1185 occasione
640 1122 754 1177 minuta.
988 1110 1124 1176 baptimo
1137 1149 1145 1175 ‚
1159 1117 1277 1177 nequeat
1288 1114 1451 1166 contrahere
1459 1114 1578 1179 nuptias.

401 1220 455 1272 tat
483 1212 615 1279 cognatio
636 1208 728 1275 tepetis
740 1208 783 1257 est
795 1196 956 1266 propinqui·
989 1199 1149 1252 primordiis
1161 1200 1291 1253 Ecclesiae
1309 1200 1446 1266 prohibita
1456 1208 1522 1253 sunt
1531 1201 1580 1254 loe·

365 1302 552 1369 tasalegibus
562 1301 662 1351 statuta
678 1293 714 1346 ob
726 1289 872 1356 perlectam
892 1284 956 1335 ado-
989 1283 1056 1336 dera
1077 1284 1236 1350 huiusmodi
1248 1300 1256 1335 ε
1267 1303 1283 1333 α
1299 1286 1387 1337 Nolite
1404 1286 1503 1352 iugum
1531 1287 1580 1339 qu.
1661 1325 1665 1327 ,

365 1390 559 1457 ptionem‚qua
569 1389 713 1436 extraneus
724 1377 757 1429 ad
768 1372 956 1427 lraereditatem
990 1383 1053 1422 cere
1066 1383 1130 1423 cum
1141 1370 1318 1431 inlidelibus;
1333 1369 1368 1416 »⁸
1384 1372 1580 1435 alumnarum,

365 1482 393 1531 et
411 1474 458 1528 lilii
483 1474 544 1541 jura
567 1466 728 1522 adsumitur.
742 1460 848 1514 birimit
861 1454 956 1509 matri·
990 1456 1045 1509 imo
1066 1456 1266 1509 cousuetudine
1288 1457 1326 1509 ita
1345 1456 1534 1521 invaluerunt,
1551 1464 1581 1511 ut

366 1559 489 1613 monium
515 1557 585 1607 inter
601 1552 776 1615 adoptantem
795 1550 823 1599 et
841 1544 956 1607 adopta·
988 1542 1128 1609 plerisque
1138 1544 1210 1595 baud
1221 1543 1491 1598 illicitarlderentur.
1502 1545 1514 1577 ⁹
1526 1547 1580 1597 ορ.

366 1655 443 1708 tum‚
463 1651 645 1711 posterosque
666 1634 787 1702 adoptati
811 1644 899 1698 usque
920 1629 955 1682 ad
987 1634 1077 1680 terum
1096 1627 1195 1680 diffusa
1218 1628 1352 1695 religione
1376 1630 1545 1691 christiana,
1564 1643 1580 1681 a

365 1736 492 1799 quartum
517 1726 650 1795 gradum3
677 1722 742 1774 item
761 1721 834 1771 inter
844 1726 956 1768 uxorem
989 1712 1192 1765 saeculolorsau
1205 1719 1282 1767 sexto
1300 1714 1476 1767 irritababita
1489 1721 1562 1767 sunt.

366 1814 523 1882 adoptantis
537 1821 563 1865 et
577 1811 735 1875 adoptatum
748 1844 755 1871 ,
768 1812 795 1857 et
813 1804 882 1856 inter
893 1812 957 1854 uro·
1022 1798 1080 1848 lt'l.
1103 1796 1273 1849 ltatrimonia
1297 1799 1499 1851 catholicorum
1518 1812 1580 1851 cum

365 1918 423 1957 rem
437 1900 558 1965 adoptati
571 1935 579 1961 ,
592 1902 620 1949 et
632 1895 824 1959 adoptantem
837 1886 956 1953 denique
990 1882 1126 1935 baereticis
1138 1882 1282 1948 baptizatis
1292 1884 1366 1934 nulla
1377 1884 1439 1948 lege
1451 1884 1581 1936 dirimun-

365 1990 436 2042 inter
460 1987 634 2051 adoptatum,
657 1992 706 2033 scu
735 1978 908 2041 adoptatam,
929 1976 957 2024 et
990 1974 1043 2032 tur,
1056 1969 1105 2021 sed
1115 1968 1198 2022 uetita
1210 1975 1274 2021 sunt
1284 1970 1403 2036 antiquis
1416 1970 1579 2033 canonibus,

368 2075 438 2127 tilios
462 2071 614 2139 legitimos,
632 2072 679 2119 aut
698 2063 766 2117 litias
785 2056 956 2126 adoptantis,
989 2067 1105 2119 quorum
1137 2054 1340 2107 observantiam
1358 2056 1514 2121 saepissime
1538 2058 1579 2106 in-

366 2159 496 2227 quamdiu
510 2152 661 2208 manserint
673 2150 700 2201 in
713 2147 799 2214 patria
810 2149 955 2211 potestate.
989 2141 1131 2193 calcarunt
1150 2142 1255 2193 Summi
1269 2141 1424 2194 Pontifices.
1445 2145 1526 2195 vetiti
1538 2156 1580 2195 ra·

367 2248 445 2297 Patre
468 2246 558 2294 autem
576 2240 701 2297 mortuo,
716 2233 759 2287 vel
782 2231 844 2283 tiliis
856 2229 898 2281 sui
913 2230 957 2295 ju·
990 2226 1028 2278 tio
1039 2226 1179 2280 manifesta
1198 2228 1322 2293 estquod
1341 2228 1369 2279 iu
1386 2242 1417 2280 re
1434 2241 1512 2281 sacra
1524 2241 1579 2281 non

366 2329 405 2381 ris
434 2325 530 2385 lactis,
554 2320 758 2373 matrimonium
783 2315 844 2367 iniri
867 2318 957 2380 potest
989 2311 1581 2365 liceatcumnareticocommmicare:lla·

368 2425 417 2467 eos
431 2410 506 2462 inter
525 2413 552 2461 et
574 2398 958 2470 adoptatum.¹lmpedimen·
990 2396 1149 2449 trimonium
1176 2405 1267 2450 autem
1295 2400 1502 2451 Sacramentum
1528 2404 1578 2451 est.

368 2505 426 2552 tum
454 2498 505 2550 boc
533 2488 737 2561 propinquitate
771 2500 853 2553 quam
881 2485 956 2551 leges
989 2483 1092 2536 beinde
1105 2484 1256 2537 discrimini
1272 2497 1303 2537 ae
1321 2485 1581 2551 objicitcatliolicus

368 2585 523 2651 agnoscunt
546 2578 691 2639 innititur,
715 2574 763 2628 sed
778 2586 810 2626 ex
827 2570 957 2624 Ecclesiae
990 2569 1116 2635 conjugia
1135 2569 1180 2621 illa
1193 2570 1329 2633 ineundo,
1342 2584 1427 2636 quum
1450 2576 1478 2623 et
1496 2570 1582 2623 sibiet

369 2682 430 2723 carn
443 2666 590 2720 sancientis
605 2668 689 2715 totam
707 2661 762 2713 uim
783 2657 909 2711 desumit.
990 2656 1060 2720 proli
1078 2668 1134 2708 non
1155 2654 1234 2709 facile
1246 2658 1407 2711 consulatur
1427 2656 1464 2708 de
1480 2656 1581 2708 muniis

401 2754 459 2808 lta.
480 2752 591 2806 crimea
614 2744 772 2808 homicidii,
790 2743 832 2797 vel
857 2740 959 2794 adulte·
990 2740 1141 2808 religionis.
1160 2741 1288 2809 iniquum
1304 2750 1396 2796 autem
1414 2755 1530 2809 prorsus
1541 2743 1582 2795 lo-

369 2841 637 2902 rii‚velutrumque,
651 2835 742 2886 obstat
756 2844 791 2883 ne
806 2828 959 2883 valeatma·
991 2831 1033 2878 ret
1056 2828 1152 2879 salutis
1174 2841 1233 2882 suae
1258 2830 1300 2882 vel
1325 2843 1438 2882 suorum
1463 2829 1581 2896 abiicere

368 2915 959 2980 trimoniuminterreosllomtcidiumcom·
991 2925 1093 2965 curam.
1119 2913 1270 2966 concilium
1288 2915 1484 2966 illiberitanum
1508 2917 1578 2980 ltpo·
1681 2964 1688 2974 ,

367 3010 443 3064 muni
455 3007 571 3061 consilio
589 3007 742 3069 patratum,
756 3005 786 3051 ut
797 2998 840 3051 via
852 2997 956 3062 nuptiis
991 2998 1053 3050 stoli
1071 2998 1154 3052 verba
1171 2999 1206 3050 ad
1224 3012 1303 3052 suam
1323 3000 1511 3062 sanctionem,
1528 3011 1581 3064 qua

365 3101 485 3166 paretur,
498 3094 562 3146 licet
573 3087 730 3143 alterutrius
742 3090 846 3138 tantum
855 3095 956 3149 opera,
991 3083 1186 3136 baecvetantur
1195 3083 1348 3146 connubia,
1364 3083 1528 3135 firmandam
1537 3083 1582 3134 ad-

365 3183 480 3250 impedit
504 3193 538 3232 ne
561 3173 764 3230 matrimonium
783 3173 905 3233 ineatur,
921 3168 957 3222 ob
991 3169 1089 3222 ducit:
1113 3170 1260 3223 «Haeretici
1278 3171 1301 3222 si
1319 3183 1350 3222 se
1367 3169 1516 3222 transferre
1532 3181 1583 3221 no-

365 3269 440 3337 quod
465 3271 601 3334 patratum
626 3260 702 3314 est⁸
724 3257 898 3311 Adulterium
911 3268 958 3321 pa·
991 3255 1092 3308 luerint
1104 3255 1138 3307 ad
1151 3255 1300 3308 Ecclesiam
1323 3255 1508 3318 catholicam,
1533 3267 1583 3307 nec

367 3361 483 3418 tratum,
499 3351 562 3404 data
575 3349 629 3401 lide
641 3347 676 3399 de
687 3344 789 3410 nuptiis
813 3347 875 3408 post
893 3353 958 3394 con·
991 3341 1059 3408 ipsis
1081 3341 1236 3396 catholicas
1251 3341 1355 3394 dandas
1377 3353 1440 3392 esse
1458 3339 1582 3405 puellas,

367 3441 442 3509 jugis
455 3445 571 3492 mortem
585 3431 730 3492 ineundis,
745 3428 858 3494 impedit
871 3441 905 3479 ne
914 3440 959 3479 va·
992 3428 1040 3480 sed
1054 3441 1144 3493 neque
1170 3427 1294 3490 iudeis,
1315 3439 1405 3492 neque
1427 3425 1582 3486 haereticis,

367 3530 458 3591 leant,
469 3524 576 3590 quoties
589 3519 705 3572 anterel
718 3521 780 3583 post
794 3513 967 3567 adulterium.
992 3515 1058 3566 dare
1069 3513 1171 3580 placuit
1184 3513 1316 3578 :eoquod
1333 3513 1407 3564 nulla
1418 3511 1509 3577 possit
1522 3523 1583 3563 esse

368 3612 437 3663 lacta
451 3613 493 3662 est
504 3605 666 3672 promissio,
681 3603 750 3655 adeo
762 3607 792 3654 ut
804 3613 865 3653 cum
878 3611 911 3652 eo
923 3599 961 3652 vi·
992 3599 1110 3653 societas
1119 3599 1207 3652 tidelis
1228 3613 1290 3652 cum
1309 3597 1421 3649 infideli.
1441 3599 1468 3647 si
1487 3601 1583 3648 annua

367 3688 635 3757 deaturconjungi.⁸
653 3686 852 3740 blatrimonium
871 3691 959 3737 atten-
992 3685 1167 3737 interdictum
1190 3684 1303 3737 iecerint
1325 3687 1472 3744 parentes,
1498 3680 1584 3732 absti-

367 3785 494 3842 tatum,et
506 3773 831 3838 consummatum‚priore
843 3773 958 3838 conjuge
992 3769 1050 3820 neri
1063 3783 1112 3835 per
1121 3769 1336 3835 quinquennium
1349 3768 1464 3832 placet.»
1480 3765 1504 3798 ¹⁰
1516 3768 1582 3818 Lao-

367 3867 394 3918 in
404 3864 489 3926 vivis,
502 3867 530 3916 et
543 3867 659 3925 utroque
680 3870 728 3912 reo
742 3857 854 3911 conscio
863 3856 958 3909 vincu-
992 3854 1120 3907 dicenum
1143 3853 1292 3907 concilium
1321 3852 1442 3905 decrevit
1464 3866 1471 3902 ε
1498 3872 1511 3897 ι
1529 3854 1581 3903 llos

367 3953 400 4015 li,
414 3951 469 4005 vim
492 3949 573 4015 hujus
595 3943 782 4012 impedimenti
815 3940 957 3995 obtinet⁸
992 3939 1038 4006 qui
1048 3939 1082 3992 ad
1094 3938 1241 3992 Ecclesiam
1261 3935 1580 4002 pertinent,indiileren·

366 4036 543 4092 Adulterium
554 4046 618 4087 cum
631 4030 775 4084 homicidio
788 4027 895 4080 inducit
906 4027 956 4079 im·
991 4030 1033 4077 ter
1050 4025 1121 4078 titios
1139 4025 1265 4090 proprios
1278 4023 1469 4076 baereticorum
1480 4022 1581 4087 nuptiis

365 4127 569 4192 perimentum,
598 4121 709 4188 quando
732 4120 861 4171 alteruter
890 4130 956 4170 con·
990 4110 1103 4162 minime
1124 4109 1229 4162 sociare
1249 4109 1384 4162 debere.»
1400 4107 1582 4160 “Chalcedo-

363 4211 457 4276 jugem
478 4208 597 4270 occidit,
618 4213 647 4259 ut
664 4204 772 4270 nuptias
791 4217 854 4256 cum
879 4204 954 4256 adul·
988 4209 1090 4250 nenses
1109 4201 1221 4261 patres:
1243 4195 1326 4247 «Sed
1349 4207 1439 4260 neque
1462 4193 1583 4260 copulari
1618 4209 1622 4213 ’

366 4302 425 4348 tero
438 4292 589 4350 conciliet.⁸
600 4290 824 4357 impedimentum
835 4290 888 4342 boc
903 4290 958 4342 vim
992 4285 1074 4337 debet
1086 4287 1204 4348 nuptura
1215 4280 1354 4344 baeretico,
1367 4285 1414 4332 aut
1422 4279 1532 4343 iudan,
1541 4279 1583 4332 uel

390 4537 417 4589 (ll
428 4537 493 4578 Cone.
507 4535 565 4576 Trid.
575 4534 693 4575 Sesamii.
703 4544 722 4572 c.
731 4532 758 4572 ll.
984 4536 1005 4572 et
1014 4541 1033 4570 c.
1040 4529 1066 4568 St'
1073 4529 1123 4582 quia
1132 4531 1151 4567 o.
1158 4527 1189 4568 De
1196 4537 1222 4566 eo
1231 4524 1269 4577 qui
1278 4523 1338 4564 duxit
1345 4523 1367 4563 in
1376 4528 1430 4564 mut.

386 4605 415 4657 (a)
425 4605 557 4656 Capunico.
567 4604 592 4658 de
600 4614 662 4653 cogn.
672 4603 714 4652 leg.
729 4629 733 4638 ·
1012 4599 1040 4652 (a)
1047 4600 1099 4651 Cap.
1110 4597 1142 4637 iii.
1154 4603 1175 4637 et
1185 4595 1214 4636 ri.
1223 4597 1253 4636 be
1261 4606 1287 4634 eo
1297 4594 1335 4645 qui
1344 4592 1415 4632 duxit.

393 4671 419 4724 (a)
427 4673 479 4724 Cap.
488 4671 640 4718 Laudabilem,
650 4671 676 4710 de
685 4681 777 4710 convers.
792 4669 852 4710 inlid.
1015 4669 1042 4721 (7)
1052 4668 1076 4709 C.
1084 4667 1099 4706 i.
1109 4667 1136 4706 de
1144 4676 1242 4706 convers.
1252 4663 1312 4703 inbd.
1318 4666 1349 4714 lot
1360 4661 1387 4701 ll.
1397 4660 1447 4702 Cor.
1457 4659 1486 4702 ri.
1496 4664 1527 4700 tt.
1685 4677 1689 4682 ·

388 4742 414 4788 (tl
424 4740 560 4780 adamatam
569 4745 601 4790 at,
610 4750 647 4790 qu.
657 4745 674 4778 l.
1014 4738 1040 4788 l⁹l
1050 4741 1105 4788 Aug.
1113 4737 1170 4776 conl.
1179 4735 1194 4774 l.
1203 4733 1231 4774 ir.
1239 4744 1257 4772 c.
1267 4732 1295 4772 ir.

386 4809 414 4857 (li)
425 4808 449 4848 C.
459 4808 599 4860 Significavit
608 4814 627 4858 ἲ,
638 4821 657 4849 c.
666 4808 706 4847 Lit.
716 4813 736 4858 t,
745 4807 825 4848 ccum
836 4807 926 4848 laberer
934 4811 954 4859 a,
1015 4808 1054 4858 (lb)
1065 4805 1168 4847 Camari.
1182 4804 1223 4856 (lli
1235 4803 1287 4845 Can.
1301 4812 1322 4842 x.
