3792 5550
386 588 436 642 386
730 582 844 634 uolet.
863 578 951 630 xlllt.
971 581 1012 631 ott
1029 576 1243 629 ltt'thlitolllo.

385 706 404 758 li
418 702 619 769 toticsrepetita
630 739 638 763 ,
650 700 732 751 toties
742 698 894 758 inculcata,
912 708 976 748 vera
1012 693 1186 759 theologica:
1205 693 1378 758 quum'cnim
1397 694 1612 746 matrimonium

387 796 466 852 sunt,
478 788 536 843 viva
548 792 611 839 sunt
621 824 628 849 ,
640 798 705 837 sana
717 789 798 846 sunt,
809 784 890 848 plana
901 788 976 834 sunt.
1013 780 1111 831 Christi
1127 784 1155 830 et
1172 779 1302 831 Ecclesiae
1321 780 1549 844 conjunctionem
1571 781 1613 831 si·

388 876 491 927 Nullius
511 872 561 923 viri
589 869 747 936 posterioris
778 869 876 921 mulier
910 880 979 921 uxor
1014 864 1312 939 gniticet,oportet·ut
1330 864 1611 918 semelcousumma·

386 957 637 1024 csseincipit,nisi
654 958 752 1020 prioris
769 968 831 1007 esse
849 954 973 1006 desierit.
1014 954 1073 1000 tum
1095 962 1236 1013 nunquam
1272 950 1405 1001 solvatur.
1446 951 1609 1003 consonum

389 1049 453 1097 Esse
471 1050 561 1096 autem
581 1042 689 1094 desinet
713 1055 783 1093 uxor
806 1040 920 1105 prioris,
954 1040 978 1090 sl
1014 1034 1096 1086 etiam
1114 1034 1324 1098 eratsapientiae
1338 1033 1439 1085 Christi
1457 1035 1610 1088 itastatue·

385 1130 517 1183 moriatur
537 1127 579 1179 uir
600 1128 675 1193 ejus;
691 1139 745 1179 uon
767 1129 790 1177 st
816 1125 976 1179 fornicetur.
1014 1133 1062 1183 re,
1084 1125 1114 1172 ut
1135 1122 1318 1185 sicconjliges
1331 1126 1467 1185 perpetuo
1485 1122 1610 1185 quodam

386 1216 467 1267 Licitc
482 1214 564 1279 igitur
587 1212 732 1264 dimittitur
749 1213 848 1277 coniux
860 1212 896 1263 oh
907 1223 973 1263 cau·
1013 1218 1045 1257 ac
1059 1206 1137 1257 firmo
1151 1203 1248 1257 affectu
1268 1218 1298 1257 se
1317 1206 1434 1258 invicem
1457 1218 1608 1273 proseque

385 1313 443 1351 sam
453 1298 659 1359 fornicationis,
674 1298 722 1348 sod
733 1296 974 1349 manetvinculum
1012 1296 1118 1351 rentur,
1131 1290 1269 1342 acrimine
1291 1304 1321 1343 se
1332 1290 1520 1354 abstinerent,
1540 1298 1568 1343 et
1577 1292 1609 1342 li·

386 1385 500 1451 prioris3
515 1388 626 1449 propter
635 1382 708 1447 cuod
722 1381 751 1433 iit
763 1395 827 1433 reus
840 1381 977 1444 adulterii,
1013 1377 1086 1428 heris
1098 1376 1248 1429 educandis
1258 1389 1371 1441 operam
1385 1383 1551 1441 praestarent
1564 1390 1608 1429 as-

384 1470 579 1535 nuidimissam
600 1468 706 1520 duxerit
717 1468 797 1519 etiam
811 1467 847 1520 oh
864 1480 977 1519 causam
1013 1462 1129 1535 sidpam.

384 1554 571 1608 fornicatiouis
593 1572 603 1600 u
621 1552 629 1586 ¹
1146 1547 1310 1613 objectiones
1321 1548 1479 1599 solvuntur.

417 1642 458 1692 da.
474 1639 643 1693 Probaturs.
659 1638 842 1691 conciliorum
859 1639 978 1691 auctori·
1045 1636 1087 1685 63.
1104 1633 1163 1699 ott.
1178 1636 1201 1683 l.
1216 1634 1302 1684 «nico
1314 1638 1408 1683 autem
1428 1632 1529 1696 voltis,
1543 1633 1606 1697 quia

383 1730 445 1778 tate.
458 1726 540 1777 conc.
552 1724 875 1776 nitherttanum:·ltem
886 1723 976 1775 fidelis
1011 1719 1179 1785 quicumque
1208 1719 1343 1771 dimiserit
1372 1732 1488 1771 uxorem
1508 1732 1604 1779 suam,

382 1810 507 1869 foemina,
528 1821 589 1874 quae
607 1808 761 1860 adulterum
782 1808 909 1861 maritum
935 1822 977 1861 re·
1011 1805 1064 1857 nisi
1077 1805 1113 1857 nh
1130 1804 1353 1867 fornicationem,
1375 1809 1403 1856 et
1417 1804 1502 1855 aliam
1522 1805 1605 1856 duxe-

383 1896 492 1961 liquerit
506 1894 630 1957 fidetem,
646 1896 795 1946 etalterum
808 1895 882 1947 ducit
895 1932 902 1957 ,
915 1907 976 1959 pro
1012 1892 1064 1953 rit,
1078 1891 1231 1941 moechatur
1247 1893 1352 1954 :etqui
1366 1891 1515 1942 dimissam
1525 1891 1605 1943 dure·

382 1983 507 2033 hibentur
530 1994 565 2032 uc
584 1980 681 2039 ducat;
697 1981 719 2032 si
739 1990 830 2032 autem
851 1978 974 2040 duxerit,
1009 1976 1061 2037 rit,
1076 1976 1237 2027 moechatur.
1251 1974 1286 2019 »⁶

383 2080 438 2119 nou
458 2066 532 2131 prius
546 2065 906 2130 accipiatcommunionem‚
920 2064 974 2115 nisi
1042 2064 1085 2114 ot.
1116 2063 1193 2125 lierp.
1207 2060 1329 2112 christus
1350 2060 1545 2113 fumicatiouis
1556 2075 1605 2113 seu

383 2166 463 2217 quem
483 2151 623 2215 reliquerit
646 2151 721 2215 prius
733 2152 767 2202 de
787 2150 975 2202 saeculoexie-
1010 2148 1136 2201 adulterii
1150 2160 1260 2200 causam
1280 2147 1473 2211 excipit,quia
1486 2147 1605 2213 estlegi·

382 2235 975 2297 rit3nisifortenecessitasinfirmitatisdare
1009 2234 1075 2286 tima
1102 2233 1171 2285 ratio
1197 2244 1347 2285 uxorema
1376 2233 1430 2284 tori
1458 2233 1600 2286 consortio

382 2320 577 2384 compulerit.»
591 2319 853 2382 tuttevtranumtl,
867 2333 976 2387 scupo·
1009 2325 1142 2384 perpetuo
1166 2317 1321 2370 dimittendi
1341 2332 1347 2367 ε
1362 2317 1430 2382 quin
1453 2322 1548 2371 tamen
1572 2319 1604 2369 li·

380 2406 434 2458 tius
461 2404 673 2470 carthaginense
684 2419 692 2455 t
705 2424 717 2449 a
732 2405 851 2467 Placuit,
877 2411 906 2457 ut
931 2418 975 2457 se·
1009 2409 1069 2457 ceat
1088 2403 1191 2456 idcirco
1205 2404 1321 2465 marito,
1335 2402 1462 2468 quamvis
1473 2403 1603 2457 innocen·

381 2490 501 2544 cundum
526 2489 713 2555 Evaugelicam
735 2494 762 2541 et
785 2490 968 2553 apostoticam
1009 2490 1045 2554 ti,
1068 2490 1149 2541 aliam
1166 2489 1282 2541 ducere:
1302 2488 1423 2553 namqui
1437 2487 1602 2551 dimissam,

381 2576 564 2641 disciplinam,
574 2588 663 2641 neque
681 2576 812 2628 dimissus
824 2575 857 2628 ab
869 2589 972 2639 uxore,
1008 2576 1090 2629 etiam
1102 2576 1139 2628 oh
1150 2576 1327 2637 adulterium,
1340 2574 1466 2635 duxerit,
1481 2576 1598 2627 moecha-

381 2676 472 2728 neque
484 2662 595 2714 dimissa
608 2675 623 2713 a
635 2664 752 2726 marito,
766 2663 843 2715 alteri
861 2665 974 2730 conjun·
1008 2667 1067 2723 tur;
1081 2674 1113 2714 ca
1123 2660 1228 2713 scilicet
1236 2661 1270 2712 de
1280 2661 1452 2725 causa,quod
1463 2660 1522 2725 ipsa
1530 2660 1603 2725 prio·

381 2747 555 2817 gantur:sed
577 2749 613 2801 ila
625 2754 768 2810 maneant,
791 2753 838 2801 aut
861 2748 972 2802 sibimet
1008 2748 1046 2801 ris
1067 2747 1234 2801 matrimonii
1256 2747 1366 2801 vinculo
1394 2752 1490 2800 manet
1509 2748 1598 2814 ligata.

380 2833 599 2886 reconcilientur.
618 2834 728 2896 Quodsi
742 2835 970 2900 contempserint,
1008 2834 1035 2886 Si
1047 2833 1265 2899 quiscontendat
1282 2833 1424 2886 dimissam
1440 2835 1479 2886 oh
1492 2835 1597 2886 adulte·

381 2919 414 2970 ad
427 2918 613 2990 poenitentiam
628 2919 794 2984 redigantur.
807 2939 819 2964 u
834 2919 845 2952 ⁸
861 2923 975 2984 Foroju·
1007 2920 1078 2972 rium
1096 2920 1165 2972 solvi
1175 2933 1208 2972 eo
1220 2920 1363 2985 ligamine,
1373 2920 1468 2984 potior
1476 2920 1530 2972 erit
1539 2921 1596 2985 eius

381 3005 484 3064 liensc,
498 3015 569 3055 anno
590 3005 635 3055 'lot
647 3018 653 3053 :
665 3022 680 3051 ι(
693 3006 759 3055 ltem
770 3004 882 3069 placuit,
892 3009 922 3056 ut
933 3019 976 3057 re·
1008 3005 1130 3058 conditio
1141 3019 1222 3071 quam
1236 3007 1390 3058 innocentis
1400 3009 1598 3073 ejectae.«tluo·

382 3091 472 3144 soluto
482 3088 668 3141 fornicationis
680 3102 762 3141 causa
777 3089 863 3156 jugali
875 3089 972 3142 vincu·
1007 3089 1090 3141 modo
1107 3091 1296 3142 cstrerum‘l·
1318 3090 1406 3154 inquit
1425 3092 1453 3141 S.
1470 3091 1596 3158 Augusti·

381 3178 424 3239 lo,
446 3175 587 3241 (consortio
604 3176 705 3228 scilicet
726 3176 788 3240 tori)
812 3188 866 3228 uon
891 3175 974 3229 liceat
1007 3189 1074 3238 nus,
1095 3195 1108 3221 α
1127 3176 1266 3240 quomodo
1284 3178 1453 3238 moechatur,
1480 3177 1534 3230 nisi
1555 3177 1597 3228 illa

381 3261 717 3328 viro,quamdiuadultera
727 3261 893 3325 vivit,!aliam
907 3275 972 3314 uxo·
1007 3274 1090 3326 quam
1110 3261 1202 3322 duxit,
1215 3274 1248 3314 eo
1264 3261 1371 3314 vivente
1383 3275 1399 3313 a
1409 3274 1465 3327 quo
1483 3263 1595 3315 dimissa

381 3362 439 3400 rem
452 3349 562 3400 ducere.
575 3347 608 3394 ι*
622 3351 793 3400 Nauneteuse
806 3349 908 3400 saeculo
920 3349 951 3399 to
964 3362 971 3399 :
1007 3351 1063 3408 est,
1079 3347 1168 3398 adhuc
1180 3359 1248 3399 uxnr
1269 3347 1357 3399 aliena
1378 3351 1464 3400 esti»
1478 3347 1489 3382 ⁷
1502 3351 1599 3411 Quam·

386 3454 397 3483 l
410 3437 435 3486 Si
445 3437 522 3501 cuius
535 3447 603 3486 uxor
613 3434 776 3486 adulterium
797 3434 970 3499 perpetravit,
1007 3430 1048 3483 ris
1061 3436 1152 3482 autem
1160 3433 1286 3483 christus
1302 3432 1337 3483 de
1350 3433 1488 3486 solutione
1500 3435 1599 3487 vinculi

382 3525 417 3571 ct·
431 3521 509 3594 hoca
529 3519 588 3572 viro
607 3519 807 3583 deprehensum
827 3520 926 3582 fuerit,
946 3526 974 3572 et
1007 3515 1214 3570 matrimonialis
1234 3518 1353 3571 divortio
1370 3521 1495 3572 mosaico
1514 3521 1598 3573 fuerat

382 3604 567 3668 publicatum,
590 3604 708 3656 dimittat
728 3617 857 3667 uxorem,
881 3605 904 3656 si
927 3618 975 3658 vo·
1008 3603 1205 3669 interrogatus,
1229 3605 1375 3668 responsio
1387 3606 1447 3670 ejus
1465 3607 1501 3658 dc
1523 3606 1596 3658 adnl-

382 3688 471 3748 luerit,
486 3693 597 3752 propter
608 3687 824 3740 fornicationem.
846 3728 852 3740 .
874 3728 880 3739 .
901 3727 907 3738 .
932 3690 974 3741 vir
1007 3694 1065 3742 tera
1079 3689 1240 3741 dimittenda
1257 3691 1291 3742 ad
1309 3691 1456 3743 divortium
1473 3693 1525 3744 tori
1539 3705 1597 3758 per·

381 3784 445 3826 vero
457 3773 530 3836 ejus,
545 3771 589 3822 illa
606 3771 727 3833 vivente,
742 3773 896 3825 nullatenus
907 3774 975 3827 acci·
1006 3779 1119 3838 pelnum
1131 3775 1229 3827 merito
1243 3774 1434 3840 restringitur:
1450 3775 1510 3840 ipse
1523 3776 1594 3828 enirn

380 3859 438 3926 piat
459 3858 549 3911 aliam.
564 3857 756 3910 »noeentum
777 3872 827 3924 pro
845 3860 973 3913 Armenis
1006 3859 1155 3912 mosaicam
1176 3860 1210 3912 de
1234 3859 1353 3912 divortio
1377 3861 1467 3926 legem
1486 3860 1593 3913 duritiei

380 3947 408 3998 in
420 3945 575 3998 florentino
588 3945 708 3998 concilio
723 3945 825 3998 editum
836 3963 842 3996 :
853 3947 974 4009 «Quam-
1006 3945 1164 3997 ludaeorum
1176 3983 1183 4008 ,
1195 3945 1286 4009 potius
1304 3958 1386 4010 quam
1400 3947 1538 4012 aequitati,
1555 3947 1596 3999 vel

381 4033 523 4084 visautem
546 4045 673 4085 excausa
690 4032 878 4086 fornicationis
892 4033 973 4086 liceat
1007 4030 1144 4095 printaevae
1165 4031 1328 4083 matrimonii
1345 4031 1512 4085 institutioni
1533 4044 1598 4085 con·

382 4117 452 4170 tltnri
466 4117 665 4183 separationem
677 4117 794 4171 facere:
814 4131 869 4172 nou
880 4124 972 4171 tamen
1007 4128 1103 4168 sonam
1122 4116 1287 4179 declaravit,
1306 4120 1333 4167 et
1347 4116 1506 4170 inviolabile
1522 4129 1599 4182 pror-

378 4203 670 4255 ‘aliud'malrimoninm
683 4206 846 4284 contrahere
857 4205 898 4258 fas
911 4215 971 4273 cst,
1008 4216 1056 4255 sus
1079 4201 1246 4254 inatrimouii
1268 4205 1454 4255 consummati
1466 4203 1597 4271 ligamen:

383 4300 445 4338 cum
456 4287 623 4340 matrimonii
638 4288 758 4354 legitime
773 4293 904 4344 contracti
915 4293 974 4345 vin·
1010 4289 1116 4353 «Quod
1147 4302 1212 4356 ergo
1232 4292 1302 4341 oeus
1326 4290 1487 4356 conjunxit,
1517 4292 1599 4343 homo

383 4373 473 4424 culum
487 4379 647 4437 perpetuum
669 4372 713 4424 sit.
734 4394 746 4419 u
765 4374 877 4426 Accedit
899 4377 971 4430 ratio
1007 4390 1061 4429 nou
1074 4383 1189 4442 separet.
1200 4399 1212 4423 i
1225 4376 1236 4410 ⁸
1247 4376 1316 4429 llicit
1330 4376 1414 4444 igitur
1424 4391 1534 4432 omnem
1553 4377 1597 4444 qui

413 4631 441 4680 (tl
452 4632 482 4670 De
490 4632 546 4682 conj.
557 4635 622 4673 adult.
632 4637 648 4676 l.
658 4636 685 4676 ll.
696 4648 714 4676 c.
725 4637 753 4678 iv.
1034 4648 1060 4697 te)
1072 4647 1130 4686 lfatt.
1140 4645 1207 4686 xit-i.

411 4704 438 4750 tol
449 4702 501 4741 Can.
512 4702 538 4740 ir.
548 4705 574 4754 tol
587 4706 638 4744 Can.
646 4707 695 4746 xvii.
1034 4717 1061 4767 [ll
1073 4717 1096 4756 l..
1106 4716 1122 4755 1.
1128 4715 1154 4755 de
1163 4716 1219 4766 conj.
1228 4716 1296 4756 adult.
1306 4727 1325 4755 e.
1334 4716 1371 4755 xir.

410 4774 438 4820 (tl
455 4772 508 4823 Cap.
516 4783 534 4810 x.
545 4772 570 4822 (ὅ)
579 4775 631 4814 Can.
641 4777 676 4816 rii.
1033 4786 1062 4834 (a)
1075 4787 1131 4824 linit.
1144 4784 1185 4834 uir.
1193 4790 1214 4824 o.
