<?xml version="1.0" encoding="UTF-8"?>
<!DOCTYPE html PUBLIC "-//W3C//DTD XHTML 1.0 Transitional//EN"
    "http://www.w3.org/TR/xhtml1/DTD/xhtml1-transitional.dtd">
<html xmlns="http://www.w3.org/1999/xhtml" xml:lang="en" lang="en">
 <head>
  <title>
</title>
<meta http-equiv="Content-Type" content="text/html;charset=utf-8" />
  <meta name='ocr-system' content='tesseract 3.04.00' />
  <meta name='ocr-capabilities' content='ocr_page ocr_carea ocr_par ocr_line ocrx_word'/>
</head>
<body>
  <div class='ocr_page' id='page_1' title='image "./theologiadogmat02kenrgoog_0385.png"; bbox 0 0 3792 5550; ppageno 0'>
   <div class='ocr_carea' id='block_1_1' title="bbox 622 1036 1204 1148">
    <p class='ocr_par' dir='ltr' id='par_1_1' title="bbox 622 1036 1204 1148">
     <span class='ocr_line' id='line_1_1' title="bbox 622 1036 1204 1148; baseline 0.005 -9"><span class='ocrx_word' id='word_1_1' title='bbox 622 1036 995 1145; x_wconf 80' lang='lat' dir='ltr'><strong>TRACTATUS</strong></span> <span class='ocrx_word' id='word_1_2' title='bbox 1027 1040 1204 1148; x_wconf 82' lang='lat' dir='ltr'><strong>XVIII.</strong></span> 
     </span>
    </p>
   </div>
   <div class='ocr_carea' id='block_1_2' title="bbox 744 1478 1089 1544">
    <p class='ocr_par' dir='ltr' id='par_1_2' title="bbox 744 1478 1089 1544">
     <span class='ocr_line' id='line_1_2' title="bbox 744 1478 1089 1544; baseline 0.003 -3"><span class='ocrx_word' id='word_1_3' title='bbox 744 1480 797 1543; x_wconf 84' lang='lat' dir='ltr'>DE</span> <span class='ocrx_word' id='word_1_4' title='bbox 813 1478 1089 1544; x_wconf 80' lang='lat' dir='ltr'><strong>MATRIMONIO.</strong></span> 
     </span>
    </p>
   </div>
   <div class='ocr_carea' id='block_1_3' title="bbox 303 2252 1527 4185">
    <p class='ocr_par' dir='ltr' id='par_1_3' title="bbox 303 2252 1527 4185">
     <span class='ocr_line' id='line_1_3' title="bbox 531 2252 1527 2308; baseline 0.004 -5"><span class='ocrx_word' id='word_1_5' title='bbox 531 2253 635 2306; x_wconf 76' lang='grc'>777117</span> <span class='ocrx_word' id='word_1_6' title='bbox 655 2255 677 2305; x_wconf 93' lang='grc'>7.</span> <span class='ocrx_word' id='word_1_7' title='bbox 933 2252 1017 2306; x_wconf 90' lang='grc'>771777</span> <span class='ocrx_word' id='word_1_8' title='bbox 1034 2253 1119 2306; x_wconf 86' lang='grc'>777777</span> <span class='ocrx_word' id='word_1_9' title='bbox 1140 2253 1203 2305; x_wconf 93' lang='lat' dir='ltr'><strong>mali</strong></span> <span class='ocrx_word' id='word_1_10' title='bbox 1224 2254 1342 2307; x_wconf 75' lang='lat' dir='ltr'><strong>radicem</strong></span> <span class='ocrx_word' id='word_1_11' title='bbox 1366 2268 1439 2308; x_wconf 92' lang='lat' dir='ltr'><strong>anuo</strong></span> <span class='ocrx_word' id='word_1_12' title='bbox 1462 2258 1527 2307; x_wconf 87' lang='grc'>1777</span> 
     </span>
     <span class='ocr_line' id='line_1_4' title="bbox 934 2338 1526 2404; baseline 0.002 -13"><span class='ocrx_word' id='word_1_13' title='bbox 934 2338 1122 2391; x_wconf 88' lang='lat' dir='ltr'><strong>testimonium</strong></span> <span class='ocrx_word' id='word_1_14' title='bbox 1131 2338 1241 2404; x_wconf 85' lang='lat' dir='ltr'><strong>publice</strong></span> <span class='ocrx_word' id='word_1_15' title='bbox 1252 2340 1328 2403; x_wconf 88' lang='lat' dir='ltr'><strong>tulit,</strong></span> <span class='ocrx_word' id='word_1_16' title='bbox 1342 2353 1424 2393; x_wconf 89' lang='lat' dir='ltr'><strong>omne</strong></span> <span class='ocrx_word' id='word_1_17' title='bbox 1438 2340 1488 2395; x_wconf 88' lang='grc'>7777</span> <span class='ocrx_word' id='word_1_18' title='bbox 1499 2347 1526 2393; x_wconf 89' lang='grc'>77</span> 
     </span>
     <span class='ocr_line' id='line_1_5' title="bbox 416 2422 1525 2490; baseline 0.003 -15"><span class='ocrx_word' id='word_1_19' title='bbox 416 2438 447 2477; x_wconf 86' lang='grc'>77</span> <span class='ocrx_word' id='word_1_20' title='bbox 465 2437 608 2477; x_wconf 83' lang='grc'>7777777777</span> <span class='ocrx_word' id='word_1_21' title='bbox 625 2437 783 2477; x_wconf 84' lang='grc'>7777777777.</span> <span class='ocrx_word' id='word_1_22' title='bbox 932 2422 1058 2475; x_wconf 85' lang='lat' dir='ltr'><strong>mulieris</strong></span> <span class='ocrx_word' id='word_1_23' title='bbox 1084 2424 1279 2475; x_wconf 80' lang='lat' dir='ltr'><strong>commercium</strong></span> <span class='ocrx_word' id='word_1_24' title='bbox 1309 2426 1471 2490; x_wconf 86' lang='lat' dir='ltr'><strong>reprobans.</strong></span> <span class='ocrx_word' id='word_1_25' title='bbox 1495 2428 1525 2477; x_wconf 94' lang='lat' dir='ltr'>in</span> 
     </span>
     <span class='ocr_line' id='line_1_6' title="bbox 931 2508 1525 2575; baseline 0.003 -16"><span class='ocrx_word' id='word_1_26' title='bbox 931 2508 1102 2569; x_wconf 79' lang='lat' dir='ltr'><strong>Americam,</strong></span> <span class='ocrx_word' id='word_1_27' title='bbox 1118 2514 1264 2572; x_wconf 82' lang='lat' dir='ltr'><strong>postquam</strong></span> <span class='ocrx_word' id='word_1_28' title='bbox 1277 2522 1309 2560; x_wconf 87' lang='lat' dir='ltr'>err</span> <span class='ocrx_word' id='word_1_29' title='bbox 1327 2511 1482 2575; x_wconf 82' lang='lat' dir='ltr'><strong>ergastulo,</strong></span> <span class='ocrx_word' id='word_1_30' title='bbox 1497 2510 1525 2561; x_wconf 94' lang='lat' dir='ltr'>in</span> 
     </span>
     <span class='ocr_line' id='line_1_7' title="bbox 338 2592 1526 2658; baseline 0.001 -13"><span class='ocrx_word' id='word_1_31' title='bbox 338 2598 362 2645; x_wconf 92' lang='grc'>1.</span> <span class='ocrx_word' id='word_1_32' title='bbox 372 2593 578 2645; x_wconf 68' lang='lat' dir='ltr'><strong>Matrimonium</strong></span> <span class='ocrx_word' id='word_1_33' title='bbox 586 2592 688 2645; x_wconf 90' lang='lat' dir='ltr'><strong>dictum</strong></span> <span class='ocrx_word' id='word_1_34' title='bbox 701 2592 809 2645; x_wconf 90' lang='grc'>7777777</span> <span class='ocrx_word' id='word_1_35' title='bbox 819 2592 898 2656; x_wconf 83' lang='lat' dir='ltr'><strong>quasi</strong></span> <span class='ocrx_word' id='word_1_36' title='bbox 933 2605 988 2658; x_wconf 84' lang='lat' dir='ltr'>quo</span> <span class='ocrx_word' id='word_1_37' title='bbox 1000 2592 1084 2644; x_wconf 88' lang='lat' dir='ltr'><strong>veluti</strong></span> <span class='ocrx_word' id='word_1_38' title='bbox 1096 2605 1192 2644; x_wconf 87' lang='lat' dir='ltr'><strong>amens</strong></span> <span class='ocrx_word' id='word_1_39' title='bbox 1205 2593 1314 2645; x_wconf 86' lang='grc'>7777777</span> <span class='ocrx_word' id='word_1_40' title='bbox 1327 2599 1400 2657; x_wconf 87' lang='grc'>7777,</span> <span class='ocrx_word' id='word_1_41' title='bbox 1413 2594 1526 2646; x_wconf 89' lang='lat' dir='ltr'><strong>dimissa</strong></span> 
     </span>
     <span class='ocr_line' id='line_1_8' title="bbox 303 2676 1525 2743; baseline -0.001 -12"><span class='ocrx_word' id='word_1_42' title='bbox 303 2678 403 2731; x_wconf 85' lang='lat' dir='ltr'><strong>matris</strong></span> <span class='ocrx_word' id='word_1_43' title='bbox 424 2676 566 2741; x_wconf 90' lang='lat' dir='ltr'><strong>munium,</strong></span> <span class='ocrx_word' id='word_1_44' title='bbox 587 2677 651 2742; x_wconf 82' lang='lat' dir='ltr'><strong>quia</strong></span> <span class='ocrx_word' id='word_1_45' title='bbox 672 2690 704 2730; x_wconf 90' lang='grc'>77</span> <span class='ocrx_word' id='word_1_46' title='bbox 726 2676 852 2743; x_wconf 81' lang='lat' dir='ltr'><strong>dirigitur</strong></span> <span class='ocrx_word' id='word_1_47' title='bbox 869 2683 899 2730; x_wconf 85' lang='lat' dir='ltr'>ut</span> <span class='ocrx_word' id='word_1_48' title='bbox 933 2677 1050 2739; x_wconf 79' lang='lat' dir='ltr'><strong>suisset,</strong></span> <span class='ocrx_word' id='word_1_49' title='bbox 1069 2688 1142 2729; x_wconf 92' lang='lat' dir='ltr'><strong>auno</strong></span> <span class='ocrx_word' id='word_1_50' title='bbox 1164 2678 1230 2727; x_wconf 85' lang='grc'>1777</span> <span class='ocrx_word' id='word_1_51' title='bbox 1249 2677 1388 2741; x_wconf 87' lang='lat' dir='ltr'><strong>pervenit,</strong></span> <span class='ocrx_word' id='word_1_52' title='bbox 1416 2690 1449 2731; x_wconf 82' lang='lat' dir='ltr'>ex</span> <span class='ocrx_word' id='word_1_53' title='bbox 1468 2691 1525 2743; x_wconf 87' lang='lat' dir='ltr'>quo</span> 
     </span>
     <span class='ocr_line' id='line_1_9' title="bbox 303 2759 1525 2831; baseline -0.001 -14"><span class='ocrx_word' id='word_1_54' title='bbox 303 2760 563 2831; x_wconf 87' lang='lat' dir='ltr'><strong>proicspariaturet</strong></span> <span class='ocrx_word' id='word_1_55' title='bbox 576 2764 673 2817; x_wconf 91' lang='lat' dir='ltr'><strong>alatur.</strong></span> <span class='ocrx_word' id='word_1_56' title='bbox 685 2762 899 2831; x_wconf 82' lang='lat' dir='ltr'>IpsematrImo·</span> <span class='ocrx_word' id='word_1_57' title='bbox 933 2767 1009 2815; x_wconf 89' lang='lat' dir='ltr'><strong>secta</strong></span> <span class='ocrx_word' id='word_1_58' title='bbox 1031 2761 1059 2814; x_wconf 90' lang='lat' dir='ltr'>in</span> <span class='ocrx_word' id='word_1_59' title='bbox 1080 2760 1170 2815; x_wconf 85' lang='grc'>777777</span> <span class='ocrx_word' id='word_1_60' title='bbox 1192 2759 1291 2815; x_wconf 77' lang='lat' dir='ltr'><strong>diffusa</strong></span> <span class='ocrx_word' id='word_1_61' title='bbox 1309 2763 1405 2830; x_wconf 80' lang='lat' dir='ltr'><strong>plagas</strong></span> <span class='ocrx_word' id='word_1_62' title='bbox 1424 2762 1525 2828; x_wconf 87' lang='lat' dir='ltr'><strong>oppida</strong></span> 
     </span>
     <span class='ocr_line' id='line_1_10' title="bbox 303 2847 1523 2916; baseline 0 -14"><span class='ocrx_word' id='word_1_63' title='bbox 303 2850 504 2903; x_wconf 82' lang='lat' dir='ltr'><strong>niicootractus</strong></span> <span class='ocrx_word' id='word_1_64' title='bbox 514 2848 652 2911; x_wconf 85' lang='lat' dir='ltr'><strong>definitur,</strong></span> <span class='ocrx_word' id='word_1_65' title='bbox 663 2853 821 2902; x_wconf 89' lang='lat' dir='ltr'><strong>contractus</strong></span> <span class='ocrx_word' id='word_1_66' title='bbox 831 2848 899 2916; x_wconf 82' lang='lat' dir='ltr'><strong>legi·</strong></span> <span class='ocrx_word' id='word_1_67' title='bbox 933 2847 1347 2914; x_wconf 86' lang='lat' dir='ltr'><strong>habet,velaediiiciaperampia</strong></span> <span class='ocrx_word' id='word_1_68' title='bbox 1358 2849 1523 2916; x_wconf 91' lang='lat' dir='ltr'><strong>oppidorum</strong></span> 
     </span>
     <span class='ocr_line' id='line_1_11' title="bbox 305 2925 1524 3000; baseline 0.001 -14"><span class='ocrx_word' id='word_1_69' title='bbox 305 2932 488 2986; x_wconf 81' lang='lat' dir='ltr'><strong>timusvirum</strong></span> <span class='ocrx_word' id='word_1_70' title='bbox 498 2933 606 2986; x_wconf 79' lang='lat' dir='ltr'><strong>interut</strong></span> <span class='ocrx_word' id='word_1_71' title='bbox 619 2934 768 2998; x_wconf 86' lang='lat' dir='ltr'><strong>ioerninam,</strong></span> <span class='ocrx_word' id='word_1_72' title='bbox 780 2945 834 3000; x_wconf 87' lang='lat' dir='ltr'>quo</span> <span class='ocrx_word' id='word_1_73' title='bbox 845 2933 897 2986; x_wconf 82' lang='lat' dir='ltr'><strong>sihi</strong></span> <span class='ocrx_word' id='word_1_74' title='bbox 933 2934 1074 2996; x_wconf 88' lang='lat' dir='ltr'><strong>adinstar,</strong></span> <span class='ocrx_word' id='word_1_75' title='bbox 1097 2933 1124 2986; x_wconf 93' lang='lat' dir='ltr'>in</span> <span class='ocrx_word' id='word_1_76' title='bbox 1140 2934 1288 3000; x_wconf 86' lang='lat' dir='ltr'><strong>provinciis</strong></span> <span class='ocrx_word' id='word_1_77' title='bbox 1305 2925 1433 2999; x_wconf 72' lang='lat' dir='ltr'><strong>(tiniensi,</strong></span> <span class='ocrx_word' id='word_1_78' title='bbox 1455 2938 1524 2988; x_wconf 86' lang='lat' dir='ltr'><strong>lien-</strong></span> 
     </span>
     <span class='ocr_line' id='line_1_12' title="bbox 304 3009 1525 3087; baseline 0.002 -16"><span class='ocrx_word' id='word_1_79' title='bbox 304 3019 424 3072; x_wconf 87' lang='lat' dir='ltr'><strong>iuvicem</strong></span> <span class='ocrx_word' id='word_1_80' title='bbox 441 3032 554 3072; x_wconf 88' lang='lat' dir='ltr'><strong>suorum</strong></span> <span class='ocrx_word' id='word_1_81' title='bbox 577 3009 725 3085; x_wconf 88' lang='lat' dir='ltr'><strong>corporum&#39;</strong></span> <span class='ocrx_word' id='word_1_82' title='bbox 745 3017 897 3072; x_wconf 80' lang='lat' dir='ltr'><strong>dominium</strong></span> <span class='ocrx_word' id='word_1_83' title='bbox 933 3019 1525 3087; x_wconf 80' lang='lat' dir='ltr'><strong>tuckiensi,etaiihi.Hominesmuiieresquc</strong></span> 
     </span>
     <span class='ocr_line' id='line_1_13' title="bbox 304 3101 1524 3170; baseline 0.001 -13"><span class='ocrx_word' id='word_1_84' title='bbox 304 3101 468 3170; x_wconf 85' lang='lat' dir='ltr'><strong>perpetuum</strong></span> <span class='ocrx_word' id='word_1_85' title='bbox 492 3103 604 3156; x_wconf 87' lang='lat' dir='ltr'><strong>tradunt</strong></span> <span class='ocrx_word' id='word_1_86' title='bbox 620 3103 648 3155; x_wconf 90' lang='lat' dir='ltr'>in</span> <span class='ocrx_word' id='word_1_87' title='bbox 668 3117 748 3156; x_wconf 91' lang='lat' dir='ltr'><strong>usum</strong></span> <span class='ocrx_word' id='word_1_88' title='bbox 767 3103 896 3170; x_wconf 79' lang='lat' dir='ltr'><strong>conjugii.</strong></span> <span class='ocrx_word' id='word_1_89' title='bbox 932 3105 961 3156; x_wconf 94' lang='lat' dir='ltr'>in</span> <span class='ocrx_word' id='word_1_90' title='bbox 986 3106 1083 3157; x_wconf 85' lang='lat' dir='ltr'><strong>eadem</strong></span> <span class='ocrx_word' id='word_1_91' title='bbox 1106 3106 1189 3158; x_wconf 86' lang='lat' dir='ltr'><strong>domo</strong></span> <span class='ocrx_word' id='word_1_92' title='bbox 1210 3107 1321 3170; x_wconf 85' lang='grc'>777777,</span> <span class='ocrx_word' id='word_1_93' title='bbox 1344 3107 1394 3159; x_wconf 88' lang='grc'>777</span> <span class='ocrx_word' id='word_1_94' title='bbox 1418 3105 1524 3159; x_wconf 86' lang='lat' dir='ltr'><strong>cellulis</strong></span> 
     </span>
     <span class='ocr_line' id='line_1_14' title="bbox 304 3189 1525 3254; baseline 0 -12"><span class='ocrx_word' id='word_1_95' title='bbox 304 3191 399 3244; x_wconf 82' lang='lat' dir='ltr'><strong>Status</strong></span> <span class='ocrx_word' id='word_1_96' title='bbox 416 3189 593 3252; x_wconf 81' lang='lat' dir='ltr'><strong>matrimonii,</strong></span> <span class='ocrx_word' id='word_1_97' title='bbox 606 3203 654 3242; x_wconf 84' lang='lat' dir='ltr'>scu</span> <span class='ocrx_word' id='word_1_98' title='bbox 674 3190 820 3254; x_wconf 79' lang='lat' dir='ltr'><strong>conjugum</strong></span> <span class='ocrx_word' id='word_1_99' title='bbox 832 3200 897 3240; x_wconf 88' lang='lat' dir='ltr'><strong>con·</strong></span> <span class='ocrx_word' id='word_1_100' title='bbox 931 3190 1083 3254; x_wconf 86' lang='lat' dir='ltr'><strong>separatis,</strong></span> <span class='ocrx_word' id='word_1_101' title='bbox 1102 3194 1132 3241; x_wconf 86' lang='lat' dir='ltr'>et</span> <span class='ocrx_word' id='word_1_102' title='bbox 1149 3203 1179 3242; x_wconf 87' lang='lat' dir='ltr'>se</span> <span class='ocrx_word' id='word_1_103' title='bbox 1196 3191 1230 3242; x_wconf 86' lang='grc'>717</span> <span class='ocrx_word' id='word_1_104' title='bbox 1248 3192 1324 3242; x_wconf 93' lang='lat' dir='ltr'><strong>omni</strong></span> <span class='ocrx_word' id='word_1_105' title='bbox 1344 3191 1435 3243; x_wconf 88' lang='lat' dir='ltr'><strong>carnis</strong></span> <span class='ocrx_word' id='word_1_106' title='bbox 1446 3191 1525 3243; x_wconf 89' lang='grc'>7717-</span> 
     </span>
     <span class='ocr_line' id='line_1_15' title="bbox 305 3274 1524 3340; baseline -0.001 -13"><span class='ocrx_word' id='word_1_107' title='bbox 305 3275 390 3338; x_wconf 88' lang='grc'>77777,</span> <span class='ocrx_word' id='word_1_108' title='bbox 411 3274 511 3328; x_wconf 88' lang='grc'>7777777</span> <span class='ocrx_word' id='word_1_109' title='bbox 532 3276 559 3327; x_wconf 92' lang='grc'>77</span> <span class='ocrx_word' id='word_1_110' title='bbox 582 3275 755 3328; x_wconf 77' lang='lat' dir='ltr'><strong>catechismo</strong></span> <span class='ocrx_word' id='word_1_111' title='bbox 774 3275 897 3325; x_wconf 80' lang='lat' dir='ltr'><strong>Romano</strong></span> <span class='ocrx_word' id='word_1_112' title='bbox 930 3279 1005 3338; x_wconf 85' lang='lat' dir='ltr'><strong>ptate</strong></span> <span class='ocrx_word' id='word_1_113' title='bbox 1014 3275 1162 3326; x_wconf 87' lang='lat' dir='ltr'><strong>abhorrere</strong></span> <span class='ocrx_word' id='word_1_114' title='bbox 1170 3275 1524 3340; x_wconf 83' lang='lat' dir='ltr'><strong>vehementerproiitentur.</strong></span> 
     </span>
     <span class='ocr_line' id='line_1_16' title="bbox 307 3357 1524 3424; baseline -0.003 -10"><span class='ocrx_word' id='word_1_115' title='bbox 307 3382 319 3406; x_wconf 76' lang='grc' dir='ltr'>ι·</span> <span class='ocrx_word' id='word_1_116' title='bbox 331 3359 382 3414; x_wconf 83' lang='lat' dir='ltr'><strong>viri</strong></span> <span class='ocrx_word' id='word_1_117' title='bbox 398 3365 425 3413; x_wconf 93' lang='grc'>77</span> <span class='ocrx_word' id='word_1_118' title='bbox 439 3359 562 3413; x_wconf 86' lang='lat' dir='ltr'><strong>mulieris</strong></span> <span class='ocrx_word' id='word_1_119' title='bbox 574 3357 709 3412; x_wconf 89' lang='lat' dir='ltr'><strong>maritatis</strong></span> <span class='ocrx_word' id='word_1_120' title='bbox 723 3357 895 3424; x_wconf 74' lang='lat' dir='ltr'><strong>coniunctio,</strong></span> <span class='ocrx_word' id='word_1_121' title='bbox 931 3358 963 3408; x_wconf 90' lang='grc'>777</span> <span class='ocrx_word' id='word_1_122' title='bbox 980 3357 1090 3423; x_wconf 80' lang='lat' dir='ltr'><strong>nuptias</strong></span> <span class='ocrx_word' id='word_1_123' title='bbox 1102 3357 1231 3422; x_wconf 85' lang='lat' dir='ltr'><strong>profanas</strong></span> <span class='ocrx_word' id='word_1_124' title='bbox 1241 3359 1378 3411; x_wconf 86' lang='lat' dir='ltr'><strong>aestimant</strong></span> <span class='ocrx_word' id='word_1_125' title='bbox 1388 3397 1397 3420; x_wconf 93' lang='lat'><strong>,</strong></span> <span class='ocrx_word' id='word_1_126' title='bbox 1409 3360 1524 3424; x_wconf 87' lang='lat' dir='ltr'><strong>turpitu-</strong></span> 
     </span>
     <span class='ocr_line' id='line_1_17' title="bbox 304 3442 1523 3512; baseline -0.002 -16"><span class='ocrx_word' id='word_1_127' title='bbox 304 3447 378 3499; x_wconf 89' lang='lat' dir='ltr'><strong>inter</strong></span> <span class='ocrx_word' id='word_1_128' title='bbox 401 3446 536 3512; x_wconf 83' lang='lat' dir='ltr'><strong>legitimas</strong></span> <span class='ocrx_word' id='word_1_129' title='bbox 559 3458 709 3511; x_wconf 83' lang='lat' dir='ltr'><strong>personas,</strong></span> <span class='ocrx_word' id='word_1_130' title='bbox 729 3443 897 3497; x_wconf 83' lang='lat' dir='ltr'><strong>individuam</strong></span> <span class='ocrx_word' id='word_1_131' title='bbox 930 3443 1058 3508; x_wconf 88' lang='lat' dir='ltr'><strong>diuisque</strong></span> <span class='ocrx_word' id='word_1_132' title='bbox 1071 3443 1195 3495; x_wconf 88' lang='lat' dir='ltr'><strong>velamen</strong></span> <span class='ocrx_word' id='word_1_133' title='bbox 1205 3457 1212 3492; x_wconf 91' lang='lat'>:</span> <span class='ocrx_word' id='word_1_134' title='bbox 1223 3442 1266 3494; x_wconf 84' lang='grc' dir='ltr'>Ι77</span> <span class='ocrx_word' id='word_1_135' title='bbox 1279 3455 1312 3495; x_wconf 95' lang='grc'>77</span> <span class='ocrx_word' id='word_1_136' title='bbox 1323 3443 1523 3495; x_wconf 84' lang='lat' dir='ltr'><strong>constituentes</strong></span> 
     </span>
     <span class='ocr_line' id='line_1_18' title="bbox 304 3527 1523 3596; baseline -0.001 -14"><span class='ocrx_word' id='word_1_137' title='bbox 304 3531 367 3583; x_wconf 88' lang='lat' dir='ltr'><strong>vitae</strong></span> <span class='ocrx_word' id='word_1_138' title='bbox 379 3531 609 3596; x_wconf 64' lang='lat' dir='ltr'><strong>consuetudinem</strong></span> <span class='ocrx_word' id='word_1_139' title='bbox 622 3531 780 3584; x_wconf 86' lang='lat' dir='ltr'><strong>retinens.»</strong></span> <span class='ocrx_word' id='word_1_140' title='bbox 930 3527 1046 3595; x_wconf 84' lang='lat' dir='ltr'><strong>originis</strong></span> <span class='ocrx_word' id='word_1_141' title='bbox 1062 3535 1205 3593; x_wconf 88' lang='lat' dir='ltr'><strong>peccatum</strong></span> <span class='ocrx_word' id='word_1_142' title='bbox 1224 3528 1298 3594; x_wconf 84' lang='lat' dir='ltr'><strong>quod</strong></span> <span class='ocrx_word' id='word_1_143' title='bbox 1317 3531 1388 3580; x_wconf 90' lang='grc'>71777</span> <span class='ocrx_word' id='word_1_144' title='bbox 1400 3529 1465 3581; x_wconf 82' lang='grc'>7777</span> <span class='ocrx_word' id='word_1_145' title='bbox 1477 3542 1523 3581; x_wconf 86' lang='lat' dir='ltr'>ex-</span> 
     </span>
     <span class='ocr_line' id='line_1_19' title="bbox 336 3613 1523 3681; baseline -0.001 -14"><span class='ocrx_word' id='word_1_146' title='bbox 336 3617 364 3668; x_wconf 73' lang='grc'>7.</span> <span class='ocrx_word' id='word_1_147' title='bbox 383 3617 492 3668; x_wconf 88' lang='grc'>7777777</span> <span class='ocrx_word' id='word_1_148' title='bbox 506 3614 698 3681; x_wconf 78' lang='lat' dir='ltr'><strong>quamplurimi</strong></span> <span class='ocrx_word' id='word_1_149' title='bbox 713 3613 833 3667; x_wconf 86' lang='grc'>1777777777</span> <span class='ocrx_word' id='word_1_150' title='bbox 847 3628 898 3666; x_wconf 92' lang='lat' dir='ltr'>nu·</span> <span class='ocrx_word' id='word_1_151' title='bbox 929 3614 1040 3679; x_wconf 89' lang='lat' dir='ltr'><strong>petierit</strong></span> <span class='ocrx_word' id='word_1_152' title='bbox 1057 3615 1226 3667; x_wconf 90' lang='lat' dir='ltr'><strong>consortium</strong></span> <span class='ocrx_word' id='word_1_153' title='bbox 1246 3614 1402 3667; x_wconf 70' lang='lat' dir='ltr'><strong>maritum*</strong></span> <span class='ocrx_word' id='word_1_154' title='bbox 1416 3616 1523 3668; x_wconf 84' lang='lat' dir='ltr'><strong>Pestem</strong></span> 
     </span>
     <span class='ocr_line' id='line_1_20' title="bbox 303 3698 1523 3766; baseline 0 -13"><span class='ocrx_word' id='word_1_155' title='bbox 303 3700 376 3766; x_wconf 83' lang='lat' dir='ltr'><strong>ptias</strong></span> <span class='ocrx_word' id='word_1_156' title='bbox 391 3712 506 3766; x_wconf 85' lang='lat' dir='ltr'><strong>prorsus</strong></span> <span class='ocrx_word' id='word_1_157' title='bbox 530 3700 710 3762; x_wconf 87' lang='lat' dir='ltr'><strong>damnarunt,</strong></span> <span class='ocrx_word' id='word_1_158' title='bbox 734 3698 898 3751; x_wconf 87' lang='lat' dir='ltr'><strong>Saturninus</strong></span> <span class='ocrx_word' id='word_1_159' title='bbox 930 3700 1033 3754; x_wconf 85' lang='lat' dir='ltr'><strong>idcirco</strong></span> <span class='ocrx_word' id='word_1_160' title='bbox 1044 3700 1072 3752; x_wconf 95' lang='lat' dir='ltr'>in</span> <span class='ocrx_word' id='word_1_161' title='bbox 1090 3701 1303 3754; x_wconf 86' lang='lat' dir='ltr'><strong>itanichaeorum</strong></span> <span class='ocrx_word' id='word_1_162' title='bbox 1319 3700 1403 3752; x_wconf 87' lang='lat' dir='ltr'><strong>variis</strong></span> <span class='ocrx_word' id='word_1_163' title='bbox 1421 3713 1523 3766; x_wconf 92' lang='lat' dir='ltr'><strong>propa·</strong></span> 
     </span>
     <span class='ocr_line' id='line_1_21' title="bbox 304 3783 1523 3854; baseline 0.001 -16"><span class='ocrx_word' id='word_1_164' title='bbox 304 3785 424 3849; x_wconf 87' lang='lat' dir='ltr'><strong>scilicet,</strong></span> <span class='ocrx_word' id='word_1_165' title='bbox 437 3785 573 3846; x_wconf 78' lang='lat' dir='ltr'><strong>Marcion,</strong></span> <span class='ocrx_word' id='word_1_166' title='bbox 584 3783 727 3846; x_wconf 68' lang='lat' dir='ltr'><strong>tatianus,</strong></span> <span class='ocrx_word' id='word_1_167' title='bbox 738 3783 897 3845; x_wconf 82' lang='lat' dir='ltr'><strong>Encratitae,</strong></span> <span class='ocrx_word' id='word_1_168' title='bbox 930 3787 1040 3854; x_wconf 84' lang='lat' dir='ltr'><strong>ginibus</strong></span> <span class='ocrx_word' id='word_1_169' title='bbox 1057 3787 1139 3840; x_wconf 89' lang='lat' dir='ltr'><strong>toties</strong></span> <span class='ocrx_word' id='word_1_170' title='bbox 1151 3787 1285 3852; x_wconf 87' lang='lat' dir='ltr'><strong>recisam,</strong></span> <span class='ocrx_word' id='word_1_171' title='bbox 1297 3787 1396 3840; x_wconf 83' lang='lat' dir='ltr'><strong>iterum</strong></span> <span class='ocrx_word' id='word_1_172' title='bbox 1416 3787 1523 3840; x_wconf 81' lang='lat' dir='ltr'><strong>exscin-</strong></span> 
     </span>
     <span class='ocr_line' id='line_1_22' title="bbox 304 3870 1159 3935; baseline -0.004 -10"><span class='ocrx_word' id='word_1_173' title='bbox 304 3870 898 3934; x_wconf 62' lang='lat' dir='ltr'><strong>Eustachisnnitsniruaei,quorumpropago</strong></span> <span class='ocrx_word' id='word_1_174' title='bbox 931 3871 997 3924; x_wconf 91' lang='grc'>7777</span> <span class='ocrx_word' id='word_1_175' title='bbox 1019 3883 1089 3935; x_wconf 90' lang='lat' dir='ltr'><strong>opus</strong></span> <span class='ocrx_word' id='word_1_176' title='bbox 1107 3876 1159 3923; x_wconf 86' lang='lat' dir='ltr'><strong>est.</strong></span> 
     </span>
     <span class='ocr_line' id='line_1_23' title="bbox 303 3954 1307 4020; baseline 0 -13"><span class='ocrx_word' id='word_1_177' title='bbox 303 3957 331 4008; x_wconf 92' lang='lat' dir='ltr'>in</span> <span class='ocrx_word' id='word_1_178' title='bbox 358 3954 550 4020; x_wconf 77' lang='lat' dir='ltr'><strong>Albigensitrus</strong></span> <span class='ocrx_word' id='word_1_179' title='bbox 570 3954 628 4005; x_wconf 86' lang='grc'>7777</span> <span class='ocrx_word' id='word_1_180' title='bbox 654 3959 705 4005; x_wconf 88' lang='lat' dir='ltr'><strong>est.</strong></span> <span class='ocrx_word' id='word_1_181' title='bbox 729 3955 897 4014; x_wconf 80' lang='grc'>11777177,</span> <span class='ocrx_word' id='word_1_182' title='bbox 1145 3955 1307 4020; x_wconf 63' lang='lat' dir='ltr'><strong>Proposito.</strong></span> 
     </span>
     <span class='ocr_line' id='line_1_24' title="bbox 305 4037 1521 4103; baseline -0.002 -11"><span class='ocrx_word' id='word_1_183' title='bbox 305 4045 369 4092; x_wconf 90' lang='lat' dir='ltr'><strong>nata</strong></span> <span class='ocrx_word' id='word_1_184' title='bbox 394 4037 421 4089; x_wconf 93' lang='lat' dir='ltr'>in</span> <span class='ocrx_word' id='word_1_185' title='bbox 448 4037 551 4103; x_wconf 89' lang='lat' dir='ltr'><strong>oppido</strong></span> <span class='ocrx_word' id='word_1_186' title='bbox 577 4037 766 4101; x_wconf 71' lang='lat' dir='ltr'><strong>Mareoticum,</strong></span> <span class='ocrx_word' id='word_1_187' title='bbox 787 4037 822 4088; x_wconf 87' lang='grc'>77</span> <span class='ocrx_word' id='word_1_188' title='bbox 845 4049 898 4101; x_wconf 84' lang='lat' dir='ltr'>qua</span> <span class='ocrx_word' id='word_1_189' title='bbox 963 4037 1166 4091; x_wconf 83' lang='lat' dir='ltr'><strong>iiatrimonium</strong></span> <span class='ocrx_word' id='word_1_190' title='bbox 1188 4045 1230 4091; x_wconf 89' lang='grc'>777</span> <span class='ocrx_word' id='word_1_191' title='bbox 1255 4039 1290 4092; x_wconf 87' lang='grc'>77</span> <span class='ocrx_word' id='word_1_192' title='bbox 1317 4051 1347 4091; x_wconf 89' lang='grc'>77</span> <span class='ocrx_word' id='word_1_193' title='bbox 1368 4037 1472 4090; x_wconf 85' lang='lat' dir='ltr'><strong>licitum</strong></span> <span class='ocrx_word' id='word_1_194' title='bbox 1493 4044 1521 4091; x_wconf 87' lang='grc'>77</span> 
     </span>
     <span class='ocr_line' id='line_1_25' title="bbox 304 4103 1214 4185; baseline -0.005 -9"><span class='ocrx_word' id='word_1_195' title='bbox 304 4130 385 4178; x_wconf 82' lang='lat' dir='ltr'><strong>antea</strong></span> <span class='ocrx_word' id='word_1_196' title='bbox 412 4122 496 4175; x_wconf 83' lang='lat' dir='ltr'><strong>verba</strong></span> <span class='ocrx_word' id='word_1_197' title='bbox 516 4121 648 4185; x_wconf 78' lang='lat' dir='ltr'><strong>fecimus,</strong></span> <span class='ocrx_word' id='word_1_198' title='bbox 671 4125 766 4174; x_wconf 89' lang='lat' dir='ltr'><strong>contra</strong></span> <span class='ocrx_word' id='word_1_199' title='bbox 789 4133 897 4174; x_wconf 80' lang='lat' dir='ltr'><strong>comem</strong></span> <span class='ocrx_word' id='word_1_200' title='bbox 931 4123 1088 4176; x_wconf 86' lang='grc'>1777777777.</span> <span class='ocrx_word' id='word_1_201' title='bbox 1207 4103 1214 4122; x_wconf 83' lang='grc'><em>“</em></span> 
     </span>
    </p>
   </div>
   <div class='ocr_carea' id='block_1_4' title="bbox 257 4383 1546 4781">
    <p class='ocr_par' dir='ltr' id='par_1_4' title="bbox 257 4383 1546 4768">
     <span class='ocr_line' id='line_1_26' title="bbox 328 4383 1546 4439; baseline -0.001 -12"><span class='ocrx_word' id='word_1_202' title='bbox 328 4385 498 4439; x_wconf 63' lang='lat' dir='ltr'><strong>(rictiovarus</strong></span> <span class='ocrx_word' id='word_1_203' title='bbox 512 4386 532 4428; x_wconf 89' lang='grc'>77</span> <span class='ocrx_word' id='word_1_204' title='bbox 546 4387 579 4438; x_wconf 87' lang='grc'>77,</span> <span class='ocrx_word' id='word_1_205' title='bbox 594 4385 642 4426; x_wconf 87' lang='grc'>71777</span> <span class='ocrx_word' id='word_1_206' title='bbox 654 4385 691 4426; x_wconf 87' lang='grc'>7177</span> <span class='ocrx_word' id='word_1_207' title='bbox 707 4383 771 4425; x_wconf 84' lang='grc'>1711777</span> <span class='ocrx_word' id='word_1_208' title='bbox 790 4383 893 4437; x_wconf 68' lang='grc'>7777777777</span> <span class='ocrx_word' id='word_1_209' title='bbox 926 4385 1019 4437; x_wconf 66' lang='grc'>77777773</span> <span class='ocrx_word' id='word_1_210' title='bbox 1035 4385 1116 4426; x_wconf 73' lang='lat' dir='ltr'><strong>cicant</strong></span> <span class='ocrx_word' id='word_1_211' title='bbox 1130 4399 1141 4423; x_wconf 83' lang='grc'>7</span> <span class='ocrx_word' id='word_1_212' title='bbox 1156 4385 1200 4425; x_wconf 81' lang='lat' dir='ltr'>The</span> <span class='ocrx_word' id='word_1_213' title='bbox 1209 4385 1333 4438; x_wconf 74' lang='lat' dir='ltr'><strong>Testimony</strong></span> <span class='ocrx_word' id='word_1_214' title='bbox 1345 4384 1370 4425; x_wconf 87' lang='grc'>77</span> <span class='ocrx_word' id='word_1_215' title='bbox 1380 4384 1472 4426; x_wconf 75' lang='grc'>(11777777</span> <span class='ocrx_word' id='word_1_216' title='bbox 1489 4397 1524 4426; x_wconf 74' lang='lat' dir='ltr'>oc·</span> <span class='ocrx_word' id='word_1_217' title='bbox 1543 4406 1546 4411; x_wconf 91' lang='lat'>·</span> 
     </span>
     <span class='ocr_line' id='line_1_27' title="bbox 304 4442 1521 4509; baseline 0 -14"><span class='ocrx_word' id='word_1_218' title='bbox 304 4457 328 4496; x_wconf 90' lang='lat' dir='ltr'>oi</span> <span class='ocrx_word' id='word_1_219' title='bbox 335 4456 403 4497; x_wconf 78' lang='grc'>77777</span> <span class='ocrx_word' id='word_1_220' title='bbox 418 4457 473 4498; x_wconf 84' lang='grc'>17777</span> <span class='ocrx_word' id='word_1_221' title='bbox 481 4457 551 4498; x_wconf 81' lang='lat' dir='ltr'><strong>under</strong></span> <span class='ocrx_word' id='word_1_222' title='bbox 560 4457 597 4498; x_wconf 84' lang='grc'>7177</span> <span class='ocrx_word' id='word_1_223' title='bbox 610 4455 684 4497; x_wconf 84' lang='grc'>777777</span> <span class='ocrx_word' id='word_1_224' title='bbox 694 4459 776 4508; x_wconf 70' lang='lat' dir='ltr'><strong>protest</strong></span> <span class='ocrx_word' id='word_1_225' title='bbox 785 4453 809 4495; x_wconf 87' lang='lat' dir='ltr'>oi</span> <span class='ocrx_word' id='word_1_226' title='bbox 815 4465 894 4495; x_wconf 87' lang='grc'>777777-</span> <span class='ocrx_word' id='word_1_227' title='bbox 927 4454 982 4494; x_wconf 82' lang='lat' dir='ltr'><strong>cond</strong></span> <span class='ocrx_word' id='word_1_228' title='bbox 1003 4454 1121 4506; x_wconf 68' lang='lat' dir='ltr'><strong>appoarIng</strong></span> <span class='ocrx_word' id='word_1_229' title='bbox 1134 4466 1156 4507; x_wconf 84' lang='lat' dir='ltr'>p.</span> <span class='ocrx_word' id='word_1_230' title='bbox 1172 4461 1191 4494; x_wconf 88' lang='grc'>1.</span> <span class='ocrx_word' id='word_1_231' title='bbox 1205 4453 1278 4494; x_wconf 72' lang='grc'>71777.</span> <span class='ocrx_word' id='word_1_232' title='bbox 1288 4465 1310 4494; x_wconf 87' lang='grc'>7.</span> <span class='ocrx_word' id='word_1_233' title='bbox 1320 4459 1350 4493; x_wconf 81' lang='grc'>77.</span> <span class='ocrx_word' id='word_1_234' title='bbox 1364 4454 1407 4493; x_wconf 75' lang='lat' dir='ltr'>rte</span> <span class='ocrx_word' id='word_1_235' title='bbox 1425 4442 1521 4509; x_wconf 71' lang='lat' dir='ltr'>myster]</span> 
     </span>
     <span class='ocr_line' id='line_1_28' title="bbox 304 4521 1062 4577; baseline -0.004 -12"><span class='ocrx_word' id='word_1_236' title='bbox 304 4522 896 4577; x_wconf 78' lang='grc' dir='ltr'>7777777777777777771677,ρ777777771777717777777</span> <span class='ocrx_word' id='word_1_237' title='bbox 928 4521 1062 4575; x_wconf 79' lang='lat' dir='ltr'>osim&#39;qat&#39;ty.</span> 
     </span>
     <span class='ocr_line' id='line_1_29' title="bbox 305 4585 1519 4646; baseline 0 -14"><span class='ocrx_word' id='word_1_238' title='bbox 305 4595 352 4634; x_wconf 78' lang='lat' dir='ltr'><strong>that</strong></span> <span class='ocrx_word' id='word_1_239' title='bbox 360 4593 430 4635; x_wconf 74' lang='grc'>7777717</span> <span class='ocrx_word' id='word_1_240' title='bbox 447 4594 469 4635; x_wconf 92' lang='lat' dir='ltr'>in</span> <span class='ocrx_word' id='word_1_241' title='bbox 483 4593 542 4634; x_wconf 80' lang='grc'>777717</span> <span class='ocrx_word' id='word_1_242' title='bbox 549 4593 568 4634; x_wconf 87' lang='grc'>77</span> <span class='ocrx_word' id='word_1_243' title='bbox 585 4594 688 4646; x_wconf 73' lang='lat' dir='ltr'><strong>profane,</strong></span> <span class='ocrx_word' id='word_1_244' title='bbox 704 4592 747 4633; x_wconf 86' lang='grc'>7777</span> <span class='ocrx_word' id='word_1_245' title='bbox 766 4597 788 4632; x_wconf 90' lang='grc'>77</span> <span class='ocrx_word' id='word_1_246' title='bbox 805 4585 896 4643; x_wconf 68' lang='grc'>77777777</span> <span class='ocrx_word' id='word_1_247' title='bbox 955 4593 982 4643; x_wconf 67' lang='lat' dir='ltr'>(a)</span> <span class='ocrx_word' id='word_1_248' title='bbox 992 4591 1037 4631; x_wconf 86' lang='grc'>’7177</span> <span class='ocrx_word' id='word_1_249' title='bbox 1043 4591 1165 4644; x_wconf 71' lang='grc'>7777777777</span> <span class='ocrx_word' id='word_1_250' title='bbox 1174 4590 1198 4630; x_wconf 87' lang='grc'>77</span> <span class='ocrx_word' id='word_1_251' title='bbox 1204 4590 1294 4632; x_wconf 76' lang='grc'>01777777</span> <span class='ocrx_word' id='word_1_252' title='bbox 1303 4592 1380 4632; x_wconf 87' lang='grc'>777777</span> <span class='ocrx_word' id='word_1_253' title='bbox 1390 4591 1519 4645; x_wconf 65' lang='lat' dir='ltr'><strong>appeninp,</strong></span> 
     </span>
     <span class='ocr_line' id='line_1_30' title="bbox 257 4659 1081 4768; baseline -0.004 -67"><span class='ocrx_word' id='word_1_254' title='bbox 257 4663 450 4768; x_wconf 61' lang='grc'>,7777771777</span> <span class='ocrx_word' id='word_1_255' title='bbox 466 4661 544 4714; x_wconf 70' lang='lat' dir='ltr'><strong>tuing,</strong></span> <span class='ocrx_word' id='word_1_256' title='bbox 558 4666 596 4701; x_wconf 91' lang='lat' dir='ltr'>out</span> <span class='ocrx_word' id='word_1_257' title='bbox 604 4661 628 4701; x_wconf 87' lang='grc'>71</span> <span class='ocrx_word' id='word_1_258' title='bbox 638 4661 709 4702; x_wconf 78' lang='grc'>77177717</span> <span class='ocrx_word' id='word_1_259' title='bbox 722 4661 772 4712; x_wconf 76' lang='lat' dir='ltr'><strong>they</strong></span> <span class='ocrx_word' id='word_1_260' title='bbox 782 4660 836 4701; x_wconf 84' lang='grc'>17777</span> <span class='ocrx_word' id='word_1_261' title='bbox 844 4671 892 4712; x_wconf 89' lang='lat' dir='ltr'><strong>pro·</strong></span> <span class='ocrx_word' id='word_1_262' title='bbox 929 4660 963 4700; x_wconf 85' lang='grc'>717.</span> <span class='ocrx_word' id='word_1_263' title='bbox 976 4659 1006 4698; x_wconf 86' lang='grc'>777.</span> <span class='ocrx_word' id='word_1_264' title='bbox 1018 4670 1040 4698; x_wconf 87' lang='lat' dir='ltr'>n.</span> <span class='ocrx_word' id='word_1_265' title='bbox 1050 4664 1081 4700; x_wconf 83' lang='grc'>17.</span> 
     </span>
    </p>

    <p class='ocr_par' dir='ltr' id='par_1_5' title="bbox 305 4728 895 4781">
     <span class='ocr_line' id='line_1_31' title="bbox 305 4728 895 4781; baseline -0.005 -10"><span class='ocrx_word' id='word_1_266' title='bbox 305 4732 344 4771; x_wconf 76' lang='lat' dir='ltr'>ved</span> <span class='ocrx_word' id='word_1_267' title='bbox 361 4737 411 4771; x_wconf 83' lang='grc'>177</span> <span class='ocrx_word' id='word_1_268' title='bbox 434 4730 603 4771; x_wconf 77' lang='lat' dir='ltr'><strong>demonstration</strong></span> <span class='ocrx_word' id='word_1_269' title='bbox 626 4729 672 4769; x_wconf 86' lang='grc'>11777</span> <span class='ocrx_word' id='word_1_270' title='bbox 696 4730 746 4781; x_wconf 69' lang='lat' dir='ltr'><strong>they</strong></span> <span class='ocrx_word' id='word_1_271' title='bbox 768 4740 808 4768; x_wconf 85' lang='grc'>7777</span> <span class='ocrx_word' id='word_1_272' title='bbox 830 4728 895 4779; x_wconf 76' lang='lat' dir='ltr'><strong>bring</strong></span> 
     </span>
    </p>
   </div>
   <div class='ocr_carea' id='block_1_5' title="bbox 0 0 1900 5550">
    <p class='ocr_par' dir='ltr' id='par_1_6' title="bbox 0 0 1900 5550">
     <span class='ocr_line' id='line_1_32' title="bbox 0 0 1900 5550; baseline 0 0"><span class='ocrx_word' id='word_1_273' title='bbox 0 0 1900 5550; x_wconf 95' lang='lat' dir='ltr'> </span> 
     </span>
    </p>
   </div>
  </div>
 </body>
</html>
