3792 5550
367 502 402 553 Μ
760 493 871 555 ubter,
892 489 933 543 xl.
952 488 992 539 DE
1010 484 1174 537 ballolio.

368 614 577 684 significandam
594 622 623 666 et
642 609 818 665 eliciendam.
836 606 951 657 Fallitur
984 602 1011 651 et
1024 596 1167 651 virtutibus
1184 593 1280 649 sedulo
1292 598 1428 652 navabant
1440 612 1563 667 operam.

368 700 455 769 igitur
470 702 517 771 qui
533 702 608 766 putat
626 708 677 749 nos
696 708 712 747 a
730 690 829 747 ebriati
844 689 949 743 redem-
982 682 1120 748 Aliquibus
1133 681 1160 732 in
1177 681 1244 735 locis
1260 691 1434 747 peccatorum
1452 700 1566 753 perage·

368 781 611 851 illicneabstrmi,
624 780 729 833 dumin
741 780 875 832 elemento
887 772 950 828 risi·
982 769 1046 820 bant
1069 766 1283 833 consessionem,
1307 784 1369 837 quas
1390 777 1482 827 tamen
1502 786 1567 827 con·

369 870 421 925 bin
437 881 519 939 quam
535 866 596 931 ,pse
610 864 706 918 tribuit
721 856 846 920 vpffflpem
863 870 947 926 agno-
980 850 1094 903 suetudo
1111 864 1167 903 non
1180 852 1281 919 ubique
1294 855 1430 920 obtinuit;
1447 872 1499 911 nec
1516 860 1566 911 inl·

369 956 481 1010 ecimus.
979 934 1185 1001 praesentiarum
1203 944 1245 991 est
1264 940 1424 1007 suadenda,
1446 956 1481 996 ne
1495 938 1564 997 diffl-

401 1036 458 1089 ltt.
472 1036 532 1101 obj.
550 1040 576 1089 l.
590 1037 693 1105 idagiea
709 1036 830 1104 quadam
843 1030 883 1085 vis
896 1030 943 1079 Ba·
977 1020 1092 1074 cultates
1101 1021 1266 1088 ingressuris
1278 1029 1428 1083 Ecclesiam
1438 1032 1567 1099 multipli-

366 1121 469 1187 pttsmo
482 1122 704 1187 tribuitur,dum
716 1135 748 1175 ec
767 1116 886 1173 nomines
900 1122 944 1161 re·
976 1110 1088 1170 centur,
1110 1108 1153 1160 vel
1173 1108 1240 1163 falsa
1261 1111 1407 1166 inducatur
1428 1117 1563 1170 sententia

364 1205 440 1259 ΒΜ
452 1206 599 1273 dicuntum
612 1205 792 1275 quumpopus
803 1204 942 1262 regenerat-
976 1196 1087 1255 peccata
1106 1197 1169 1246 ante
1187 1195 1355 1261 baptismum
1372 1199 1493 1254 admissa
1511 1204 1563 1255 lic·

364 1290 403 1344 lio
418 1290 514 1348 divino
531 1294 663 1357 decreto,
680 1303 734 1356 quo
750 1282 826 1340 electi
843 1276 943 1345 praede·
975 1276 1066 1329 clesiae
1092 1281 1221 1344 potestati
1250 1282 1404 1349 subiacere.
1428 1288 1561 1341 Caeterum

362 1376 519 1445 emantur,
551 1380 693 1435 tribuenda
719 1376 774 1435 sit,
802 1365 940 1435 proposito
975 1364 1159 1429 explorandus
1170 1370 1212 1419 est
1224 1368 1432 1423 candidatorum
1445 1373 1564 1439 animus,

363 1463 471 1520 scilieet
481 1467 686 1521 persecuntur]
697 1456 835 1515 consilium
848 1451 942 1505 volun·
973 1462 1008 1502 ne
1025 1448 1150 1515 imparati
1162 1457 1267 1507 tantum
1286 1458 1490 1511 sacramentum
1501 1474 1565 1513 sus·

363 1548 427 1602 ω,
444 1563 512 1605 suae·
974 1533 1086 1599 cipiaut.
1112 1538 1176 1600 Quae
1196 1539 1262 1592 olim
1284 1540 1353 1594 iacta
1377 1550 1441 1596 sunt
1458 1546 1563 1611 juvabit

396 1638 455 1689 lto.
469 1638 546 1704 lleap
560 1638 634 1689 Nulla
646 1632 685 1687 ris
698 1625 800 1691 magica
811 1659 819 1684 ,
832 1619 941 1674 sedrlr·
973 1630 1030 1684 prae
1043 1621 1130 1674 oculis
1147 1622 1272 1687 nabere,
1289 1632 1319 1677 ut
1330 1628 1418 1693 majus
1430 1630 1564 1682 accende·-

364 1721 522 1774 luscoelitus
533 1720 616 1773 indita
626 1704 938 1779 Baptismoagnoscitur3
974 1708 1018 1755 tur
1029 1706 1151 1759 studium
1163 1708 1198 1761 ad
1208 1709 1389 1765 animumrite
1399 1714 1561 1779 parandum.

362 1804 486 1860 Christus
503 1805 623 1865 scilicet,
641 1796 685 1863 qui
699 1804 749 1845 sno
760 1803 812 1843 nos
823 1790 940 1843 redemit
973 1790 1106 1844 audiatur
1124 1794 1307 1849 Tertullianus
1327 1811 1334 1847 ε
1354 1798 1563 1864 «ingressuros

363 1891 512 1959 sanguine,
528 1887 610 1945 voluit
622 1894 671 1936 nos
684 1878 736 1931 rita
751 1881 778 1928 et
790 1874 876 1941 gratia
889 1875 939 1930 do·
974 1874 1162 1941 Baptismum,
1178 1880 1349 1934 orationibus
1365 1882 1484 1947 crebris,
1496 1885 1565 1951 ieju-

364 1978 440 2043 Μή,
462 1979 525 2031 dum
548 1984 615 2037 aqua
637 1965 827 2026 ablueremur,
851 1962 939 2015 tribus
973 1958 1027 2012 niis
1041 1967 1068 2013 et
1085 1958 1353 2028 geniculationibus,
1371 1970 1398 2018 et
1413 1968 1564 2035 pervigiliis

363 2057 461 2118 diving,
474 2057 595 2128 personis
606 2046 745 2103 invocatis.
761 2045 768 2078 ¹
783 2048 937 2113 Regcnera-
973 2053 1051 2097 orare
1062 2050 1170 2110 oportet
1181 2083 1189 2110 ,
1202 2052 1230 2099 et
1241 2060 1303 2099 cum
1316 2049 1489 2104 confessione
1503 2065 1564 2105 om·

364 2149 402 2203 tio
415 2150 472 2201 baee
484 2144 573 2197 divino
584 2134 723 2203 proposito
734 2132 877 2185 tribuenda
886 2139 938 2198 est,
972 2129 1048 2181 nium
1071 2137 1144 2183 retro
1166 2132 1348 2197 delictorum,
1372 2139 1402 2187 ut
1421 2146 1561 2202 exponant

362 2245 417 2287 „00
432 2227 539 2295 quidem
552 2220 674 2275 absoluto
684 2217 730 2269 illo
742 2217 852 2271 decreto
863 2220 937 2285 quod
971 2214 1053 2267 etiam
1065 2215 1232 2281 Baptismum
1244 2216 1260 2267 J
1263 2218 1362 2271 oannis
1373 2234 1380 2271 ε
1392 2220 1563 2288 lingueban-

362 2314 454 2373 smujp
471 2302 937 2368 calvinus‚qu0hominesininte·
972 2305 1033 2361 tur,
1054 2300 1161 2366 inquit,
1187 2302 1350 2357 confitentes
1377 2305 1477 2361 delicta
1499 2321 1559 2361 sual.

360 2403 455 2457 ritum·
468 2397 509 2452 ,91
522 2394 602 2448 vitam
614 2427 622 2451 ‚
634 2401 741 2441 summo
752 2390 937 2456 perarmato,
971 2384 1053 2436 Nobis
1065 2386 1258 2451 gratulandum
1273 2394 1333 2453 est,
1345 2390 1436 2444 sinon
1451 2393 1564 2457 publice

360 2488 432 2542 nulla
446 2481 533 2536 habita
547 2475 704 2529 meritorum
719 2474 840 2539 sapone,
852 2477 937 2530 desp.
971 2470 1132 2523 confitemur
1146 2472 1304 2537 iniquitates
1316 2480 1362 2527 aut
1377 2476 1560 2542 turpitudines

360 2577 476 2630 nemum
498 2563 546 2618 sed
576 2560 699 2613 benefico
723 2561 857 2626 consilio,
881 2576 936 2629 quo
970 2559 1088 2607 nostras.
1099 2556 1184 2608 Simul
1195 2557 1277 2611 eliam
1295 2560 1367 2613 etde
1382 2562 1503 2626 pristinis
1516 2574 1561 2614 sa·

359 2660 449 2729 grafia,
466 2654 534 2706 dona
547 2646 674 2701 munibus
687 2646 716 2699 in
736 2648 872 2713 eaptismo
884 2650 937 2701 par.
970 2640 1121 2695 tisiacimus
1131 2643 1333 2700 conflictatione
1344 2646 1433 2699 carrris
1444 2654 1470 2701 et
1480 2648 1561 2714 spiri·

358 2744 406 2814 ΒΜ
419 2735 552 2798 demovit,
565 2731 587 2785 sp
598 2732 667 2785 obex
677 2744 731 2784 non
741 2738 934 2800 apponeretur,
969 2729 1014 2778 tus
1026 2764 1033 2790 ‚
1044 2732 1072 2780 et
1085 2728 1274 2784 subsecuturis
1289 2730 1486 2785 tentationibus
1499 2746 1561 2785 mu-

357 2831 421 2883 ron
436 2823 599 2876 intrusione
615 2817 763 2872 mortuos
777 2820 862 2886 grona
880 2823 935 2874 neo
969 2811 1090 2866 nimenta
1104 2816 1301 2880 praeslrunnus.
1315 2816 1354 2864 »²¹

356 2911 443 2968 danda
462 2911 522 2968 est,
542 2905 621 2971 cujus
637 2904 853 2958 misericordiam
871 2921 936 2974 erga
1004 2900 1061 2951 ¹57·
1079 2902 1127 2964 Qui
1145 2902 1250 2967 absque
1262 2901 1355 2954 debila
1369 2901 1452 2954 animi
1465 2901 1559 2968 dislffl·

355 2993 501 3060 baptizatos
510 2987 603 3039 mirari
615 3026 622 3051 ‚
630 2989 764 3054 justitiam
774 3005 837 3058 erga
850 2993 935 3057 apos,
970 2981 1067 3036 sillem
1078 2985 1241 3050 baptizatur,
1250 2987 1435 3038 characterem
1445 2985 1561 3052 quidem

354 3080 398 3148 qui
418 3081 493 3130 tanto
518 3078 613 3126 carent
640 3075 790 3140 beneficio,
820 3077 936 3132 adorare
970 3071 1213 3133 sacramentalem,
1238 3071 1272 3123 de
1293 3083 1348 3137 quc
1368 3075 1462 3136 Ρθῦῑθθ
1483 3071 1558 3126 dite·

354 3166 468 3230 opoppep
969 3167 1042 3216 mus,
1055 3154 1160 3220 recipit,
1171 3155 1221 3207 sed
1230 3155 1315 3222 gratia
1330 3169 1384 3221 qua
1397 3155 1491 3208 anima
1501 3159 1558 3212 bec

507 3243 775 3300 Antmwverstms,
970 3239 1005 3292 sit
1016 3253 1079 3293 cara
1090 3279 1097 3305 ‚
1110 3253 1213 3309 uacuus
1228 3246 1337 3304 manem
1349 3242 1434 3296 immo
1446 3243 1559 3296 sacrile-

384 3331 439 3383 ltd.
463 3329 560 3382 omnia
586 3344 649 3397 quae
668 3333 702 3384 ad
729 3335 935 3387 sacramentum
970 3324 1007 3390 gii
1026 3325 1141 3379 crimino
1160 3327 1348 3394 adstringitur.
1373 3329 1429 3381 lloc
1450 3334 1480 3381 ut
1501 3330 1558 3383 luat

352 3415 415 3471 Novi
442 3413 609 3470 Testamenti
629 3419 783 3472 necessaria
803 3426 881 3484 sunt,
907 3417 936 3473 iu
970 3409 1053 3462 debet
1071 3409 1139 3463 illud
1158 3412 1288 3478 deinceps
1308 3411 1433 3466 θθΰῖῑῑθῐῑ
1452 3418 1480 3467 02-
1498 3415 1559 3480 plo·

352 3498 487 3566 naplismo
507 3501 697 3566 reperiuntur,
715 3509 844 3556 externus
864 3503 936 3556 scili·
969 3505 1046 3557 rare,
1057 3493 1163 3548 Veniam
1174 3501 1201 3549 θῑ
1216 3497 1330 3562 timiam
1341 3497 1367 3550 11¹
1383 3500 1560 3552 saesaffleflm

351 3590 393 3639 cet
404 3582 491 3647 ritus,
502 3584 634 3639 divinitus
651 3586 807 3651 institutus,
819 3587 863 3640 cui
875 3601 937 3654 gra·
971 3577 1143 3633 Poessilenliae
1154 3581 1265 3634 landem
1277 3589 1450 3650 recepturus·

351 3670 386 3723 tia
405 3668 569 3723 adnectitur.
593 3673 648 3726 liae
668 3678 760 3725 tamen
784 3683 834 3724 suar
856 3674 936 3740 culpa

350 3753 489 3820 privatur,
508 3755 555 3830 qui
573 3756 678 3822 absque
693 3758 744 3810 tide
756 3763 783 3810 et
794 3758 889 3812 dolore
900 3758 936 3812 de
1183 3757 1287 3810 CAPUT
1305 3759 1347 3810 Ν.

350 3838 487 3904 peccatis,
514 3853 576 3893 oum
595 3841 658 3895 vitae
677 3855 755 3896 norae
776 3844 937 3909 proposito,

350 3925 555 3977 Sacramentum
573 3927 697 3992 suscipit.
717 3928 781 3981 ldeo
794 3933 937 3983 consuevit
1115 3938 1146 3978 bo
1163 3937 1264 3981 totonis
1280 3941 1409 3981 barrisno-

349 4006 378 4058 in
390 4007 475 4059 reteri
494 4010 615 4064 Ecclesia
631 4011 874 4066 Comebumeoolrta
886 4016 937 4066 ha·

349 4091 425 4143 beri:
436 4096 576 4150 candidati
587 4098 691 4152 scilicet
703 4113 752 4165 per
761 4107 869 4166 tempus
879 4101 937 4154 diu·
1005 4100 1061 4151 les.
1076 4100 1151 4154 Licet
1165 4100 1199 4153 de
1211 4098 1393 4153 sacramentis
1408 4109 1469 4164 quae
1482 4097 1561 4151 Chri-

349 4181 461 4229 turnum
482 4181 510 4232 in
536 4183 647 4249 pletatis
669 4185 804 4238 exercitiis
822 4199 938 4252 occupa·
971 4187 1030 4236 slus
1046 4185 1177 4238 bominus
1196 4184 1313 4246 instituit
1326 4184 1407 4238 nobis
1420 4183 1455 4235 sit
1472 4182 1560 4235 disse·

347 4261 938 4334 bantur,edocebanturmunerachristiana,
972 4269 1106 4336 rendum,
1128 4272 1162 4324 de
1182 4271 1319 4338 baptismo
1340 4281 1422 4336 quem
1438 4271 1560 4322 loannes

376 4519 404 4571 (l)
422 4519 498 4562 Utrum
510 4522 612 4575 physice,
627 4529 740 4576 nmquam
756 4523 792 4564 bei
809 4523 938 4565 instrumen-
972 4523 1031 4566 talra
1044 4519 1097 4576 fido,
1106 4525 1162 4566 inter
1175 4520 1296 4576 'theologos
1310 4525 1427 4576 quaeritura
1440 4536 1474 4566 m
1488 4530 1560 4568 tamen

348 4594 411 4640 tum,
428 4601 486 4641 equa
502 4592 603 4633 virtutem
616 4592 718 4634 abluendi
733 4592 828 4633 animam
844 4593 939 4643 lrabeat,
971 4593 1046 4634 eodem
1060 4593 1115 4633 redit
1127 4605 1132 4631 ι
1142 4597 1186 4632 tota
1195 4594 1253 4634 euim
1262 4593 1351 4635 rimosa
1361 4593 1404 4634 beo
1413 4593 1533 4636 derivatur.

350 4658 381 4698 uti
391 4658 491 4712 discipuli
501 4662 525 4703 S.
534 4659 620 4704 Thomna
629 4669 703 4705 tenent
710 4691 717 4714 ,
725 4663 758 4703 rel
767 4663 884 4703 moraliter
893 4667 940 4702 tan-
998 4661 1024 4714 (i)
1035 4662 1058 4702 L.
1068 4661 1094 4702 de
1105 4661 1223 4713 baptismo.

349 4733 404 4780 tum,
412 4735 519 4781 quatenus
532 4743 558 4772 et
566 4733 679 4775 occasione
691 4734 748 4774 Deus
756 4733 851 4774 animam
860 4731 938 4784 abluit,
