3792 5550
573 561 645 613 cle.
664 562 727 613 vlll.
747 562 789 613 ba
807 560 1202 613 Tuunsuasrutlrtxrtoua.
1451 566 1499 616 toa

273 674 388 740 pliciter
413 675 568 743 ostendunt
589 675 787 729 Eucharistiam
810 690 872 731 esse
905 674 1016 728 difficile
1037 675 1089 737 sit,
1109 682 1138 728 et
1157 675 1287 729 sensibus
1309 683 1336 729 et
1352 677 1452 731 rationi
1462 679 1501 731 ri·

271 774 383 835 corpus
395 766 423 815 et
432 761 593 827 sanguinem
602 760 748 824 Glrristi,et
757 762 873 827 proinde
905 761 1004 814 deutur
1029 762 1198 824 adversum,
1224 775 1279 815 uon
1307 764 1399 829 potuit
1424 764 1502 817 facile

273 846 490 899 conversionem
496 847 676 929 jllam‚qnant
687 847 875 900 transubstan·
906 846 1014 907 induci,
1036 852 1064 899 et
1077 848 1149 913 apud
1162 860 1260 901 omnes
1282 848 1418 901 obtinere.
1431 852 1513 917 Ergo>

277 930 425 983 tiationem
443 944 587 994 vocamus,
608 932 688 997 panis
717 932 819 984 etvini
846 932 873 983 iu
906 932 951 985 vel
967 931 1174 997 agnoscendum
1191 939 1234 985 est
1254 932 1322 985 illud
1337 946 1447 999 semper
1467 935 1501 986 ab
1540 943 1545 951 ·

270 1028 382 1080 corpus
408 1019 435 1068 et
463 1015 624 1081 sanguinem
652 1015 750 1069 Christi
773 1030 822 1081 pro
844 1030 874 1069 re
907 1016 976 1081 ipsis
995 1016 1136 1081 religionis
1150 1019 1306 1071 christianae
1329 1018 1449 1072 exordiis
1462 1020 1501 1073 ri·

271 1100 421 1166 explorata
435 1101 547 1153 babent,
907 1103 1015 1169 guisse‚
1027 1104 1071 1157 rel
1084 1104 1259 1159 indicandum
1272 1111 1314 1158 est
1326 1111 1435 1172 tempus
1446 1118 1502 1171 quo

313 1186 374 1255 221.
394 1186 532 1239 Probatur
548 1190 573 1255 d.
597 1189 756 1242 auttoritote
782 1189 875 1243 Cond-
907 1186 1025 1252 primum
1045 1191 1230 1255 excogitatum
1252 1197 1310 1253 est,
1328 1197 1356 1243 et
1378 1204 1434 1256 quo
1454 1204 1501 1243 au·

272 1271 393 1324 tiorum.
422 1272 580 1336 Quindecim
617 1273 737 1326 concilia
771 1275 873 1327 saculo
907 1280 993 1335 ctore,
1007 1272 1163 1339 quibusque
1175 1274 1307 1327 subsidiis
1319 1280 1500 1341 propagatum

274 1357 431 1411 undecimo
449 1358 540 1411 habita
561 1359 588 1409 in
616 1358 693 1411 ltalia
710 1364 736 1411 et
762 1359 873 1423 Galliis,
908 1363 935 1410 et
947 1357 1110 1411 stabilitum.
1123 1366 1250 1413 Attamen
1262 1374 1345 1414 nemo
1369 1362 1502 1413 hacteuus

280 1456 384 1511 magno
401 1456 537 1496 coriscusu
548 1444 767 1510 proscripserunt
775 1448 874 1497 Beren-
908 1444 967 1496 bac
985 1443 1058 1497 felici
1070 1458 1202 1498 successu
1215 1446 1350 1512 exposuit.
1371 1448 1503 1498 l‘raeterea

274 1532 875 1597 ¹garlisententiamtransubstantiationiad-
908 1542 993 1593 quum
1007 1530 1178 1583 Eucharistia
1200 1531 1336 1596 pertineat
1358 1532 1393 1583 ad
1411 1530 1502 1597 publi·

279 1631 409 1680 uersam,
423 1631 504 1683 quam
520 1619 626 1683 eiurare
643 1617 735 1670 verbis
759 1617 890 1680 maxime¹
908 1626 971 1665 oum
991 1614 1114 1678 cultum,
1136 1621 1164 1668 et
1184 1616 1345 1681 quotidiana
1371 1615 1501 1668 christia·

278 1701 438 1766 perspicuis
452 1708 563 1754 coactus
580 1707 631 1753 est.
647 1701 797 1753 Concilium
809 1714 874 1754 vero
908 1711 1007 1751 norum
1024 1714 1158 1765 munera,
1172 1714 1228 1753 non
1246 1706 1355 1767 poterat
1373 1712 1444 1754 noua
1467 1700 1503 1752 de

276 1788 467 1839 baterancnse
487 1799 559 1839 anno
573 1786 653 1849 lala,
668 1787 710 1838 oui
724 1787 819 1839 aderat
829 1798 876 1851 pa·
909 1785 969 1849 ejus
994 1790 1089 1837 natura
1113 1785 1249 1837 sententia
1272 1785 1406 1851 proponi,
1433 1786 1500 1851 quin

273 1870 409 1923 triarchae
431 1870 516 1923 Graeci
542 1870 716 1923 Alexandrini
738 1873 875 1939 legatus,
909 1879 1007 1921 omnes
1016 1867 1107 1921 statim
1115 1868 1143 1920 id
1153 1869 1410 1923 animadverterent.
1420 1872 1503 1923 l‘orro

272 1963 306 2009 et
323 1958 421 2023 plures
441 1956 567 2021 Episcopi
586 1970 618 2009 ex
631 1956 732 2009 Graecia
745 1962 772 2010 et
795 1957 876 2009 Palae-
909 1952 982 2005 idem
1002 1952 1087 2019 viguit
1102 1954 1207 2015 cullius,
1226 1953 1355 2018 idemque
1376 1954 1499 2018 agnitum

271 2044 364 2106 stine,
376 2056 485 2097 summo
497 2043 619 2097 omnium
627 2056 780 2107 consensu,
793 2042 875 2096 fidem
910 2044 953 2091 est
970 2038 1069 2104 dogma
1085 2052 1100 2091 a
1119 2039 1219 2092 Graecis
1231 2044 1259 2091 et
1275 2039 1359 2091 sectis
1373 2038 1502 2091 omnibus

271 2130 315 2183 de
342 2129 514 2181 Eucharistia
533 2129 567 2182 iis
588 2128 680 2182 verbis
706 2129 873 2191 declararit:
909 2124 1102 2190 Orientalibus,
1115 2130 1174 2178 tum
1186 2125 1502 2185 saculodecimosexto,

283 2234 295 2257 «
314 2216 373 2267 Una
400 2227 465 2267 vero
493 2220 535 2266 est
563 2213 684 2266 fidelium
711 2214 874 2267 universalis
909 2209 1502 2270 tumsaeculodeetmcterrimotundeeimo,

275 2299 425 2364 Ecclesia,
444 2307 519 2353 extra
539 2313 620 2365 quam
646 2301 738 2352 nullus
760 2300 874 2353 omnino
908 2294 1015 2347 accde
1039 2307 1073 2347 eo
1094 2295 1149 2347 ulla
1168 2300 1231 2347 orta
1253 2299 1296 2347 est
1315 2294 1502 2348 controversia

273 2385 406 2438 :salvatur
422 2400 428 2435 ;
443 2384 472 2435 in
489 2398 542 2450 qua
561 2385 635 2437 idem
661 2385 721 2450 ipse
745 2385 875 2437 sacerdos
909 2378 980 2431 inter
1000 2380 1132 2432 sectarios
1159 2379 1223 2432 illos
1247 2385 1275 2431 el
1297 2379 1424 2441 Latin083
1451 2391 1503 2431 ileo

274 2476 309 2522 et
328 2470 493 2524 sacrificium
515 2473 596 2524 lesus
621 2471 763 2535 Christus,
797 2472 875 2537 cujus
909 2463 1023 2529 originis
1043 2463 1180 2530 dogmatis
1208 2469 1272 2528 post
1306 2464 1499 2529 Apostolorum

272 2560 384 2621 corpus
402 2562 429 2609 et
445 2558 558 2623 sanguis
571 2556 599 2607 in
619 2558 795 2609 sacramento
812 2556 877 2607 alta·
908 2555 1033 2613 tempora
1043 2548 1129 2599 ullum
1143 2548 1261 2601 occurrii
1274 2547 1345 2612 apud
1358 2560 1407 2599 eos
1421 2548 1502 2600 vesti-

275 2639 319 2692 ·ris
340 2640 394 2693 sub
412 2641 555 2705 speciebus
577 2641 655 2705 panis
679 2647 706 2692 et
731 2639 786 2692 vini
799 2653 876 2693 vera·
910 2632 995 2699 gium.
1010 2635 1080 2698 Ergo
1097 2632 1164 2684 illud
1186 2633 1221 2684 ab
1234 2632 1295 2697 ipso
1312 2634 1503 2697 Apostolorum

272 2725 351 2779 citer
363 2724 797 2788 continetur,transubstantiatis
808 2738 877 2790 pane
910 2730 968 2771 aevo
999 2717 1128 2770 traditum
1152 2718 1357 2785 agnoscendum
1385 2723 1449 2782 est,
1476 2724 1503 2771 el

282 2812 310 2866 in
322 2824 443 2880 corpus,
461 2818 489 2865 et
506 2812 570 2866 vino
591 2813 619 2865 in
646 2811 808 2878 sanguinem
826 2823 877 2878 po·
909 2804 1026 2870 proinde
1041 2805 1141 2872 dogma
1162 2805 1286 2858 divinum
1299 2806 1467 2859 babendum.

278 2903 383 2950 testate
396 2897 498 2951 divina.
514 2919 527 2944 »
1043 2890 1207 2959 objectiones
1217 2891 1374 2945 diluantur.

316 2982 375 3033 222.
394 2982 563 3035 Probaturt.
578 2996 613 3036 ex
630 2981 773 3048 liturgiis.
788 2981 875 3035 bitur·
941 2979 1001 3030 224.
1022 2977 1081 3045 otj.
1102 2982 1126 3031 l.
1151 2980 1239 3034 verba
1259 2980 1357 3032 cirristi
1379 2992 1435 3032 non
1461 2993 1506 3032 ex·

279 3065 336 3130 gire
353 3079 451 3120 omnes
473 3068 663 3122 vetustissimae
682 3066 823 3120 continent
837 3067 876 3118 in·
908 3065 1024 3118 cludunt
1035 3079 1134 3131 panem
1147 3071 1174 3119 et
1185 3066 1297 3119 uuum:
1312 3079 1374 3131 quae
1387 3066 1503 3130 proinde

279 3154 454 3207 uocationem
468 3154 584 3219 spiritus
603 3153 705 3214 sancti,
729 3159 759 3204 ut
778 3151 876 3204 efficiat
910 3150 1502 3216 manerecensendasunt,quumvideantur

283 3249 383 3300 panem
398 3243 424 3290 et
441 3238 535 3291 vinum
552 3250 652 3302 corpus
669 3242 695 3288 et
714 3236 875 3302 sanguinem
910 3238 937 3285 et
956 3239 1110 3299 gustentur.
1131 3236 1175 3287 Sic
1196 3236 1220 3286 si
1239 3238 1317 3300 quis,
1330 3235 1405 3290 dolio
1428 3235 1505 3287 exbi-

277 3322 402 3386 dbristi,
424 3329 451 3375 et
476 3320 637 3374 substantiae
667 3317 875 3370 conversionem
910 3316 982 3378 bito,
995 3317 1094 3370 dixerit
1107 3339 1113 3367 ι
1131 3319 1184 3370 boc
1195 3324 1238 3370 est
1249 3318 1342 3369 uinum
1353 3333 1360 3377 ;
1372 3330 1428 3369 non
1441 3318 1504 3370 ideo

277 3403 877 3471 uocibusvariissignificant-pcataxm-
910 3401 1014 3454 dolium
1036 3402 1074 3454 ibi
1095 3415 1206 3469 quoque
1222 3415 1285 3454 esse
1307 3415 1424 3468 negasse
1441 3415 1504 3454 cen·

275 3497 512 3556 ‚pirameo-et
525 3490 560 3542 de
572 3500 686 3554 corpore
702 3493 730 3541 et
743 3487 876 3554 sanguine
910 3486 1023 3540 sebitur.
1404 3531 1407 3536 .

283 3577 367 3630 veluti
382 3578 411 3627 ln
429 3573 505 3628 altari
524 3573 638 3640 positis,
653 3579 680 3625 et
694 3586 741 3626 ore
754 3572 875 3626 fidelium
942 3574 1001 3626 225.
1021 3575 1101 3639 Κεφ.
1120 3575 1207 3628 Verba
1226 3575 1326 3628 christi
1343 3573 1505 3641 simpliciter

285 3660 402 3726 sumptis
421 3659 578 3724 loquuntur.
593 3660 663 3724 Ergo
684 3659 784 3726 dogma
802 3663 875 3710 trun·
909 3663 936 3712 et
949 3659 1075 3713 absolute
1085 3660 1226 3714 declarant
1243 3661 1318 3726 quod
1331 3660 1407 3712 dedit
1432 3663 1504 3726 Apo-

278 3744 520 3798 uubstetrtiuttonts
532 3743 558 3795 in
581 3744 654 3796 cultu
667 3744 778 3809 publico
799 3744 874 3798 orbis
909 3746 988 3799 stolis
1004 3759 1105 3813 corpus
1126 3748 1185 3815 ejus
1206 3751 1235 3800 et
1248 3745 1411 3813 sanguinem
1428 3757 1501 3798 esse.

283 3830 425 3884 christiani
444 3843 553 3895 semper
570 3835 612 3881 est
625 3829 775 3895 agnitum.¹
908 3833 945 3884 lte
962 3843 1033 3896 pane
1054 3839 1082 3884 et
1100 3831 1164 3886 vino
1185 3831 1224 3884 nil
1244 3831 1325 3893 dixit;
1349 3831 1399 3884 sed
1418 3844 1503 3896 quum

317 3917 376 3970 225.
395 3917 532 3970 Probatur
544 3920 569 3968 5.
580 3920 739 3983 argumento
751 3916 876 3980 presert-
908 3916 1007 3969 dixerit
1015 3917 1081 3969 illud
1094 3918 1169 3982 quod
1180 3918 1307 3969 uranibus
1320 3917 1431 3968 tenebat
1440 3929 1503 3968 esse

279 4003 395 4063 ationis.
415 4005 472 4066 Quo
488 4009 611 4066 tempore
633 4007 710 4053 ortus
724 4006 766 4053 cst
784 4000 874 4052 carlo·
908 4014 1009 4067 corpus
1028 4017 1109 4055 suum
1123 4008 1150 4055 et
1166 4002 1339 4068 sanguinem,
1360 4013 1416 4054 non
1439 4001 1503 4054 licet

288 4089 411 4154 stadius,
440 4086 739 4141 transubstantiationis
774 4085 873 4151 dogma
908 4086 981 4137 aliud
995 4086 1030 4138 de
1049 4099 1083 4139 eo
1101 4086 1236 4138 credere:
1258 4099 1310 4140 neo
1328 4085 1402 4138 enim
1420 4087 1503 4138 verba

282 4173 386 4241 ubique
412 4174 529 4228 obtinuit
559 4188 566 4223 z
592 4173 666 4224 idem
691 4172 726 4224 de
750 4176 873 4235 tempore
907 4172 967 4238 eius
979 4183 1042 4224 vera
1055 4170 1153 4234 iurent,
1165 4176 1246 4236 prout
1261 4169 1412 4232 sonant‚si
1422 4171 1503 4234 panis

282 4259 437 4329 berengarii
449 4299 457 4324 ,
470 4261 571 4313 saeculo
585 4257 691 4311 scilicet
706 4255 852 4308 undecimo
865 4293 873 4319 ,
907 4255 1036 4308 etvinum
1054 4255 1192 4308 adessent.
1203 4253 1440 4317 Quandodioitur:
1452 4255 1501 4308 boe

280 4341 431 4400 dicendum
455 4351 506 4398 est.
536 4345 624 4406 Quum
645 4347 736 4396 autem
756 4341 873 4393 maxime
906 4339 1276 4402 erluinum‚dedolionon
1293 4338 1504 4405 agitur,sedde

314 4585 363 4638 (lle
381 4590 399 4631 lt
420 4600 510 4648 appears
528 4588 584 4628 irom
602 4589 642 4628 llr.
655 4588 758 4628 Palmer'a
775 4585 874 4628 raluable
908 4583 1063 4636 tainaprager
1078 4582 1314 4624 oicomecrationtbat
1330 4583 1376 4624 God
1387 4583 1503 4625 rillmate

284 4657 358 4709 ¹aroris,
367 4661 412 4700 tbst
421 4660 449 4700 all
463 4661 499 4700 the
509 4659 593 4700 ancient
604 4657 712 4710 biturgiee
721 4668 768 4698 nort
776 4656 875 4709 exituum,
908 4652 944 4693 tbe
951 4653 1016 4694 breed
1024 4653 1068 4694 and
1076 4652 1175 4694 'inethe
1183 4651 1241 4705 liudp
1251 4652 1293 4692 and
1304 4651 1368 4693 blood
1376 4652 1402 4692 oi
1408 4653 1502 4694 ebriet.»

285 4732 316 4762 <tr
324 4727 391 4769 which
401 4740 440 4770 ean
449 4729 476 4770 be
485 4728 565 4781 proved
573 4738 623 4769 ever
631 4733 653 4768 to
666 4727 720 4768 bare
738 4725 816 4768 existed
825 4737 876 4766 con·
908 4723 987 4765 oxtord
997 4723 1087 4774 Tracta,
1097 4724 1122 4764 N.
1136 4729 1157 4763 a.
