3792 5550
504 571 573 622 ola.
592 571 654 624 xiil.
674 574 715 624 hh
733 572 943 628 COMMUNIONE
961 574 1022 626 SUB
1040 572 1191 638 urbique
1209 575 1332 626 SPECIE.
1469 578 1514 626 lii

312 687 352 734 tur
368 682 501 752 theologi,
515 699 606 752 neque
623 687 695 740 enirn
717 701 781 742 caro
799 690 857 758 eius
877 701 892 743 a
926 702 1033 745 merum
1055 688 1190 743 idolorum
1211 694 1385 757 gustaverat,
1404 696 1517 743 amatre

311 772 438 835 sangnine
457 777 581 837 separata
599 779 649 827 est.
669 774 711 822 »⁴
927 775 962 828 ad
985 774 1132 828 Ecclesiam
1148 774 1237 828 delata
1261 779 1333 828 esset
1355 775 1388 828 ad
1408 788 1515 828 sacrum

339 857 395 908 ltlti.
408 857 547 912 Probatur
563 862 588 912 5.
603 867 763 930 argumento
780 863 893 929 pontino
926 859 1077 912 bibendum
1094 861 1256 927 sanguinem
1269 873 1276 910 ε
1289 879 1302 906 u
1317 859 1365 912 tlbi
1375 872 1458 924 vero,
1472 872 1518 914 so-

309 953 341 992 on
352 941 507 1008 scriptoris.
520 945 644 1000 christus
663 947 728 1001 dicit
743 963 774 998 :a
795 948 822 1000 Si
831 948 893 1014 quis
927 944 1064 996 lemnibus
1077 944 1248 1010 adimpletis,
1262 943 1374 997 calicem
1384 943 1517 997 diaconus

310 1025 508 1082 manducaverit
530 1042 563 1082 ex
583 1031 637 1084 hoc
660 1045 749 1097 pane,
764 1033 848 1087 nivet
865 1032 892 1085 in
927 1028 1026 1082 offerre
1052 1029 1234 1094 praesentibus
1263 1029 1364 1096 coepit,
1386 1034 1414 1082 et
1446 1029 1516 1082 acci·

310 1116 436 1164 aeternum
461 1117 509 1166 :et
532 1115 611 1180 panis
629 1129 711 1181 quem
729 1129 780 1183 ego
801 1117 892 1182 daho,
926 1113 1064 1179 pientibus
1088 1114 1194 1167 caeteris
1218 1115 1295 1168 locus
1310 1115 1369 1180 ejus
1389 1114 1499 1167 advenit
1508 1129 1519 1175 ;-

309 1207 439 1250 caromea
453 1203 495 1251 est
513 1205 562 1264 pro
581 1200 780 1255 mundivita..
811 1241 818 1254 .
848 1241 854 1254 .
883 1239 890 1254 .
925 1198 1022 1252 taciem
1039 1211 1118 1252 snam
1142 1200 1254 1265 parvula
1269 1199 1401 1253 instinctu
1417 1199 1517 1253 divinoe

309 1280 355 1342 eri
367 1282 514 1336 manducat
527 1297 590 1348 me,
611 1290 638 1338 et
658 1285 717 1351 ipse
737 1286 808 1340 vivet
830 1300 891 1352 pro·
925 1283 1076 1351 majestatis
1097 1289 1283 1348 avertere,os
1295 1283 1374 1337 labiis
1388 1284 1517 1338 obturan-

309 1369 365 1428 pter
388 1380 443 1419 me.
489 1405 495 1418 .
539 1407 545 1420 .
588 1407 594 1420 .
631 1407 638 1422 .
673 1371 722 1434 Qui
747 1371 893 1424 manducat
926 1369 1000 1423 tibus
1016 1371 1286 1436 premere,calicem
1302 1371 1517 1423 recusare.Per·

308 1449 377 1503 hunc
400 1464 512 1517 panem,
535 1452 607 1507 vivet
632 1453 659 1506 in
677 1461 819 1508 aeternnm.
843 1476 856 1502 ι»
881 1455 893 1490 ¹
926 1456 997 1508 stitit
1024 1460 1115 1510 tamen
1140 1456 1291 1520 diaconus,
1310 1461 1345 1508 et
1374 1454 1516 1508 reluctanti

307 1534 363 1593 vita
387 1542 490 1591 aeterna
522 1538 689 1604 promittitur
717 1541 894 1593 manducanti
926 1541 990 1594 licet
1013 1541 1048 1594 de
1074 1544 1249 1594 sacramento
1278 1540 1373 1595 calicis
1407 1539 1515 1592 inludit.

301 1622 511 1686 punemillum,
530 1635 638 1677 carnem
666 1623 893 1688 sollicettlhristi,
927 1623 1003 1678 Tunc
1026 1627 1150 1691 sequitur
1174 1627 1309 1694 singultus
1334 1630 1362 1679 et
1386 1624 1515 1679 vomitus.

307 1711 333 1758 et
343 1707 389 1772 qui
403 1720 465 1760 curn
478 1708 571 1772 sumit,
582 1709 748 1761 manducare
757 1711 894 1763 Christum
927 1711 958 1761 ln
976 1722 1090 1776 corpore
1102 1715 1184 1776 atque
1201 1723 1248 1764 ore
1267 1711 1370 1765 uiolato
1390 1710 1518 1764 Euchari-

305 1783 419 1856 dicitur,
451 1799 539 1847 totum
566 1799 593 1848 et
622 1795 774 1862 integrum,
795 1809 894 1863 corpus
927 1795 979 1860 stia
993 1807 1155 1860 permanere
1174 1807 1230 1848 nou
1250 1795 1348 1860 potuit.
1363 1793 1518 1847 Sanctifica-

267 1895 269 1897 ·
305 1877 400 1942 utiquc
421 1883 448 1930 ct
468 1878 639 1945 sangninem.
661 1883 731 1948 Ergo
753 1894 808 1934 non
823 1887 895 1936 extat
927 1884 972 1932 tus
985 1879 1013 1931 in
1033 1879 1139 1933 homiui
1156 1879 1289 1946 sanguine
1301 1884 1393 1946 potus,
1411 1880 1446 1932 de
1459 1879 1518 1946 pol-

303 1967 471 2028 praeoeptnm
484 1963 621 2029 divinum,
636 1965 679 2019 vcl
690 1966 786 2020 salutis
798 1980 893 2022 neces·
927 1965 992 2019 lutis
1010 1964 1161 2019 visceribus
1189 1965 1278 2031 erupit
1297 1968 1392 2016 :tauta
1411 1969 1452 2017 est
1471 1977 1518 2030 po·

304 2045 384 2110 sitas,
401 2053 431 2100 ut
453 2060 550 2102 omnes
568 2045 681 2104 alteram
705 2057 814 2106 sumant
832 2066 893 2119 spe·
926 2055 1011 2104 testas
1023 2049 1145 2113 Domini,
1157 2054 1231 2102 tanta
1249 2051 1394 2116 majestas!
1413 2050 1451 2098 »⁶

306 2129 385 2183 ciem.
958 2137 1018 2189 toa.
1038 2136 1131 2189 Pueris
1143 2136 1337 2199 innocentibus
1357 2135 1430 2202 apud
1448 2137 1518 2190 Grae

335 2218 395 2270 ltl'l.
410 2207 629 2274 motatorem
645 2224 829 2279 valentissimo
841 2225 893 2280 lic-
926 2236 975 2278 cos
993 2223 1133 2290 particulae
1151 2223 1288 2277 dabantur
1303 2223 1515 2286 manducandae,

304 2302 392 2356 ctesioe
404 2307 605 2361 consuetudine.
618 2309 730 2364 constat
742 2312 893 2378 saepissime
926 2311 1036 2375 quoties
1048 2323 1146 2374 magna
1159 2323 1253 2363 earum
1265 2309 1344 2375 copia
1357 2315 1516 2376 supererat:

306 2385 438 2450 privatam
455 2392 675 2446 communionem
695 2395 747 2448 sub
765 2397 893 2451 alterutra
929 2415 941 2441 α
961 2395 1132 2450 consuetudo
1156 2396 1272 2448 arnulto
1287 2399 1411 2459 tempore
1431 2393 1517 2460 impe-
1551 2424 1554 2430 ·

304 2473 394 2537 specie
410 2474 627 2531 administratam
646 2478 739 2534 luisse.
759 2481 893 2536 Eusebius
927 2481 997 2534 ranti
1010 2480 1074 2533 Urbi
1088 2480 1139 2532 luit
1150 2516 1158 2543 ,
1168 2484 1198 2531 ut
1212 2492 1297 2544 quum
1313 2478 1468 2542 plusculum
1482 2478 1517 2530 de

303 2565 411 2621 narrat,
429 2573 461 2612 ex
474 2561 602 2629 Dionysio
621 2564 822 2632 Alexandrino,
836 2582 896 2634 pra·
927 2565 1052 2632 partibus
1075 2564 1242 2617 immaculati
1265 2561 1404 2627 divinique
1423 2574 1517 2626 corpo·

304 2643 445 2708 sbyterum
460 2653 592 2712 aegrotum
609 2649 719 2718 misisse
732 2665 847 2717 puerum
860 2654 894 2706 ad
928 2650 966 2702 ris
981 2649 1129 2704 hominist
1148 2648 1194 2702 liei
1208 2652 1236 2702 et
1255 2646 1407 2702 servatoris
1429 2647 1517 2700 nostri

304 2728 482 2795 Serapionem
492 2732 896 2805 moribundumctJussisseut
927 2737 994 2790 Jesn
1007 2735 1106 2791 Christi
1126 2735 1261 2803 reliquum
1285 2737 1374 2797 esset,
1392 2731 1518 2787 sacerdo-

302 2814 465 2887 particulam
475 2830 559 2871 sacrae
570 2820 666 2875 hostiae
675 2824 893 2879 madefactam·
927 2827 970 2877 tes
985 2835 1087 2890 pueros
1107 2823 1281 2889 incorruptos
1321 2848 1354 2859 —
1375 2824 1523 2890 optutu-

303 2906 380 2969 eparci
394 2912 434 2955 rur
450 2906 595 2975 cenapium
611 2906 715 2981 iriam
735 2934 762 2961 a·
781 2919 893 2983 satrapa
927 2922 960 2962 en
981 2908 1022 2961 eis
1043 2908 1089 2976 qui
1113 2908 1147 2961 ad
1165 2913 1350 2975 praeceptores
1373 2906 1401 2959 in
1421 2906 1517 2959 ludum

303 2988 428 3059 exceptas
436 2994 650 3047 staticus-seni
662 2995 689 3049 in
700 3010 732 3051 os
740 2998 892 3066 instillaret,
926 2994 1087 3049 litteralium
1110 3000 1194 3059 eunt,
1213 2997 1399 3058 accerserent·
1417 2993 1464 3059 (lui
1479 2994 1518 3059 l'&

304 3087 357 3138 qna
382 3076 427 3129 illc
448 3078 578 3143 paulatim
610 3081 738 3147 absorpta
763 3084 893 3139 continuo
923 3080 983 3146 iuni
1003 3080 1131 3146 reliquias
1149 3093 1196 3133 eas
1211 3080 1333 3133 ederem-
1346 3077 1384 3125 ”⁷

304 3160 439 3216 exhalarit
475 3164 604 3215 animam.
632 3164 643 3197 ³
671 3167 697 3216 s.
733 3168 894 3221 Ambrosius
962 3164 1020 3215 ilo.
1038 3164 1237 3216 persecutionis
1263 3161 1408 3215 occasione
1428 3161 1515 3214 lideli-
1542 3178 1544 3182 ·

304 3246 486 3300 moribundus
500 3260 600 3323 corpus
620 3247 727 3299 bomini
746 3251 894 3315 suscepita
927 3247 981 3298 bus
1003 3246 1211 3312 permittebatur
1233 3250 1263 3297 ut
1279 3245 1382 3298 hostias
1400 3258 1462 3297 arca
1477 3245 1517 3297 in·

304 3332 330 3383 S.
344 3334 495 3396 Honorabo,
510 3332 656 3398 statimque
667 3334 794 3387 decessit.
810 3336 895 3389 Graeci
928 3332 1020 3383 clusas
1044 3332 1157 3384 domum
1177 3344 1271 3385 secum
1290 3330 1442 3395 deferrent,
1460 3344 1519 3385 eas·

303 3417 394 3471 adhuc
420 3418 609 3472 tantummodo
633 3431 724 3473 sacras
749 3422 895 3487 particulas
929 3430 984 3483 que
1014 3416 1072 3470 suis
1092 3417 1219 3470 manibus
1240 3416 1411 3483 reciperent,
1431 3430 1519 3471 sacer·

303 3503 369 3556 rino
394 3503 533 3556 communi
554 3504 728 3573 humectant.
748 3512 893 3575 antequam
928 3502 1001 3557 dotis
1026 3501 1124 3569 copia,
1151 3502 1197 3569 qni
1219 3501 1440 3557 communionem
1463 3503 1518 3556 illis

303 3602 352 3642 eas
364 3589 562 3655 aegrotantibus
575 3591 649 3645 dent.
668 3591 680 3626 ⁶
927 3588 1077 3655 praeberet,
1090 3588 1163 3641 haud
1176 3592 1348 3655 suppetente.
1360 3588 1517 3643 Tertulliani

350 3676 410 3728 l08.
432 3675 583 3731 lulantibus
612 3678 703 3732 statim
722 3685 785 3745 post
805 3680 893 3746 Bapti·
926 3676 1010 3730 verba
1042 3676 1099 3742 jam
1126 3675 1269 3731 citavimus
1296 3675 1331 3729 de
1364 3690 1434 3743 pane
1454 3683 1517 3730 ante

304 3760 511 3815 smumsolebat
522 3762 625 3828 guttula
634 3764 775 3831 sanguinis
782 3764 892 3830 pretiosi
927 3775 1036 3817 ornnem
1054 3762 1145 3817 cibum
1163 3763 1309 3830 gustando.
1326 3765 1353 3814 S.
1367 3764 1517 3830 Cyprianus

303 3846 482 3910 infundi‚uti
496 3848 585 3902 adhuc
606 3848 636 3901 ht
657 3850 728 3915 apud
748 3852 893 3919 Graecos.³
927 3847 1048 3903 dicht«
1068 3851 1134 3902 curn
1154 3849 1280 3914 quaedam
1306 3861 1396 3902 arcam
1419 3861 1516 3911 suam,

303 3930 564 3986 lliraculnmnarrat
574 3934 722 4000 cyprianus
734 3934 892 4001 contigisse,
927 3932 956 3986 in
974 3946 1028 3999 qua
1047 3930 1152 3986 bomini
1168 3934 1298 3984 sanctum
1310 3931 1375 3996 fuit,
1390 3931 1517 3986 manibus

304 4018 416 4093 quando
444 4018 552 4083 puella,
582 4030 643 4086 quae
667 4018 739 4085 apud
761 4018 893 4071 nutricem
929 4016 1050 4085 indignis
1077 4021 1210 4069 tentasset
1229 4014 1351 4081 aperire,
1368 4014 1431 4081 igue
1453 4014 1517 4069 inde

329 4286 357 4341 lt)
375 4286 468 4340 Syenem.
476 4286 578 4339 Theolog.
592 4298 615 4339 p.
624 4290 668 4345 ato.
927 4294 951 4325 ex
960 4283 1084 4336 narratione
1093 4283 1174 4337 liqueat
1187 4283 1293 4335 liquorem
1302 4291 1315 4321 a
1324 4291 1392 4333 puero
1405 4291 1448 4322 nou
1463 4282 1521 4325 allu-

329 4356 360 4408 (1)
378 4357 441 4397 loun.
449 4356 478 4397 ri.
488 4362 520 4397 tia.
926 4359 983 4406 tum,
995 4352 1032 4395 eed
1042 4352 1099 4406 apud
1115 4364 1189 4394 cenem
1201 4356 1310 4405 repertum
1319 4354 1355 4401 ,at
1369 4349 1460 4403 proinde
1473 4363 1516 4393 uon

329 4424 356 4476 (a)
373 4424 470 4477 carpunt
489 4424 636 4478 protestantici
657 4420 756 4465 nonnulli
777 4420 893 4476 scriptores
927 4423 1058 4463 eeeeviuum
1066 4427 1224 4463 enumeratum.

302 4493 414 4535 valesium
429 4495 488 4545 qnod
503 4494 631 4547 particulam
644 4503 701 4546 aqua
716 4490 828 4532 intinctam
838 4491 895 4532 affir-
954 4493 980 4543 (t)
997 4492 1049 4533 vioe
1057 4490 1121 4533 Gour.
1130 4490 1152 4530 in
1161 4489 1219 4531 uotis
1228 4488 1257 4529 ad
1265 4488 1430 4541 Euchologium.

303 4564 394 4604 marcuit
403 4575 409 4602 r
419 4564 456 4605 sed
466 4574 513 4605 eam
527 4575 574 4605 eece
589 4563 632 4605 rim
642 4562 701 4604 uocis
710 4572 735 4603 ex
747 4572 773 4601 eo
782 4560 835 4603 eatis
845 4572 895 4601 con·
951 4563 979 4615 tu)
996 4562 1148 4604 Videheoueur
1166 4559 1268 4601 hiletiuur
1285 4560 1308 4600 in
1316 4560 1389 4601 adnot.
1402 4560 1429 4602 dc
1438 4572 1517 4602 comm.

303 4635 347 4672 etat
357 4632 414 4683 qnod
427 4623 564 4685 ἂποβμιγμω
577 4642 638 4685 aquo
647 4632 742 4673 dilutum
751 4632 866 4686 significet,
874 4638 895 4673 et
934 4632 1050 4677 Orientali.

303 4690 379 4751 θνα*
392 4700 418 4743 ad
431 4701 526 4754 pluriam
543 4701 661 4742 referatur:
671 4706 771 4743 ceterum
788 4713 826 4743 eeu
845 4700 895 4743 vino
946 4702 973 4755 (oi
982 4701 1043 4743 L.de
1052 4701 1136 4756 Lapeie.

305 4778 344 4809 een
355 4779 411 4823 aqua
429 4770 542 4811 intinctum
552 4770 684 4823 intelligutur
691 4800 698 4825 ,
706 4770 762 4813 idem
771 4776 804 4813 eet
811 4800 817 4824 ‚
825 4782 894 4824 quum
952 4771 980 4826 (η
995 4770 1056 4824 Apud
1065 4771 1208 4825 Nicephorum
1223 4769 1274 4810 hist.
1284 4768 1341 4809 Eccl.
1348 4768 1363 4808 l.
1372 4767 1443 4810 urii.c
1457 4778 1503 4806 rur.
