3792 5550
648 558 717 609 CAP.
737 560 791 610 illl.
810 560 852 611 DE
870 559 976 612 sache
991 560 1178 612 officialia.
1202 576 1206 581 ’
1468 564 1527 615 353

301 672 502 727 Eliberitanum
511 674 673 735 concilium,
686 682 783 741 quarte
792 677 894 730 saecule
930 676 1033 729 dictum
1045 680 1109 728 sunt
1121 662 1239 728 ordinati
1251 714 1258 738 ,
1271 678 1313 730 vel
1327 677 1354 729 in
1369 676 1522 731 ministerio

302 761 417 813 ineunte
437 760 577 823 habitum,
596 760 637 813 sic
656 760 795 814 decrevit:
808 780 824 809 e
836 764 897 813 Pla·
930 762 1002 814 filios
1017 768 1185 828 genuerunt,
1200 775 1235 813 ne
1246 762 1280 813 ad
1293 764 1411 829 majores
1421 763 1522 829 gradus

300 846 361 899 cuit
384 848 413 897 in
443 850 530 898 totum
564 845 703 910 prohiberi
738 846 897 913 Episcopis,
930 848 1061 899 ordinum
1073 840 1273 911 permittantur,
1287 848 1389 913 synodi
1402 848 1523 901 decrevit

219 923 222 927 ’
303 930 493 1007 presbyteris,
514 931 677 985 diaconibus
698 937 726 985 et
751 933 897 987 subdiaoo-
930 934 1133 987 aucteritas.»⁴

305 1017 389 1069 nibus
401 1015 499 1082 positis
518 1016 546 1067 in
567 1016 740 1081 ministerio,
760 1019 899 1073 abstinere
965 1023 1028 1073 llaec
1057 1020 1241 1073 conciliorum
1273 1020 1383 1072 decreta
1410 1021 1524 1073 manile-

305 1117 337 1157 sc
351 1102 540 1169 aeenjugibus
560 1101 618 1154 suis
629 1140 637 1165 ,
650 1108 677 1155 et
693 1115 749 1156 nen
768 1116 900 1169 generare
933 1110 1006 1157 stum
1028 1105 1145 1165 iaciunt,
1162 1106 1251 1172 legem
1269 1106 1414 1158 coelihatus
1426 1112 1525 1171 quarte

306 1189 380 1242 tilios
394 1204 402 1239 a
416 1189 584 1255 quicumque
602 1203 666 1243 vero
680 1190 789 1254 iecerit,
801 1191 835 1244 ab
850 1192 899 1245 he·
933 1192 1035 1243 saecule
1056 1204 1154 1257 magna
1172 1205 1235 1245 cum
1245 1192 1420 1245 solicitudine
1430 1205 1445 1244 a
1455 1195 1526 1244 Prae-

243 1307 245 1315 ,
306 1286 376 1329 nore
395 1274 548 1327 clericatus
569 1275 815 1329 exterminatore*
841 1278 901 1329 Pro·
934 1277 1041 1329 solibus
1060 1277 1189 1329 Ecclesiae
1209 1278 1363 1330 executioni
1377 1278 1528 1329 demanda-

306 1358 472 1412 hibitienem
497 1360 567 1413 hane
585 1367 678 1413 vetere
692 1362 837 1427 disciplina
859 1363 901 1414 ni·
935 1368 1006 1425 tam,
1027 1362 1210 1415 severissimis
1228 1362 1342 1428 adjectis
1363 1363 1474 1427 poenis,
1499 1369 1526 1415 et

307 1458 371 1497 xam
384 1457 447 1497 esse
460 1451 568 1499 constat
586 1460 618 1499 ex
639 1446 699 1499 aliis
723 1460 784 1513 quae
803 1448 900 1501 damus
934 1460 995 1500 eam
1010 1448 1044 1499 ab
1060 1448 1119 1512 ipsa
1133 1447 1295 1513 antiquitate
1314 1454 1448 1500 servatam
1461 1461 1529 1513 prae·

307 1533 495 1587 documentis.
935 1532 1031 1596 dicari,
1044 1532 1100 1585 imo
1110 1534 1145 1584 ab
1155 1533 1292 1599 apostolis
1304 1534 1442 1597 traditam,
1455 1536 1529 1586 Chri·

344 1621 404 1673 905.
435 1620 588 1673 Concilium
624 1613 837 1687 carthaginense
868 1621 901 1673 ll.
936 1618 1172 1683 steipsevelente
1190 1625 1266 1672 tante
1282 1621 1528 1675 deceresuamor-

310 1718 386 1761 anno
408 1707 459 1758 590
481 1706 592 1757 exhibet
614 1706 781 1771 Episcopum
804 1707 845 1759 sic
863 1707 903 1761 le·
936 1706 995 1758 nari
1016 1705 1174 1757 Ecclesiam.

309 1795 443 1856 quentem
458 1806 464 1841 :
481 1792 571 1841 «Cum
585 1790 612 1842 in
630 1792 768 1855 praeterite
781 1792 903 1846 Concilio
970 1792 1029 1843 106.
1041 1789 1214 1843 Praeclare.
1225 1791 1341 1843 Petrum
1355 1792 1526 1844 testimoniis.

311 1876 348 1928 de
376 1876 554 1929 continentiae
577 1882 605 1927 et
625 1876 758 1929 castitatis
778 1879 904 1931 medera-
938 1879 965 1928 S.
985 1876 1101 1928 Basilius
1115 1878 1148 1928 il.
1172 1876 1207 1928 ad
1228 1877 1400 1943 l’aregerium
1419 1878 1530 1943 presby·

300 1960 388 2012 mine
407 1964 582 2019 tractaretur,
603 1961 704 2027 gradus
717 1961 761 2014 isti
770 1966 826 2015 tres
838 1976 903 2015 con·
936 1966 1027 2014 terum
1035 1961 1274 2027 septuagenarium
1284 1963 1405 2027 scripsit,
1417 1964 1529 2016 hortans

313 2044 463 2111 scriptione
476 2047 594 2111 quadam
614 2047 731 2100 castitati
746 2061 793 2113 per
805 2061 904 2101 conse·
937 2052 968 2099 ut
989 2048 1132 2100 mulierem
1154 2061 1247 2100 secum
1261 2053 1478 2100 commorantem
1493 2047 1531 2098 di-

313 2130 452 2184 cratienes
471 2132 568 2184 annexi
588 2140 652 2185 sent
664 2148 670 2183 :
683 2132 904 2200 Episcepes,in·
938 2134 1073 2197 mitteret,
1091 2140 1121 2186 ut
1151 2134 1296 2186 coelibatus
1323 2133 1429 2197 decer,
1450 2136 1529 2197 juxta

314 2230 414 2283 quam,
435 2218 630 2285 presbyteres,
650 2226 676 2271 ct
694 2219 843 2283 diaconos,
867 2222 905 2274 ita
937 2219 1077 2272 Nicaenum
1089 2222 1243 2281 canonem,
1262 2227 1435 2272 servaretur:
1452 2220 1530 2270 «Nec

314 2303 433 2368 placuit,
446 2310 476 2355 ut
488 2304 621 2356 condecet
640 2312 832 2359 sacrosanctos
855 2319 906 2359 an·
939 2306 1037 2371 primi,
1050 2320 1102 2359 nec
1119 2306 1187 2365 seli,
1208 2304 1349 2371 ramgeri,
1367 2304 1529 2366 statuimus,

316 2389 416 2443 tistites
433 2396 461 2442 et
482 2390 527 2442 ltei
553 2390 730 2453 sacerdotes,
751 2405 860 2445 necnon
879 2398 906 2446 et
939 2405 975 2444 ne
999 2392 1130 2445 mulieres
1147 2405 1209 2443 cum
1231 2392 1297 2444 uiris
1319 2390 1528 2443 cohabitarent:

315 2473 431 2536 leuitas,
461 2476 503 2527 rel
533 2474 579 2539 qui
599 2476 782 2527 sacramentis
806 2476 906 2529 divinis
940 2476 1531 2544 sedlegecanonemquiasanctisPatribus

315 2560 489 2621 inserviunt,
503 2562 678 2612 continentes
697 2574 758 2613 esse
779 2562 805 2612 in
819 2562 907 2615 emni-
940 2562 1044 2613 nestris
1062 2562 1157 2614 Nicaeae
1181 2561 1271 2613 editus
1295 2566 1352 2622 est,
1372 2560 1419 2625 qui
1438 2563 1532 2624 aperte

315 2645 388 2705 bus,
401 2656 456 2707 quo
476 2643 583 2707 possint
601 2644 777 2709 simpliciter,
795 2646 869 2711 qued
891 2660 907 2699 a
941 2646 1070 2711 prohibet
1081 2660 1116 2697 ne
1130 2646 1185 2702 sint
1196 2645 1422 2697 subintroductae.
1434 2644 1469 2696 ln·
1479 2646 1532 2697 hoc

316 2728 705 2794 Deepostulant,impetrarc;
720 2732 909 2798 ctqeedApe·
942 2738 1035 2784 autern
1060 2734 1141 2784 situm
1168 2736 1210 2784 est
1236 2729 1379 2783 coelibetus
1399 2730 1484 2784 decus
1505 2736 1533 2783 et
1565 2798 1569 2807 .

318 2815 559 2875 stolidocuerent,
573 2821 598 2869 et
617 2818 677 2882 ipso
697 2806 814 2872 servabit
835 2821 908 2872 anti·
942 2820 1091 2881 honestas,
1112 2817 1187 2882 qood
1205 2819 1322 2882 separati
1342 2817 1453 2868 simusa
1467 2830 1533 2871 coo·

314 2901 426 2966 quites,
445 2912 497 2953 nes
515 2914 626 2967 queque
636 2903 833 2956 custodiamus.
848 2906 909 2956 Om-
942 2903 1088 2957 suetudine
1100 2908 1127 2955 ct
1144 2893 1284 2956 consertio
1296 2903 1452 2956 mulierum,
1463 2902 1500 2951 »¹⁵

317 2985 404 3038 nibus
417 2985 524 3051 placet,
536 2991 565 3039 ut
583 2987 725 3064 Episcopi,
740 2989 909 3056 presbyteri,
975 2989 1061 3040 Ellis
1082 2989 1250 3054 Epiphanius
1260 2989 1310 3040 ait:
1321 3009 1333 3034 a
1344 2989 1533 3041 sacerdotium

319 3077 347 3124 et
369 3071 497 3134 diaconi,
516 3075 557 3126 rel
573 3076 620 3138 qui
645 3076 820 3128 sacramenta
844 3089 909 3128 cen·
943 3088 976 3126 ex
989 3074 1124 3140 virginum
1142 3073 1240 3126 ordi-ne
1257 3074 1394 3138 praecipue
1407 3079 1532 3135 constat,

318 3162 451 3220 trectant,
464 3158 604 3222 pudicitiae
622 3160 861 3220 custedcs‚etiam
875 3161 909 3213 ab
944 3164 992 3210 aut
1012 3159 1036 3209 si
1054 3158 1145 3210 minus
1166 3171 1198 3210 ex
1219 3158 1390 3222 virginibus,
1409 3163 1483 3210 certe
1501 3171 1534 3210 ex

319 3243 460 3307 uxoribus
478 3257 509 3296 se
535 3244 701 3296 abstineant.
723 3245 762 3298 dh
782 3245 910 3298 omnibus
944 3242 1166 3302 monachis,aut
1179 3242 1201 3294 si
1220 3241 1312 3292 minus
1330 3255 1362 3292 ex
1386 3243 1535 3294 monache·

319 3327 424 3380 dictum
443 3334 486 3381 est
500 3344 507 3379 ε
522 3331 612 3382 Placet
630 3336 660 3382 ut
678 3331 705 3382 in
723 3329 852 3382 omnibus
864 3368 872 3395 ,
885 3337 913 3384 ot
945 3342 1006 3381 rum
1022 3329 1137 3391 ordine,
1156 3342 1188 3380 ex
1209 3328 1252 3379 his
1272 3327 1359 3380 creari
1377 3328 1535 3380 sacerdotes
1608 3333 1611 3340 '

319 3413 356 3466 ab
375 3415 505 3467 omnibus
519 3415 647 3480 pudicitia
660 3416 846 3481 custodiatur,
864 3417 911 3483 qui
946 3414 1100 3479 selent,qui
1111 3411 1535 3475 asuisseuxoribuscentineet,

321 3499 399 3556 altari
412 3499 580 3554 deserviunt.
598 3500 632 3547 »²
843 3553 845 3558 ,
945 3506 993 3554 aet
1006 3500 1158 3553 secundum
1177 3511 1247 3551 troas
1264 3499 1374 3564 nuptias
1398 3498 1425 3550 in
1448 3500 1536 3552 uidui-

354 3585 911 3652 Edl.carthaginensevdecrerit:«cum
945 3593 1000 3640 tate
1011 3592 1164 3664 versantur.
1179 3583 1214 3632 »⁸
1254 3606 1258 3614 ·

321 3669 357 3722 do
377 3671 559 3736 quorumdam
579 3671 762 3736 clericerum,
787 3672 912 3739 quamvis
978 3674 1037 3726 aba.
1058 3675 1085 3724 S·
1105 3673 1305 3738 Hieronymus:
1321 3690 1338 3721 «
1354 3671 1475 3736 Apostoli
1493 3672 1536 3725 vel

321 3768 386 3820 erga
410 3769 510 3810 uxeres
539 3759 684 3823 proprias,
713 3757 911 3812 incontinentia
945 3757 1535 3826 virgines,relpostnuptiaseontinentes,

321 3841 486 3905 referretur,
501 3843 604 3906 placuit
625 3843 792 3908 Episcopos,
804 3851 832 3896 et
853 3857 913 3908 pre·
947 3845 1091 3910 Episcopi,
1104 3843 1270 3908 presbyteri,
1284 3842 1410 3902 diaconi,
1430 3848 1476 3893 aut
1487 3841 1537 3893 vir·

321 3927 810 3993 sbyteros,etdiacones‚secundnm
824 3929 913 3993 priora
947 3929 1025 3993 gines
1046 3928 1185 4003 eliqrtur
1206 3932 1253 3977 aut
1279 3927 1372 3986 vidui,
1395 3932 1442 3977 aut
1463 3931 1537 3978 certe

321 4016 440 4072 statuta,
454 4012 536 4064 etiam
559 4014 593 4066 ah
611 4013 743 4066 uxoribus
760 4015 911 4066 continere.
948 4010 1206 4077 pestsacerdetium
1219 4011 1390 4062 inaetereum
1406 4009 1538 4074 pudicia⁷

322 4097 400 4162 Quod
413 4096 465 4150 nisi
483 4096 605 4160 iecerint,
617 4097 651 4150 ab
672 4097 858 4152 ecclesiastice
871 4111 915 4152 re·
948 4095 1092 4162 vigilantio
1105 4094 1212 4147 clericis
1228 4095 1347 4161 conjugii
1363 4107 1443 4146 usum
1455 4094 1540 4146 uindi-

321 4187 486 4236 mereantur
503 4181 600 4235 officio.
616 4178 650 4228 »⁵
949 4181 1021 4236 cauti
1030 4180 1174 4245 respondit
1187 4195 1193 4231 ε
1207 4198 1223 4227 c
1232 4179 1300 4243 Quid
1311 4179 1410 4232 sacient
1422 4179 1538 4232 Orientis

355 4269 415 4320 aba.
435 4268 587 4321 concilium
609 4267 755 4320 Taurinate
776 4271 915 4322 ansedei
950 4267 1100 4320 Ecclesiae?
1112 4267 1180 4331 quid
1200 4266 1307 4332 AEgypti
1325 4271 1353 4318 et
1372 4265 1451 4318 Sedis
1471 4268 1539 4330 spe·

321 4353 438 4407 statuit:
453 4354 506 4406 «lli
527 4359 618 4408 autem
640 4353 686 4420 qui
711 4359 806 4407 centra
832 4353 915 4408 inter·
949 4353 1142 4417 stellcae,.quae
1158 4349 1540 4418 autuirginesclericesacci·

352 4617 384 4680 (tl
392 4615 445 4657 Can.
458 4616 527 4657 xxiiii.
800 4641 803 4648 ι
980 4617 1006 4668 (ὅ)
1017 4618 1056 4668 Ep.
1064 4617 1092 4658 ad
1102 4617 1202 4667 hereger.

352 4685 381 4738 (tl
390 4685 444 4728 Can.
453 4684 476 4726 ii.
491 4685 520 4738 (³)
530 4686 619 4728 ibidem.
979 4688 1008 4739 (a)
1017 4686 1095 4738 Expos.
1107 4685 1156 4726 adei
1165 4684 1251 4726 cathol.
1258 4693 1278 4725 c.
1288 4685 1330 4724 ui.

354 4755 383 4809 (t)
392 4754 445 4796 Coo.
454 4754 499 4798 niti.
508 4757 565 4810 apud
575 4756 641 4800 ilerd.
648 4762 664 4798 t.
674 4757 688 4798 i.
697 4758 737 4798 cel.
748 4762 792 4801 1111.
981 4757 1009 4810 (t)
1019 4755 1058 4808 Ep.
1072 4755 1095 4796 h.
