<?xml version="1.0" encoding="UTF-8"?>
<!DOCTYPE html PUBLIC "-//W3C//DTD XHTML 1.0 Transitional//EN"
    "http://www.w3.org/TR/xhtml1/DTD/xhtml1-transitional.dtd">
<html xmlns="http://www.w3.org/1999/xhtml" xml:lang="en" lang="en">
 <head>
  <title>
</title>
<meta http-equiv="Content-Type" content="text/html;charset=utf-8" />
  <meta name='ocr-system' content='tesseract 3.04.00' />
  <meta name='ocr-capabilities' content='ocr_page ocr_carea ocr_par ocr_line ocrx_word'/>
</head>
<body>
  <div class='ocr_page' id='page_1' title='image "./theologiadogmat02kenrgoog_0277.png"; bbox 0 0 3792 5550; ppageno 0'>
   <div class='ocr_carea' id='block_1_1' title="bbox 716 518 1518 591">
    <p class='ocr_par' dir='ltr' id='par_1_1' title="bbox 716 518 1518 591">
     <span class='ocr_line' id='line_1_1' title="bbox 716 518 1518 591; baseline 0.002 -23"><span class='ocrx_word' id='word_1_1' title='bbox 716 519 785 591; x_wconf 71' lang='lat' dir='ltr'>CAP.</span> <span class='ocrx_word' id='word_1_2' title='bbox 805 519 845 568; x_wconf 88' lang='lat' dir='ltr'>lv.</span> <span class='ocrx_word' id='word_1_3' title='bbox 864 519 905 568; x_wconf 85' lang='lat' dir='ltr'>DE</span> <span class='ocrx_word' id='word_1_4' title='bbox 928 518 1156 569; x_wconf 78' lang='lat' dir='ltr'>courusslouu.</span> <span class='ocrx_word' id='word_1_5' title='bbox 1468 519 1518 570; x_wconf 63' lang='lat'>263</span> 
     </span>
    </p>
   </div>
   <div class='ocr_carea' id='block_1_2' title="bbox 292 632 1541 4263">
    <p class='ocr_par' dir='ltr' id='par_1_2' title="bbox 292 632 1541 4263">
     <span class='ocr_line' id='line_1_2' title="bbox 304 632 1519 701; baseline -0.001 -15"><span class='ocrx_word' id='word_1_6' title='bbox 304 635 488 701; x_wconf 77' lang='lat' dir='ltr'>negligentes,</span> <span class='ocrx_word' id='word_1_7' title='bbox 506 632 676 698; x_wconf 88' lang='lat' dir='ltr'>iniquitatem</span> <span class='ocrx_word' id='word_1_8' title='bbox 698 633 725 684; x_wconf 93' lang='lat' dir='ltr'>in</span> <span class='ocrx_word' id='word_1_9' title='bbox 747 645 892 698; x_wconf 90' lang='lat' dir='ltr'>opuspro·</span> <span class='ocrx_word' id='word_1_10' title='bbox 962 632 1020 684; x_wconf 80' lang='grc'><strong>156.</strong></span> <span class='ocrx_word' id='word_1_11' title='bbox 1040 633 1117 696; x_wconf 81' lang='lat' dir='ltr'>Resp.</span> <span class='ocrx_word' id='word_1_12' title='bbox 1129 633 1206 683; x_wconf 85' lang='lat' dir='ltr'>Mens</span> <span class='ocrx_word' id='word_1_13' title='bbox 1228 639 1268 684; x_wconf 86' lang='lat' dir='ltr'>est</span> <span class='ocrx_word' id='word_1_14' title='bbox 1289 633 1368 685; x_wconf 87' lang='lat' dir='ltr'>Bedae</span> <span class='ocrx_word' id='word_1_15' title='bbox 1386 645 1519 697; x_wconf 84' lang='lat' dir='ltr'>eosquos</span> 
     </span>
     <span class='ocr_line' id='line_1_3' title="bbox 304 716 1519 786; baseline -0.002 -14"><span class='ocrx_word' id='word_1_16' title='bbox 304 733 422 786; x_wconf 80' lang='lat' dir='ltr'>grossam</span> <span class='ocrx_word' id='word_1_17' title='bbox 435 732 500 771; x_wconf 81' lang='lat' dir='ltr'>mox</span> <span class='ocrx_word' id='word_1_18' title='bbox 512 719 670 772; x_wconf 87' lang='lat' dir='ltr'>occidamus</span> <span class='ocrx_word' id='word_1_19' title='bbox 680 731 729 783; x_wconf 91' lang='lat' dir='ltr'>per</span> <span class='ocrx_word' id='word_1_20' title='bbox 742 719 892 771; x_wconf 81' lang='lat' dir='ltr'>confessio·</span> <span class='ocrx_word' id='word_1_21' title='bbox 927 725 1053 769; x_wconf 83' lang='lat' dir='ltr'>recenset</span> <span class='ocrx_word' id='word_1_22' title='bbox 1075 717 1108 768; x_wconf 89' lang='lat' dir='ltr'>ad</span> <span class='ocrx_word' id='word_1_23' title='bbox 1129 716 1422 770; x_wconf 83' lang='lat' dir='ltr'>Ecclesiamaceedere</span> <span class='ocrx_word' id='word_1_24' title='bbox 1434 719 1519 770; x_wconf 87' lang='lat' dir='ltr'>debe-</span> 
     </span>
     <span class='ocr_line' id='line_1_4' title="bbox 303 801 1520 869; baseline 0 -13"><span class='ocrx_word' id='word_1_25' title='bbox 303 818 380 866; x_wconf 88' lang='lat' dir='ltr'>nem,</span> <span class='ocrx_word' id='word_1_26' title='bbox 410 817 459 868; x_wconf 89' lang='lat' dir='ltr'>per</span> <span class='ocrx_word' id='word_1_27' title='bbox 476 804 629 869; x_wconf 79' lang='lat' dir='ltr'>lacrymas,</span> <span class='ocrx_word' id='word_1_28' title='bbox 651 816 701 868; x_wconf 92' lang='lat' dir='ltr'>per</span> <span class='ocrx_word' id='word_1_29' title='bbox 718 803 891 868; x_wconf 86' lang='lat' dir='ltr'>propriorum</span> <span class='ocrx_word' id='word_1_30' title='bbox 926 815 971 862; x_wconf 89' lang='lat' dir='ltr'>re,</span> <span class='ocrx_word' id='word_1_31' title='bbox 991 808 1020 852; x_wconf 91' lang='lat' dir='ltr'>ut</span> <span class='ocrx_word' id='word_1_32' title='bbox 1047 814 1062 853; x_wconf 91' lang='lat' dir='ltr'>a</span> <span class='ocrx_word' id='word_1_33' title='bbox 1077 803 1151 866; x_wconf 89' lang='lat' dir='ltr'>lepra</span> <span class='ocrx_word' id='word_1_34' title='bbox 1162 801 1350 863; x_wconf 85' lang='lat' dir='ltr'>mundentur,</span> <span class='ocrx_word' id='word_1_35' title='bbox 1363 802 1458 856; x_wconf 90' lang='lat' dir='ltr'>lideles</span> <span class='ocrx_word' id='word_1_36' title='bbox 1471 817 1520 856; x_wconf 89' lang='lat' dir='ltr'>au-</span> 
     </span>
     <span class='ocr_line' id='line_1_5' title="bbox 302 886 1520 951; baseline -0.002 -11"><span class='ocrx_word' id='word_1_37' title='bbox 302 887 729 941; x_wconf 87' lang='lat' dir='ltr'>commissorumaccusationem.</span> <span class='ocrx_word' id='word_1_38' title='bbox 739 887 809 938; x_wconf 87' lang='lat' dir='ltr'>Nihil</span> <span class='ocrx_word' id='word_1_39' title='bbox 819 888 891 939; x_wconf 88' lang='lat' dir='ltr'>enim</span> <span class='ocrx_word' id='word_1_40' title='bbox 926 892 983 940; x_wconf 89' lang='lat' dir='ltr'>tem</span> <span class='ocrx_word' id='word_1_41' title='bbox 1008 887 1035 937; x_wconf 91' lang='lat' dir='ltr'>in</span> <span class='ocrx_word' id='word_1_42' title='bbox 1054 886 1113 951; x_wconf 89' lang='lat' dir='ltr'>ipsa</span> <span class='ocrx_word' id='word_1_43' title='bbox 1135 887 1254 938; x_wconf 83' lang='lat' dir='ltr'>Ecclesia</span> <span class='ocrx_word' id='word_1_44' title='bbox 1292 887 1473 950; x_wconf 83' lang='lat' dir='ltr'>munditiem,</span> <span class='ocrx_word' id='word_1_45' title='bbox 1496 888 1520 940; x_wconf 89' lang='lat' dir='ltr'>si</span> 
     </span>
     <span class='ocr_line' id='line_1_6' title="bbox 302 972 1516 1038; baseline 0.001 -14"><span class='ocrx_word' id='word_1_46' title='bbox 302 979 357 1024; x_wconf 89' lang='lat' dir='ltr'>tam</span> <span class='ocrx_word' id='word_1_47' title='bbox 380 973 488 1024; x_wconf 79' lang='lat' dir='ltr'>exitiale</span> <span class='ocrx_word' id='word_1_48' title='bbox 519 977 649 1038; x_wconf 87' lang='lat' dir='ltr'>peccato,</span> <span class='ocrx_word' id='word_1_49' title='bbox 680 985 763 1037; x_wconf 89' lang='lat' dir='ltr'>quam</span> <span class='ocrx_word' id='word_1_50' title='bbox 786 972 892 1036; x_wconf 89' lang='lat' dir='ltr'>peccati</span> <span class='ocrx_word' id='word_1_51' title='bbox 928 986 982 1038; x_wconf 92' lang='lat' dir='ltr'>qua</span> <span class='ocrx_word' id='word_1_52' title='bbox 1003 985 1052 1024; x_wconf 89' lang='lat' dir='ltr'>eos</span> <span class='ocrx_word' id='word_1_53' title='bbox 1074 972 1196 1024; x_wconf 88' lang='lat' dir='ltr'>iniecerit</span> <span class='ocrx_word' id='word_1_54' title='bbox 1216 973 1308 1035; x_wconf 91' lang='lat' dir='ltr'>labes,</span> <span class='ocrx_word' id='word_1_55' title='bbox 1331 985 1516 1038; x_wconf 85' lang='lat' dir='ltr'>recuperare,</span> 
     </span>
     <span class='ocr_line' id='line_1_7' title="bbox 302 1057 1521 1123; baseline -0.001 -13"><span class='ocrx_word' id='word_1_56' title='bbox 302 1059 438 1111; x_wconf 82' lang='lat' dir='ltr'>accusatio</span> <span class='ocrx_word' id='word_1_57' title='bbox 462 1057 728 1122; x_wconf 90' lang='lat' dir='ltr'>condemnatioque,</span> <span class='ocrx_word' id='word_1_58' title='bbox 749 1070 812 1108; x_wconf 88' lang='lat' dir='ltr'>cum</span> <span class='ocrx_word' id='word_1_59' title='bbox 834 1069 892 1122; x_wconf 88' lang='lat' dir='ltr'>poe·</span> <span class='ocrx_word' id='word_1_60' title='bbox 928 1071 1012 1123; x_wconf 89' lang='lat' dir='ltr'>opera</span> <span class='ocrx_word' id='word_1_61' title='bbox 1026 1065 1117 1110; x_wconf 89' lang='lat' dir='ltr'>tamen</span> <span class='ocrx_word' id='word_1_62' title='bbox 1132 1057 1323 1119; x_wconf 89' lang='lat' dir='ltr'>sacerdotnm;</span> <span class='ocrx_word' id='word_1_63' title='bbox 1336 1057 1374 1110; x_wconf 91' lang='lat' dir='ltr'>ait</span> <span class='ocrx_word' id='word_1_64' title='bbox 1386 1059 1459 1109; x_wconf 91' lang='lat' dir='ltr'>enim</span> <span class='ocrx_word' id='word_1_65' title='bbox 1475 1059 1521 1109; x_wconf 89' lang='lat' dir='ltr'>ali-</span> 
     </span>
     <span class='ocr_line' id='line_1_8' title="bbox 302 1141 1520 1209; baseline 0.001 -16"><span class='ocrx_word' id='word_1_66' title='bbox 302 1142 424 1194; x_wconf 90' lang='lat' dir='ltr'>uitudine</span> <span class='ocrx_word' id='word_1_67' title='bbox 443 1141 625 1208; x_wconf 82' lang='lat' dir='ltr'>lacrymisque</span> <span class='ocrx_word' id='word_1_68' title='bbox 647 1142 802 1207; x_wconf 86' lang='lat' dir='ltr'>conjuncta.</span> <span class='ocrx_word' id='word_1_69' title='bbox 823 1143 893 1194; x_wconf 84' lang='lat' dir='ltr'>Con·</span> <span class='ocrx_word' id='word_1_70' title='bbox 927 1144 954 1195; x_wconf 92' lang='lat' dir='ltr'>hi</span> <span class='ocrx_word' id='word_1_71' title='bbox 971 1159 978 1193; x_wconf 90' lang='lat'>:</span> <span class='ocrx_word' id='word_1_72' title='bbox 993 1162 1008 1191; x_wconf 79' lang='grc' dir='ltr'>ι(</span> <span class='ocrx_word' id='word_1_73' title='bbox 1021 1146 1105 1196; x_wconf 85' lang='lat' dir='ltr'>Porro</span> <span class='ocrx_word' id='word_1_74' title='bbox 1117 1143 1250 1209; x_wconf 80' lang='lat' dir='ltr'>gravioris</span> <span class='ocrx_word' id='word_1_75' title='bbox 1271 1145 1355 1208; x_wconf 84' lang='lat' dir='ltr'>leprae</span> <span class='ocrx_word' id='word_1_76' title='bbox 1374 1144 1520 1195; x_wconf 90' lang='lat' dir='ltr'>immundi-</span> 
     </span>
     <span class='ocr_line' id='line_1_9' title="bbox 302 1225 1519 1296; baseline 0.006 -19"><span class='ocrx_word' id='word_1_77' title='bbox 302 1227 436 1279; x_wconf 88' lang='lat' dir='ltr'>demnasti</span> <span class='ocrx_word' id='word_1_78' title='bbox 462 1231 605 1292; x_wconf 87' lang='lat' dir='ltr'>peccatum</span> <span class='ocrx_word' id='word_1_79' title='bbox 630 1227 728 1277; x_wconf 83' lang='lat' dir='ltr'>tuum?</span> <span class='ocrx_word' id='word_1_80' title='bbox 744 1225 893 1291; x_wconf 79' lang='lat' dir='ltr'>deposuisti</span> <span class='ocrx_word' id='word_1_81' title='bbox 927 1230 992 1282; x_wconf 88' lang='lat' dir='ltr'>tiam</span> <span class='ocrx_word' id='word_1_82' title='bbox 1003 1231 1079 1295; x_wconf 86' lang='lat' dir='ltr'>juxta</span> <span class='ocrx_word' id='word_1_83' title='bbox 1091 1230 1180 1296; x_wconf 82' lang='lat' dir='ltr'>legem</span> <span class='ocrx_word' id='word_1_84' title='bbox 1193 1229 1328 1281; x_wconf 87' lang='lat' dir='ltr'>sacerdoti</span> <span class='ocrx_word' id='word_1_85' title='bbox 1344 1230 1497 1294; x_wconf 88' lang='lat' dir='ltr'>pandamus</span> <span class='ocrx_word' id='word_1_86' title='bbox 1513 1267 1519 1284; x_wconf 80' lang='lat'>.</span> 
     </span>
     <span class='ocr_line' id='line_1_10' title="bbox 302 1309 1522 1380; baseline 0.002 -18"><span class='ocrx_word' id='word_1_87' title='bbox 302 1311 447 1363; x_wconf 86' lang='lat' dir='ltr'>sarcinam.</span> <span class='ocrx_word' id='word_1_88' title='bbox 469 1312 533 1374; x_wconf 84' lang='lat' dir='ltr'>Quis</span> <span class='ocrx_word' id='word_1_89' title='bbox 552 1311 611 1362; x_wconf 88' lang='lat' dir='ltr'>haec</span> <span class='ocrx_word' id='word_1_90' title='bbox 631 1310 716 1362; x_wconf 78' lang='lat' dir='ltr'>dicit?</span> <span class='ocrx_word' id='word_1_91' title='bbox 738 1309 798 1375; x_wconf 88' lang='lat' dir='ltr'>ipse</span> <span class='ocrx_word' id='word_1_92' title='bbox 808 1310 893 1376; x_wconf 85' lang='lat' dir='ltr'>judex</span> <span class='ocrx_word' id='word_1_93' title='bbox 927 1320 1010 1380; x_wconf 87' lang='lat' dir='ltr'>atque</span> <span class='ocrx_word' id='word_1_94' title='bbox 1033 1314 1067 1366; x_wconf 90' lang='lat' dir='ltr'>ad</span> <span class='ocrx_word' id='word_1_95' title='bbox 1102 1315 1161 1380; x_wconf 88' lang='lat' dir='ltr'>ejus</span> <span class='ocrx_word' id='word_1_96' title='bbox 1185 1313 1327 1366; x_wconf 80' lang='lat' dir='ltr'>arbitrium</span> <span class='ocrx_word' id='word_1_97' title='bbox 1358 1314 1473 1379; x_wconf 87' lang='lat' dir='ltr'>qualiter</span> <span class='ocrx_word' id='word_1_98' title='bbox 1494 1321 1522 1366; x_wconf 92' lang='lat' dir='ltr'>et</span> 
     </span>
     <span class='ocr_line' id='line_1_11' title="bbox 301 1396 1522 1466; baseline 0.002 -19"><span class='ocrx_word' id='word_1_99' title='bbox 301 1398 381 1449; x_wconf 86' lang='lat' dir='ltr'>Deus.</span> <span class='ocrx_word' id='word_1_100' title='bbox 406 1398 453 1449; x_wconf 88' lang='lat' dir='ltr'>bic</span> <span class='ocrx_word' id='word_1_101' title='bbox 476 1403 505 1448; x_wconf 93' lang='lat' dir='ltr'>tu</span> <span class='ocrx_word' id='word_1_102' title='bbox 522 1402 633 1461; x_wconf 89' lang='lat' dir='ltr'>peccata</span> <span class='ocrx_word' id='word_1_103' title='bbox 649 1401 695 1448; x_wconf 89' lang='lat' dir='ltr'>tua</span> <span class='ocrx_word' id='word_1_104' title='bbox 708 1396 784 1462; x_wconf 91' lang='lat' dir='ltr'>prior</span> <span class='ocrx_word' id='word_1_105' title='bbox 807 1403 838 1449; x_wconf 89' lang='lat' dir='ltr'>ut</span> <span class='ocrx_word' id='word_1_106' title='bbox 853 1398 894 1463; x_wconf 88' lang='lat' dir='ltr'>jn·</span> <span class='ocrx_word' id='word_1_107' title='bbox 927 1404 1031 1465; x_wconf 87' lang='lat' dir='ltr'>quanto</span> <span class='ocrx_word' id='word_1_108' title='bbox 1049 1404 1172 1465; x_wconf 89' lang='lat' dir='ltr'>tempore</span> <span class='ocrx_word' id='word_1_109' title='bbox 1187 1399 1316 1466; x_wconf 80' lang='lat' dir='ltr'>iusserit,</span> <span class='ocrx_word' id='word_1_110' title='bbox 1332 1399 1468 1465; x_wconf 85' lang='lat' dir='ltr'>purificari</span> <span class='ocrx_word' id='word_1_111' title='bbox 1478 1413 1522 1452; x_wconf 87' lang='lat' dir='ltr'>cn·</span> 
     </span>
     <span class='ocr_line' id='line_1_12' title="bbox 300 1481 1521 1550; baseline 0.002 -16"><span class='ocrx_word' id='word_1_112' title='bbox 300 1481 445 1535; x_wconf 84' lang='lat' dir='ltr'>stilieeris?</span> <span class='ocrx_word' id='word_1_113' title='bbox 465 1481 663 1545; x_wconf 84' lang='lat' dir='ltr'>Curigitnr,te</span> <span class='ocrx_word' id='word_1_114' title='bbox 682 1494 793 1547; x_wconf 83' lang='lat' dir='ltr'>qnaeso,</span> <span class='ocrx_word' id='word_1_115' title='bbox 806 1482 895 1547; x_wconf 90' lang='lat' dir='ltr'>pude-</span> <span class='ocrx_word' id='word_1_116' title='bbox 927 1499 1030 1537; x_wconf 81' lang='lat' dir='ltr'>remus</span> <span class='ocrx_word' id='word_1_117' title='bbox 1043 1485 1078 1530; x_wconf 62' lang='grc' dir='ltr'>»ὅ</span> <span class='ocrx_word' id='word_1_118' title='bbox 1100 1485 1160 1550; x_wconf 91' lang='lat' dir='ltr'>lpse</span> <span class='ocrx_word' id='word_1_119' title='bbox 1179 1490 1269 1538; x_wconf 88' lang='lat' dir='ltr'>autem</span> <span class='ocrx_word' id='word_1_120' title='bbox 1289 1489 1380 1537; x_wconf 86' lang='lat' dir='ltr'>narrat</span> <span class='ocrx_word' id='word_1_121' title='bbox 1408 1485 1521 1537; x_wconf 92' lang='lat' dir='ltr'>militem</span> 
     </span>
     <span class='ocr_line' id='line_1_13' title="bbox 300 1565 1522 1636; baseline 0.003 -20"><span class='ocrx_word' id='word_1_122' title='bbox 300 1567 354 1618; x_wconf 90' lang='lat' dir='ltr'>scis</span> <span class='ocrx_word' id='word_1_123' title='bbox 373 1572 401 1618; x_wconf 92' lang='lat' dir='ltr'>et</span> <span class='ocrx_word' id='word_1_124' title='bbox 422 1566 562 1618; x_wconf 88' lang='lat' dir='ltr'>erubescis</span> <span class='ocrx_word' id='word_1_125' title='bbox 576 1565 668 1618; x_wconf 89' lang='lat' dir='ltr'>dicere</span> <span class='ocrx_word' id='word_1_126' title='bbox 688 1570 802 1630; x_wconf 87' lang='lat' dir='ltr'>peecata</span> <span class='ocrx_word' id='word_1_127' title='bbox 822 1567 894 1616; x_wconf 81' lang='lat' dir='ltr'>tua?</span> <span class='ocrx_word' id='word_1_128' title='bbox 927 1569 1076 1634; x_wconf 92' lang='lat' dir='ltr'>quemdam</span> <span class='ocrx_word' id='word_1_129' title='bbox 1107 1570 1240 1622; x_wconf 84' lang='lat' dir='ltr'>Ceenredo</span> <span class='ocrx_word' id='word_1_130' title='bbox 1274 1570 1332 1636; x_wconf 88' lang='lat' dir='ltr'>regi</span> <span class='ocrx_word' id='word_1_131' title='bbox 1365 1570 1522 1635; x_wconf 89' lang='lat' dir='ltr'>acceptissi-</span> 
     </span>
     <span class='ocr_line' id='line_1_14' title="bbox 299 1650 1522 1715; baseline 0 -11"><span class='ocrx_word' id='word_1_132' title='bbox 299 1654 370 1706; x_wconf 82' lang='lat' dir='ltr'>Care</span> <span class='ocrx_word' id='word_1_133' title='bbox 390 1652 464 1704; x_wconf 90' lang='lat' dir='ltr'>enim</span> <span class='ocrx_word' id='word_1_134' title='bbox 482 1651 586 1702; x_wconf 91' lang='lat' dir='ltr'>homini</span> <span class='ocrx_word' id='word_1_135' title='bbox 606 1651 724 1711; x_wconf 85' lang='lat' dir='ltr'>dixeris,</span> <span class='ocrx_word' id='word_1_136' title='bbox 740 1665 773 1702; x_wconf 88' lang='lat' dir='ltr'>ne</span> <span class='ocrx_word' id='word_1_137' title='bbox 789 1650 896 1715; x_wconf 89' lang='lat' dir='ltr'>tibiop·</span> <span class='ocrx_word' id='word_1_138' title='bbox 930 1665 1004 1702; x_wconf 93' lang='lat' dir='ltr'>mum</span> <span class='ocrx_word' id='word_1_139' title='bbox 1029 1651 1127 1715; x_wconf 82' lang='lat' dir='ltr'>sepius</span> <span class='ocrx_word' id='word_1_140' title='bbox 1147 1653 1181 1703; x_wconf 92' lang='lat' dir='ltr'>ab</span> <span class='ocrx_word' id='word_1_141' title='bbox 1206 1665 1239 1704; x_wconf 91' lang='lat' dir='ltr'>eo</span> <span class='ocrx_word' id='word_1_142' title='bbox 1262 1652 1431 1704; x_wconf 90' lang='lat' dir='ltr'>admonitum</span> <span class='ocrx_word' id='word_1_143' title='bbox 1452 1670 1468 1699; x_wconf 86' lang='lat'>«</span> <span class='ocrx_word' id='word_1_144' title='bbox 1493 1659 1522 1704; x_wconf 83' lang='lat' dir='ltr'>ui</span> 
     </span>
     <span class='ocr_line' id='line_1_15' title="bbox 298 1735 1523 1802; baseline 0 -14"><span class='ocrx_word' id='word_1_145' title='bbox 298 1739 425 1802; x_wconf 90' lang='lat' dir='ltr'>prohret.</span> <span class='ocrx_word' id='word_1_146' title='bbox 443 1740 537 1800; x_wconf 88' lang='lat' dir='ltr'>Neque</span> <span class='ocrx_word' id='word_1_147' title='bbox 549 1735 622 1787; x_wconf 91' lang='lat' dir='ltr'>enim</span> <span class='ocrx_word' id='word_1_148' title='bbox 634 1748 767 1787; x_wconf 87' lang='lat' dir='ltr'>conservo</span> <span class='ocrx_word' id='word_1_149' title='bbox 782 1735 893 1786; x_wconf 88' lang='lat' dir='ltr'>eoulile·</span> <span class='ocrx_word' id='word_1_150' title='bbox 928 1736 1105 1789; x_wconf 87' lang='lat' dir='ltr'>confiteretur</span> <span class='ocrx_word' id='word_1_151' title='bbox 1118 1743 1144 1788; x_wconf 91' lang='lat' dir='ltr'>et</span> <span class='ocrx_word' id='word_1_152' title='bbox 1158 1737 1326 1799; x_wconf 83' lang='lat' dir='ltr'>emendaret,</span> <span class='ocrx_word' id='word_1_153' title='bbox 1345 1750 1376 1789; x_wconf 89' lang='lat' dir='ltr'>ac</span> <span class='ocrx_word' id='word_1_154' title='bbox 1388 1738 1523 1802; x_wconf 78' lang='lat' dir='ltr'>relinque</span> 
     </span>
     <span class='ocr_line' id='line_1_16' title="bbox 298 1820 1524 1887; baseline -0.002 -13"><span class='ocrx_word' id='word_1_155' title='bbox 298 1824 353 1887; x_wconf 85' lang='lat' dir='ltr'>ris,</span> <span class='ocrx_word' id='word_1_156' title='bbox 385 1830 417 1874; x_wconf 92' lang='lat' dir='ltr'>ut</span> <span class='ocrx_word' id='word_1_157' title='bbox 439 1823 467 1872; x_wconf 94' lang='lat' dir='ltr'>in</span> <span class='ocrx_word' id='word_1_158' title='bbox 485 1821 624 1886; x_wconf 89' lang='lat' dir='ltr'>publicum</span> <span class='ocrx_word' id='word_1_159' title='bbox 648 1820 847 1884; x_wconf 81' lang='lat' dir='ltr'>proterat,sed</span> <span class='ocrx_word' id='word_1_160' title='bbox 868 1821 894 1872; x_wconf 92' lang='lat' dir='ltr'>el</span> <span class='ocrx_word' id='word_1_161' title='bbox 928 1827 971 1872; x_wconf 88' lang='lat' dir='ltr'>ret</span> <span class='ocrx_word' id='word_1_162' title='bbox 997 1825 1107 1886; x_wconf 88' lang='lat' dir='ltr'>peccata</span> <span class='ocrx_word' id='word_1_163' title='bbox 1139 1833 1203 1881; x_wconf 90' lang='lat' dir='ltr'>sua,</span> <span class='ocrx_word' id='word_1_164' title='bbox 1225 1839 1238 1866; x_wconf 76' lang='lat' dir='ltr'>n</span> <span class='ocrx_word' id='word_1_165' title='bbox 1265 1821 1418 1881; x_wconf 89' lang='lat' dir='ltr'>distulisse,</span> <span class='ocrx_word' id='word_1_166' title='bbox 1440 1827 1467 1871; x_wconf 87' lang='lat' dir='ltr'>et</span> <span class='ocrx_word' id='word_1_167' title='bbox 1495 1821 1524 1871; x_wconf 90' lang='lat' dir='ltr'>in</span> 
     </span>
     <span class='ocr_line' id='line_1_17' title="bbox 297 1904 1524 1973; baseline -0.003 -13"><span class='ocrx_word' id='word_1_168' title='bbox 297 1910 345 1973; x_wconf 91' lang='lat' dir='ltr'>qui</span> <span class='ocrx_word' id='word_1_169' title='bbox 357 1907 491 1960; x_wconf 83' lang='lat' dir='ltr'>[lominus</span> <span class='ocrx_word' id='word_1_170' title='bbox 503 1911 561 1970; x_wconf 78' lang='lat' dir='ltr'>est,</span> <span class='ocrx_word' id='word_1_171' title='bbox 580 1908 605 1959; x_wconf 95' lang='lat' dir='ltr'>ei</span> <span class='ocrx_word' id='word_1_172' title='bbox 627 1907 674 1972; x_wconf 93' lang='lat' dir='ltr'>qui</span> <span class='ocrx_word' id='word_1_173' title='bbox 689 1909 730 1958; x_wconf 90' lang='lat' dir='ltr'>tui</span> <span class='ocrx_word' id='word_1_174' title='bbox 747 1919 894 1972; x_wconf 89' lang='lat' dir='ltr'>curamge·</span> <span class='ocrx_word' id='word_1_175' title='bbox 930 1904 1028 1957; x_wconf 89' lang='lat' dir='ltr'>mortis</span> <span class='ocrx_word' id='word_1_176' title='bbox 1050 1904 1208 1957; x_wconf 82' lang='lat' dir='ltr'>discrimine</span> <span class='ocrx_word' id='word_1_177' title='bbox 1220 1905 1339 1970; x_wconf 88' lang='lat' dir='ltr'>positum</span> <span class='ocrx_word' id='word_1_178' title='bbox 1357 1905 1480 1956; x_wconf 89' lang='lat' dir='ltr'>noluisse</span> <span class='ocrx_word' id='word_1_179' title='bbox 1491 1917 1524 1956; x_wconf 84' lang='lat' dir='ltr'>ea</span> 
     </span>
     <span class='ocr_line' id='line_1_18' title="bbox 297 1990 1525 2056; baseline -0.002 -12"><span class='ocrx_word' id='word_1_180' title='bbox 297 1993 393 2054; x_wconf 90' lang='lat' dir='ltr'>rit,ei</span> <span class='ocrx_word' id='word_1_181' title='bbox 410 1991 456 2056; x_wconf 92' lang='lat' dir='ltr'>qui</span> <span class='ocrx_word' id='word_1_182' title='bbox 471 1992 606 2044; x_wconf 91' lang='lat' dir='ltr'>humanus</span> <span class='ocrx_word' id='word_1_183' title='bbox 627 1992 728 2054; x_wconf 87' lang='lat' dir='ltr'>est,ei</span> <span class='ocrx_word' id='word_1_184' title='bbox 750 1992 797 2056; x_wconf 94' lang='lat' dir='ltr'>qui</span> <span class='ocrx_word' id='word_1_185' title='bbox 813 1991 896 2043; x_wconf 89' lang='lat' dir='ltr'>medi·</span> <span class='ocrx_word' id='word_1_186' title='bbox 929 1991 1073 2054; x_wconf 79' lang='lat' dir='ltr'>confiteri,</span> <span class='ocrx_word' id='word_1_187' title='bbox 1106 2005 1141 2044; x_wconf 89' lang='lat' dir='ltr'>ne</span> <span class='ocrx_word' id='word_1_188' title='bbox 1168 1997 1243 2043; x_wconf 92' lang='lat' dir='ltr'>metu</span> <span class='ocrx_word' id='word_1_189' title='bbox 1262 1991 1359 2047; x_wconf 85' lang='lat' dir='ltr'>mortis</span> <span class='ocrx_word' id='word_1_190' title='bbox 1387 1990 1525 2042; x_wconf 86' lang='lat' dir='ltr'>videretur</span> 
     </span>
     <span class='ocr_line' id='line_1_19' title="bbox 298 2075 1525 2144; baseline -0.002 -14"><span class='ocrx_word' id='word_1_191' title='bbox 298 2092 349 2131; x_wconf 92' lang='lat' dir='ltr'>cus</span> <span class='ocrx_word' id='word_1_192' title='bbox 361 2083 420 2135; x_wconf 91' lang='lat' dir='ltr'>est,</span> <span class='ocrx_word' id='word_1_193' title='bbox 434 2077 558 2128; x_wconf 90' lang='lat' dir='ltr'>ostendis</span> <span class='ocrx_word' id='word_1_194' title='bbox 569 2076 690 2129; x_wconf 89' lang='lat' dir='ltr'>vulnera.</span> <span class='ocrx_word' id='word_1_195' title='bbox 703 2075 733 2121; x_wconf 85' lang='lat'>»¹</span> <span class='ocrx_word' id='word_1_196' title='bbox 748 2076 819 2127; x_wconf 75' lang='lat' dir='ltr'>Alias</span> <span class='ocrx_word' id='word_1_197' title='bbox 831 2076 895 2127; x_wconf 91' lang='lat' dir='ltr'>hor·</span> <span class='ocrx_word' id='word_1_198' title='bbox 929 2077 1037 2144; x_wconf 61' lang='lat' dir='ltr'>egissem</span> <span class='ocrx_word' id='word_1_199' title='bbox 1053 2082 1080 2130; x_wconf 93' lang='lat' dir='ltr'>et</span> <span class='ocrx_word' id='word_1_200' title='bbox 1093 2077 1283 2142; x_wconf 83' lang='lat' dir='ltr'>desperatione</span> <span class='ocrx_word' id='word_1_201' title='bbox 1304 2077 1430 2128; x_wconf 90' lang='lat' dir='ltr'>obrutum</span> <span class='ocrx_word' id='word_1_202' title='bbox 1445 2075 1525 2128; x_wconf 88' lang='lat' dir='ltr'>obiis-</span> 
     </span>
     <span class='ocr_line' id='line_1_20' title="bbox 298 2146 1523 2230; baseline -0.001 -17"><span class='ocrx_word' id='word_1_203' title='bbox 298 2168 373 2215; x_wconf 88' lang='lat' dir='ltr'>tatur</span> <span class='ocrx_word' id='word_1_204' title='bbox 387 2161 422 2214; x_wconf 93' lang='lat' dir='ltr'>ad</span> <span class='ocrx_word' id='word_1_205' title='bbox 435 2146 636 2214; x_wconf 75' lang='lat' dir='ltr'>conlessionem</span> <span class='ocrx_word' id='word_1_206' title='bbox 657 2178 664 2212; x_wconf 76' lang='grc' dir='ltr'>ε</span> <span class='ocrx_word' id='word_1_207' title='bbox 680 2179 696 2209; x_wconf 88' lang='lat'>»</span> <span class='ocrx_word' id='word_1_208' title='bbox 714 2161 787 2214; x_wconf 87' lang='lat' dir='ltr'>Cibis</span> <span class='ocrx_word' id='word_1_209' title='bbox 808 2161 896 2214; x_wconf 87' lang='lat' dir='ltr'>ebrie·</span> <span class='ocrx_word' id='word_1_210' title='bbox 928 2175 975 2225; x_wconf 86' lang='lat' dir='ltr'>se,</span> <span class='ocrx_word' id='word_1_211' title='bbox 989 2175 1074 2230; x_wconf 88' lang='lat' dir='ltr'>quum</span> <span class='ocrx_word' id='word_1_212' title='bbox 1085 2161 1194 2214; x_wconf 91' lang='lat' dir='ltr'>daemon</span> <span class='ocrx_word' id='word_1_213' title='bbox 1211 2162 1250 2214; x_wconf 95' lang='lat' dir='ltr'>illi</span> <span class='ocrx_word' id='word_1_214' title='bbox 1260 2161 1337 2216; x_wconf 89' lang='lat' dir='ltr'>visus</span> <span class='ocrx_word' id='word_1_215' title='bbox 1351 2161 1387 2214; x_wconf 91' lang='lat' dir='ltr'>sit</span> <span class='ocrx_word' id='word_1_216' title='bbox 1398 2161 1523 2214; x_wconf 87' lang='lat' dir='ltr'>codicem</span> 
     </span>
     <span class='ocr_line' id='line_1_21' title="bbox 297 2247 1524 2313; baseline 0.001 -15"><span class='ocrx_word' id='word_1_217' title='bbox 297 2253 415 2312; x_wconf 84' lang='lat' dir='ltr'>tuteque</span> <span class='ocrx_word' id='word_1_218' title='bbox 433 2247 565 2309; x_wconf 87' lang='lat' dir='ltr'>dimissis,</span> <span class='ocrx_word' id='word_1_219' title='bbox 581 2247 613 2298; x_wconf 89' lang='lat' dir='ltr'>ad</span> <span class='ocrx_word' id='word_1_220' title='bbox 637 2252 739 2299; x_wconf 88' lang='lat' dir='ltr'>arctam</span> <span class='ocrx_word' id='word_1_221' title='bbox 749 2247 832 2301; x_wconf 89' lang='lat' dir='ltr'>vitam</span> <span class='ocrx_word' id='word_1_222' title='bbox 842 2260 894 2300; x_wconf 91' lang='lat' dir='ltr'>nos</span> <span class='ocrx_word' id='word_1_223' title='bbox 929 2249 1064 2301; x_wconf 84' lang='lat' dir='ltr'>obtulisse</span> <span class='ocrx_word' id='word_1_224' title='bbox 1073 2249 1100 2301; x_wconf 91' lang='lat' dir='ltr'>in</span> <span class='ocrx_word' id='word_1_225' title='bbox 1112 2247 1276 2313; x_wconf 71' lang='lat' dir='ltr'>querenda</span> <span class='ocrx_word' id='word_1_226' title='bbox 1290 2249 1403 2310; x_wconf 87' lang='lat' dir='ltr'>scelera,</span> <span class='ocrx_word' id='word_1_227' title='bbox 1413 2260 1469 2300; x_wconf 90' lang='lat' dir='ltr'>uon</span> <span class='ocrx_word' id='word_1_228' title='bbox 1480 2260 1524 2299; x_wconf 90' lang='lat' dir='ltr'>so·</span> 
     </span>
     <span class='ocr_line' id='line_1_22' title="bbox 297 2331 1525 2400; baseline 0.002 -18"><span class='ocrx_word' id='word_1_229' title='bbox 297 2332 510 2383; x_wconf 87' lang='lat' dir='ltr'>transieramus.</span> <span class='ocrx_word' id='word_1_230' title='bbox 539 2333 606 2383; x_wconf 90' lang='lat' dir='ltr'>Nam</span> <span class='ocrx_word' id='word_1_231' title='bbox 627 2331 809 2385; x_wconf 80' lang='lat' dir='ltr'>confessionis</span> <span class='ocrx_word' id='word_1_232' title='bbox 827 2337 896 2384; x_wconf 88' lang='lat' dir='ltr'>tem·</span> <span class='ocrx_word' id='word_1_233' title='bbox 928 2335 985 2385; x_wconf 90' lang='lat' dir='ltr'>lum</span> <span class='ocrx_word' id='word_1_234' title='bbox 996 2347 1057 2398; x_wconf 81' lang='lat' dir='ltr'>quae</span> <span class='ocrx_word' id='word_1_235' title='bbox 1070 2348 1153 2400; x_wconf 87' lang='lat' dir='ltr'>opere</span> <span class='ocrx_word' id='word_1_236' title='bbox 1161 2336 1204 2386; x_wconf 91' lang='lat' dir='ltr'>vel</span> <span class='ocrx_word' id='word_1_237' title='bbox 1213 2335 1358 2398; x_wconf 89' lang='lat' dir='ltr'>verb0,sed</span> <span class='ocrx_word' id='word_1_238' title='bbox 1372 2335 1453 2387; x_wconf 88' lang='lat' dir='ltr'>etiam</span> <span class='ocrx_word' id='word_1_239' title='bbox 1463 2347 1525 2399; x_wconf 82' lang='lat' dir='ltr'>quae</span> 
     </span>
     <span class='ocr_line' id='line_1_23' title="bbox 296 2417 1526 2489; baseline 0.002 -19"><span class='ocrx_word' id='word_1_240' title='bbox 296 2432 352 2482; x_wconf 92' lang='lat' dir='ltr'>pus</span> <span class='ocrx_word' id='word_1_241' title='bbox 372 2421 417 2470; x_wconf 91' lang='lat' dir='ltr'>est</span> <span class='ocrx_word' id='word_1_242' title='bbox 435 2424 463 2469; x_wconf 91' lang='lat' dir='ltr'>et</span> <span class='ocrx_word' id='word_1_243' title='bbox 480 2430 536 2469; x_wconf 93' lang='lat' dir='ltr'>non</span> <span class='ocrx_word' id='word_1_244' title='bbox 552 2417 666 2470; x_wconf 88' lang='lat' dir='ltr'>initiatis</span> <span class='ocrx_word' id='word_1_245' title='bbox 689 2423 717 2472; x_wconf 88' lang='lat' dir='ltr'>et</span> <span class='ocrx_word' id='word_1_246' title='bbox 728 2418 894 2484; x_wconf 87' lang='lat' dir='ltr'>baptizatis:</span> <span class='ocrx_word' id='word_1_247' title='bbox 929 2420 1091 2472; x_wconf 89' lang='lat' dir='ltr'>tenuissima</span> <span class='ocrx_word' id='word_1_248' title='bbox 1104 2421 1288 2486; x_wconf 82' lang='lat' dir='ltr'>cogitationen</span> <span class='ocrx_word' id='word_1_249' title='bbox 1301 2424 1473 2489; x_wconf 78' lang='lat' dir='ltr'>peccaverat,</span> <span class='ocrx_word' id='word_1_250' title='bbox 1485 2433 1526 2472; x_wconf 88' lang='lat' dir='ltr'>re·</span> 
     </span>
     <span class='ocr_line' id='line_1_24' title="bbox 297 2503 1523 2568; baseline 0.001 -15"><span class='ocrx_word' id='word_1_251' title='bbox 297 2503 342 2554; x_wconf 93' lang='lat' dir='ltr'>his</span> <span class='ocrx_word' id='word_1_252' title='bbox 357 2503 473 2567; x_wconf 88' lang='lat' dir='ltr'>quidem</span> <span class='ocrx_word' id='word_1_253' title='bbox 496 2509 526 2553; x_wconf 93' lang='lat' dir='ltr'>ut</span> <span class='ocrx_word' id='word_1_254' title='bbox 545 2509 607 2568; x_wconf 89' lang='lat' dir='ltr'>post</span> <span class='ocrx_word' id='word_1_255' title='bbox 620 2503 809 2568; x_wconf 90' lang='lat' dir='ltr'>poenitentiam</span> <span class='ocrx_word' id='word_1_256' title='bbox 821 2514 897 2566; x_wconf 91' lang='lat' dir='ltr'>pera·</span> <span class='ocrx_word' id='word_1_257' title='bbox 931 2503 1098 2556; x_wconf 87' lang='lat' dir='ltr'>ferebantur.</span> <span class='ocrx_word' id='word_1_258' title='bbox 1116 2522 1132 2552; x_wconf 75' lang='lat' dir='ltr'>&lt;r</span> <span class='ocrx_word' id='word_1_259' title='bbox 1146 2507 1220 2556; x_wconf 88' lang='lat' dir='ltr'>lianc</span> <span class='ocrx_word' id='word_1_260' title='bbox 1236 2505 1395 2565; x_wconf 83' lang='lat' dir='ltr'>historiam,</span> <span class='ocrx_word' id='word_1_261' title='bbox 1414 2505 1487 2555; x_wconf 87' lang='lat' dir='ltr'>sicut</span> <span class='ocrx_word' id='word_1_262' title='bbox 1508 2517 1523 2554; x_wconf 94' lang='lat' dir='ltr'>a</span> 
     </span>
     <span class='ocr_line' id='line_1_25' title="bbox 295 2586 1523 2652; baseline -0.002 -13"><span class='ocrx_word' id='word_1_263' title='bbox 295 2592 373 2640; x_wconf 88' lang='lat' dir='ltr'>ctam</span> <span class='ocrx_word' id='word_1_264' title='bbox 386 2587 421 2638; x_wconf 94' lang='lat' dir='ltr'>ad</span> <span class='ocrx_word' id='word_1_265' title='bbox 445 2600 523 2638; x_wconf 89' lang='lat' dir='ltr'>sacra</span> <span class='ocrx_word' id='word_1_266' title='bbox 542 2587 653 2639; x_wconf 86' lang='lat' dir='ltr'>veniant</span> <span class='ocrx_word' id='word_1_267' title='bbox 679 2587 828 2652; x_wconf 81' lang='lat' dir='ltr'>mysteria:</span> <span class='ocrx_word' id='word_1_268' title='bbox 844 2586 897 2638; x_wconf 88' lang='lat' dir='ltr'>illis</span> <span class='ocrx_word' id='word_1_269' title='bbox 931 2587 1082 2640; x_wconf 84' lang='lat' dir='ltr'>venerabili</span> <span class='ocrx_word' id='word_1_270' title='bbox 1101 2588 1226 2640; x_wconf 72' lang='lat' dir='ltr'>antistite</span> <span class='ocrx_word' id='word_1_271' title='bbox 1252 2589 1407 2640; x_wconf 79' lang='lat' dir='ltr'>rechtelmo</span> <span class='ocrx_word' id='word_1_272' title='bbox 1423 2587 1523 2648; x_wconf 89' lang='lat' dir='ltr'>didici,</span> 
     </span>
     <span class='ocr_line' id='line_1_26' title="bbox 293 2671 1526 2740; baseline -0.001 -14"><span class='ocrx_word' id='word_1_273' title='bbox 293 2686 367 2726; x_wconf 87' lang='lat' dir='ltr'>vero</span> <span class='ocrx_word' id='word_1_274' title='bbox 381 2676 428 2732; x_wconf 92' lang='lat' dir='ltr'>ut,</span> <span class='ocrx_word' id='word_1_275' title='bbox 443 2671 543 2722; x_wconf 89' lang='lat' dir='ltr'>ablutis</span> <span class='ocrx_word' id='word_1_276' title='bbox 561 2671 589 2722; x_wconf 91' lang='lat' dir='ltr'>in</span> <span class='ocrx_word' id='word_1_277' title='bbox 605 2671 744 2736; x_wconf 78' lang='lat' dir='ltr'>baptismo</span> <span class='ocrx_word' id='word_1_278' title='bbox 761 2671 894 2733; x_wconf 76' lang='lat' dir='ltr'>metulla,</span> <span class='ocrx_word' id='word_1_279' title='bbox 932 2673 1111 2738; x_wconf 88' lang='lat' dir='ltr'>simpliciter,</span> <span class='ocrx_word' id='word_1_280' title='bbox 1133 2674 1169 2726; x_wconf 91' lang='lat' dir='ltr'>oh</span> <span class='ocrx_word' id='word_1_281' title='bbox 1179 2675 1295 2726; x_wconf 87' lang='lat' dir='ltr'>salutem</span> <span class='ocrx_word' id='word_1_282' title='bbox 1313 2673 1460 2740; x_wconf 87' lang='lat' dir='ltr'>legentium</span> <span class='ocrx_word' id='word_1_283' title='bbox 1472 2673 1526 2725; x_wconf 86' lang='lat' dir='ltr'>sive</span> 
     </span>
     <span class='ocr_line' id='line_1_27' title="bbox 293 2755 1525 2825; baseline -0.002 -15"><span class='ocrx_word' id='word_1_284' title='bbox 293 2770 370 2825; x_wconf 88' lang='lat' dir='ltr'>pura</span> <span class='ocrx_word' id='word_1_285' title='bbox 404 2755 572 2808; x_wconf 89' lang='lat' dir='ltr'>conscientia</span> <span class='ocrx_word' id='word_1_286' title='bbox 602 2755 636 2808; x_wconf 90' lang='lat' dir='ltr'>ad</span> <span class='ocrx_word' id='word_1_287' title='bbox 666 2768 790 2809; x_wconf 89' lang='lat' dir='ltr'>mensam</span> <span class='ocrx_word' id='word_1_288' title='bbox 820 2767 899 2809; x_wconf 87' lang='lat' dir='ltr'>acee-</span> <span class='ocrx_word' id='word_1_289' title='bbox 931 2757 1525 2824; x_wconf 75' lang='lat' dir='ltr'>audientium,narrandamesseputavi.»⁸</span> 
     </span>
     <span class='ocr_line' id='line_1_28' title="bbox 294 2840 1526 2909; baseline -0.003 -12"><span class='ocrx_word' id='word_1_290' title='bbox 294 2847 379 2897; x_wconf 87' lang='lat' dir='ltr'>dant.</span> <span class='ocrx_word' id='word_1_291' title='bbox 393 2862 405 2889; x_wconf 75' lang='lat' dir='ltr'>n</span> <span class='ocrx_word' id='word_1_292' title='bbox 420 2842 510 2894; x_wconf 69' lang='lat' dir='ltr'>’Alibi</span> <span class='ocrx_word' id='word_1_293' title='bbox 523 2842 561 2894; x_wconf 90' lang='lat' dir='ltr'>ait</span> <span class='ocrx_word' id='word_1_294' title='bbox 573 2857 579 2892; x_wconf 92' lang='lat'><strong>:</strong></span> <span class='ocrx_word' id='word_1_295' title='bbox 592 2860 608 2890; x_wconf 77' lang='grc' dir='ltr'>α</span> <span class='ocrx_word' id='word_1_296' title='bbox 620 2845 762 2895; x_wconf 83' lang='lat' dir='ltr'>Peccatum</span> <span class='ocrx_word' id='word_1_297' title='bbox 774 2853 830 2894; x_wconf 92' lang='lat' dir='ltr'>non</span> <span class='ocrx_word' id='word_1_298' title='bbox 850 2854 898 2906; x_wconf 88' lang='lat' dir='ltr'>per</span> <span class='ocrx_word' id='word_1_299' title='bbox 967 2844 1023 2895; x_wconf 77' lang='lat' dir='ltr'>lar.</span> <span class='ocrx_word' id='word_1_300' title='bbox 1040 2842 1099 2909; x_wconf 71' lang='lat' dir='ltr'>Odi.</span> <span class='ocrx_word' id='word_1_301' title='bbox 1120 2844 1161 2895; x_wconf 83' lang='lat' dir='ltr'>ltt.</span> <span class='ocrx_word' id='word_1_302' title='bbox 1186 2842 1329 2895; x_wconf 82' lang='lat' dir='ltr'>consessio</span> <span class='ocrx_word' id='word_1_303' title='bbox 1349 2842 1417 2909; x_wconf 85' lang='lat' dir='ltr'>juris</span> <span class='ocrx_word' id='word_1_304' title='bbox 1441 2840 1526 2895; x_wconf 90' lang='lat' dir='ltr'>divini</span> 
     </span>
     <span class='ocr_line' id='line_1_29' title="bbox 294 2925 1527 2994; baseline -0.002 -12"><span class='ocrx_word' id='word_1_305' title='bbox 294 2926 410 2994; x_wconf 86' lang='lat' dir='ltr'>peccati</span> <span class='ocrx_word' id='word_1_306' title='bbox 422 2926 637 2980; x_wconf 87' lang='lat' dir='ltr'>additamentum</span> <span class='ocrx_word' id='word_1_307' title='bbox 656 2927 766 2994; x_wconf 89' lang='lat' dir='ltr'>tegitur,</span> <span class='ocrx_word' id='word_1_308' title='bbox 787 2925 836 2980; x_wconf 86' lang='lat' dir='ltr'>sed</span> <span class='ocrx_word' id='word_1_309' title='bbox 849 2940 899 2992; x_wconf 92' lang='lat' dir='ltr'>per</span> <span class='ocrx_word' id='word_1_310' title='bbox 931 2928 1027 2982; x_wconf 87' lang='lat' dir='ltr'>haberi</span> <span class='ocrx_word' id='word_1_311' title='bbox 1041 2928 1136 2994; x_wconf 90' lang='lat' dir='ltr'>nequit</span> <span class='ocrx_word' id='word_1_312' title='bbox 1151 2944 1157 2979; x_wconf 82' lang='lat' dir='ltr'>z</span> <span class='ocrx_word' id='word_1_313' title='bbox 1172 2942 1236 2981; x_wconf 84' lang='lat' dir='ltr'>nom</span> <span class='ocrx_word' id='word_1_314' title='bbox 1252 2946 1268 2977; x_wconf 76' lang='lat' dir='ltr'>u</span> <span class='ocrx_word' id='word_1_315' title='bbox 1285 2934 1358 2981; x_wconf 89' lang='lat' dir='ltr'>certe</span> <span class='ocrx_word' id='word_1_316' title='bbox 1376 2927 1479 2980; x_wconf 92' lang='lat' dir='ltr'>nullam</span> <span class='ocrx_word' id='word_1_317' title='bbox 1491 2927 1527 2980; x_wconf 89' lang='lat' dir='ltr'>de</span> 
     </span>
     <span class='ocr_line' id='line_1_30' title="bbox 293 3011 1526 3081; baseline -0.004 -13"><span class='ocrx_word' id='word_1_318' title='bbox 293 3013 494 3081; x_wconf 86' lang='lat' dir='ltr'>poenitentiam</span> <span class='ocrx_word' id='word_1_319' title='bbox 506 3018 533 3065; x_wconf 89' lang='lat' dir='ltr'>et</span> <span class='ocrx_word' id='word_1_320' title='bbox 547 3013 761 3067; x_wconf 81' lang='lat' dir='ltr'>confessionem.</span> <span class='ocrx_word' id='word_1_321' title='bbox 771 3011 805 3060; x_wconf 76' lang='lat'>»⁶</span> <span class='ocrx_word' id='word_1_322' title='bbox 932 3027 964 3067; x_wconf 91' lang='lat' dir='ltr'>ea</span> <span class='ocrx_word' id='word_1_323' title='bbox 978 3018 1105 3067; x_wconf 84' lang='lat' dir='ltr'>statutam</span> <span class='ocrx_word' id='word_1_324' title='bbox 1117 3014 1201 3067; x_wconf 89' lang='lat' dir='ltr'>luisse</span> <span class='ocrx_word' id='word_1_325' title='bbox 1215 3015 1303 3080; x_wconf 87' lang='lat' dir='ltr'>legem</span> <span class='ocrx_word' id='word_1_326' title='bbox 1323 3019 1369 3066; x_wconf 88' lang='lat' dir='ltr'>aut</span> <span class='ocrx_word' id='word_1_327' title='bbox 1392 3012 1526 3066; x_wconf 85' lang='lat' dir='ltr'>constitu·</span> 
     </span>
     <span class='ocr_line' id='line_1_31' title="bbox 332 3095 1528 3163; baseline -0.008 -11"><span class='ocrx_word' id='word_1_328' title='bbox 332 3102 398 3152; x_wconf 80' lang='lat'>155.</span> <span class='ocrx_word' id='word_1_329' title='bbox 413 3097 472 3163; x_wconf 74' lang='lat' dir='ltr'>OlrJ&#39;.</span> <span class='ocrx_word' id='word_1_330' title='bbox 491 3101 517 3150; x_wconf 82' lang='grc'>9.</span> <span class='ocrx_word' id='word_1_331' title='bbox 532 3098 699 3151; x_wconf 76' lang='lat' dir='ltr'>venerahilis</span> <span class='ocrx_word' id='word_1_332' title='bbox 716 3098 789 3149; x_wconf 83' lang='lat' dir='ltr'>Beda</span> <span class='ocrx_word' id='word_1_333' title='bbox 807 3095 894 3149; x_wconf 87' lang='lat' dir='ltr'>dicit:</span> <span class='ocrx_word' id='word_1_334' title='bbox 931 3100 1035 3151; x_wconf 85' lang='lat' dir='ltr'>tionem</span> <span class='ocrx_word' id='word_1_335' title='bbox 1049 3099 1273 3151; x_wconf 88' lang='lat' dir='ltr'>antelunocentii</span> <span class='ocrx_word' id='word_1_336' title='bbox 1285 3099 1332 3147; x_wconf 88' lang='lat' dir='ltr'>ill.</span> <span class='ocrx_word' id='word_1_337' title='bbox 1347 3104 1470 3161; x_wconf 89' lang='lat' dir='ltr'>tempora</span> <span class='ocrx_word' id='word_1_338' title='bbox 1487 3095 1528 3143; x_wconf 78' lang='lat'>»⁷</span> 
     </span>
     <span class='ocr_line' id='line_1_32' title="bbox 297 3181 1459 3249; baseline -0.001 -18"><span class='ocrx_word' id='word_1_339' title='bbox 297 3206 311 3231; x_wconf 83' lang='lat'>«</span> <span class='ocrx_word' id='word_1_340' title='bbox 326 3184 464 3249; x_wconf 85' lang='lat' dir='ltr'>Quisquis</span> <span class='ocrx_word' id='word_1_341' title='bbox 479 3183 523 3235; x_wconf 88' lang='lat' dir='ltr'>vel</span> <span class='ocrx_word' id='word_1_342' title='bbox 543 3183 670 3235; x_wconf 89' lang='lat' dir='ltr'>haerelica</span> <span class='ocrx_word' id='word_1_343' title='bbox 689 3181 838 3248; x_wconf 86' lang='lat' dir='ltr'>pravitate,</span> <span class='ocrx_word' id='word_1_344' title='bbox 855 3182 899 3233; x_wconf 91' lang='lat' dir='ltr'>vel</span> <span class='ocrx_word' id='word_1_345' title='bbox 932 3185 1041 3235; x_wconf 85' lang='lat' dir='ltr'>constat</span> <span class='ocrx_word' id='word_1_346' title='bbox 1055 3196 1087 3234; x_wconf 86' lang='lat' dir='ltr'>ex</span> <span class='ocrx_word' id='word_1_347' title='bbox 1098 3182 1243 3233; x_wconf 89' lang='lat' dir='ltr'>annalibus</span> <span class='ocrx_word' id='word_1_348' title='bbox 1254 3181 1459 3234; x_wconf 87' lang='lat' dir='ltr'>ecclesiasticis.</span> 
     </span>
     <span class='ocr_line' id='line_1_33' title="bbox 294 3262 1528 3336; baseline -0.008 -13"><span class='ocrx_word' id='word_1_349' title='bbox 294 3268 503 3336; x_wconf 91' lang='lat' dir='ltr'>superstitione</span> <span class='ocrx_word' id='word_1_350' title='bbox 523 3266 635 3332; x_wconf 81' lang='lat' dir='ltr'>gentili,</span> <span class='ocrx_word' id='word_1_351' title='bbox 655 3267 699 3318; x_wconf 92' lang='lat' dir='ltr'>vel</span> <span class='ocrx_word' id='word_1_352' title='bbox 717 3264 899 3328; x_wconf 85' lang='lat' dir='ltr'>ludaicaper·</span> <span class='ocrx_word' id='word_1_353' title='bbox 967 3268 1026 3317; x_wconf 72' lang='lat'>158.</span> <span class='ocrx_word' id='word_1_354' title='bbox 1039 3266 1116 3330; x_wconf 76' lang='lat' dir='ltr'>Rern.</span> <span class='ocrx_word' id='word_1_355' title='bbox 1132 3265 1272 3317; x_wconf 79' lang='lat' dir='ltr'>Calvinum</span> <span class='ocrx_word' id='word_1_356' title='bbox 1285 3277 1317 3315; x_wconf 87' lang='lat' dir='ltr'>ex</span> <span class='ocrx_word' id='word_1_357' title='bbox 1330 3275 1385 3316; x_wconf 81' lang='lat' dir='ltr'>¹ore</span> <span class='ocrx_word' id='word_1_358' title='bbox 1407 3276 1457 3315; x_wconf 90' lang='lat' dir='ltr'>suo</span> <span class='ocrx_word' id='word_1_359' title='bbox 1477 3262 1528 3314; x_wconf 89' lang='lat' dir='ltr'>da-</span> 
     </span>
     <span class='ocr_line' id='line_1_34' title="bbox 294 3347 1541 3418; baseline -0.008 -9"><span class='ocrx_word' id='word_1_360' title='bbox 294 3356 390 3418; x_wconf 86' lang='lat' dir='ltr'>tidia‚</span> <span class='ocrx_word' id='word_1_361' title='bbox 409 3354 453 3405; x_wconf 89' lang='lat' dir='ltr'>vel</span> <span class='ocrx_word' id='word_1_362' title='bbox 479 3351 562 3404; x_wconf 91' lang='lat' dir='ltr'>etiam</span> <span class='ocrx_word' id='word_1_363' title='bbox 580 3350 729 3403; x_wconf 89' lang='lat' dir='ltr'>schismate</span> <span class='ocrx_word' id='word_1_364' title='bbox 763 3348 899 3413; x_wconf 80' lang='lat' dir='ltr'>fraterno,</span> <span class='ocrx_word' id='word_1_365' title='bbox 934 3362 1082 3401; x_wconf 89' lang='lat' dir='ltr'>muamus:</span> <span class='ocrx_word' id='word_1_366' title='bbox 1101 3361 1165 3400; x_wconf 89' lang='lat' dir='ltr'>nam</span> <span class='ocrx_word' id='word_1_367' title='bbox 1182 3347 1364 3400; x_wconf 86' lang='lat' dir='ltr'>confessionis</span> <span class='ocrx_word' id='word_1_368' title='bbox 1380 3348 1541 3399; x_wconf 67' lang='lat' dir='ltr'>vetustissi-</span> 
     </span>
     <span class='ocr_line' id='line_1_35' title="bbox 293 3431 1527 3507; baseline -0.007 -13"><span class='ocrx_word' id='word_1_369' title='bbox 293 3438 386 3507; x_wconf 91' lang='lat' dir='ltr'>quasi</span> <span class='ocrx_word' id='word_1_370' title='bbox 400 3436 476 3489; x_wconf 90' lang='lat' dir='ltr'>vario</span> <span class='ocrx_word' id='word_1_371' title='bbox 486 3436 579 3487; x_wconf 90' lang='lat' dir='ltr'>colore</span> <span class='ocrx_word' id='word_1_372' title='bbox 595 3447 645 3500; x_wconf 89' lang='lat' dir='ltr'>per</span> <span class='ocrx_word' id='word_1_373' title='bbox 664 3433 771 3506; x_wconf 87' lang='lat' dir='ltr'>bomini</span> <span class='ocrx_word' id='word_1_374' title='bbox 785 3433 900 3500; x_wconf 86' lang='lat' dir='ltr'>gratiam</span> <span class='ocrx_word' id='word_1_375' title='bbox 934 3447 1012 3486; x_wconf 85' lang='lat' dir='ltr'>urum</span> <span class='ocrx_word' id='word_1_376' title='bbox 1030 3446 1086 3486; x_wconf 80' lang='lat' dir='ltr'>erac</span> <span class='ocrx_word' id='word_1_377' title='bbox 1108 3446 1191 3485; x_wconf 82' lang='lat' dir='ltr'>usum</span> <span class='ocrx_word' id='word_1_378' title='bbox 1213 3433 1328 3497; x_wconf 87' lang='lat' dir='ltr'>latetur,</span> <span class='ocrx_word' id='word_1_379' title='bbox 1351 3446 1431 3499; x_wconf 88' lang='lat' dir='ltr'>quem</span> <span class='ocrx_word' id='word_1_380' title='bbox 1452 3431 1527 3485; x_wconf 89' lang='lat' dir='ltr'>nulla</span> 
     </span>
     <span class='ocr_line' id='line_1_36' title="bbox 293 3518 1527 3587; baseline -0.006 -8"><span class='ocrx_word' id='word_1_381' title='bbox 293 3523 577 3584; x_wconf 87' lang='lat' dir='ltr'>caruerit,necesse</span> <span class='ocrx_word' id='word_1_382' title='bbox 589 3527 632 3573; x_wconf 86' lang='lat' dir='ltr'>est</span> <span class='ocrx_word' id='word_1_383' title='bbox 652 3521 687 3574; x_wconf 89' lang='lat' dir='ltr'>ad</span> <span class='ocrx_word' id='word_1_384' title='bbox 696 3521 845 3573; x_wconf 78' lang='lat' dir='ltr'>Ecclesiam</span> <span class='ocrx_word' id='word_1_385' title='bbox 857 3534 901 3573; x_wconf 90' lang='lat' dir='ltr'>ve·</span> <span class='ocrx_word' id='word_1_386' title='bbox 935 3522 996 3587; x_wconf 88' lang='lat' dir='ltr'>lege</span> <span class='ocrx_word' id='word_1_387' title='bbox 1028 3525 1075 3573; x_wconf 90' lang='lat' dir='ltr'>aut</span> <span class='ocrx_word' id='word_1_388' title='bbox 1105 3519 1301 3574; x_wconf 90' lang='lat' dir='ltr'>constitutione</span> <span class='ocrx_word' id='word_1_389' title='bbox 1342 3518 1527 3573; x_wconf 87' lang='lat' dir='ltr'>ecelesiastica</span> 
     </span>
     <span class='ocr_line' id='line_1_37' title="bbox 292 3604 1541 3674; baseline -0.007 -8"><span class='ocrx_word' id='word_1_390' title='bbox 292 3615 380 3672; x_wconf 78' lang='lat' dir='ltr'>niet,</span> <span class='ocrx_word' id='word_1_391' title='bbox 409 3608 585 3672; x_wconf 88' lang='lat' dir='ltr'>coloremque</span> <span class='ocrx_word' id='word_1_392' title='bbox 612 3606 676 3661; x_wconf 87' lang='lat' dir='ltr'>lidei</span> <span class='ocrx_word' id='word_1_393' title='bbox 693 3621 788 3660; x_wconf 83' lang='lat' dir='ltr'>rerum</span> <span class='ocrx_word' id='word_1_394' title='bbox 814 3622 897 3674; x_wconf 91' lang='lat' dir='ltr'>quem</span> <span class='ocrx_word' id='word_1_395' title='bbox 934 3607 1029 3659; x_wconf 88' lang='lat' dir='ltr'>nixum</span> <span class='ocrx_word' id='word_1_396' title='bbox 1056 3620 1117 3659; x_wconf 88' lang='lat' dir='ltr'>esse</span> <span class='ocrx_word' id='word_1_397' title='bbox 1138 3606 1269 3660; x_wconf 87' lang='lat' dir='ltr'>declarat.</span> <span class='ocrx_word' id='word_1_398' title='bbox 1287 3607 1328 3660; x_wconf 80' lang='lat' dir='ltr'>hd</span> <span class='ocrx_word' id='word_1_399' title='bbox 1341 3609 1387 3672; x_wconf 90' lang='lat' dir='ltr'>jus</span> <span class='ocrx_word' id='word_1_400' title='bbox 1405 3604 1541 3659; x_wconf 69' lang='lat' dir='ltr'>divinnml</span> 
     </span>
     <span class='ocr_line' id='line_1_38' title="bbox 294 3690 1529 3761; baseline -0.01 -8"><span class='ocrx_word' id='word_1_401' title='bbox 294 3694 463 3761; x_wconf 85' lang='lat' dir='ltr'>acceperit,</span> <span class='ocrx_word' id='word_1_402' title='bbox 474 3693 610 3745; x_wconf 87' lang='lat' dir='ltr'>ostendat.</span> <span class='ocrx_word' id='word_1_403' title='bbox 624 3696 727 3745; x_wconf 76' lang='lat' dir='ltr'>caetera</span> <span class='ocrx_word' id='word_1_404' title='bbox 739 3706 804 3746; x_wconf 80' lang='lat' dir='ltr'>vero</span> <span class='ocrx_word' id='word_1_405' title='bbox 816 3694 880 3747; x_wconf 88' lang='lat' dir='ltr'>vitia</span> <span class='ocrx_word' id='word_1_406' title='bbox 892 3731 901 3758; x_wconf 95' lang='lat'>,</span> <span class='ocrx_word' id='word_1_407' title='bbox 935 3692 1019 3759; x_wconf 89' lang='lat' dir='ltr'>igitur</span> <span class='ocrx_word' id='word_1_408' title='bbox 1030 3693 1190 3746; x_wconf 83' lang='lat' dir='ltr'>referendus</span> <span class='ocrx_word' id='word_1_409' title='bbox 1201 3697 1243 3745; x_wconf 87' lang='lat' dir='ltr'>est</span> <span class='ocrx_word' id='word_1_410' title='bbox 1255 3707 1261 3743; x_wconf 92' lang='lat'>:</span> <span class='ocrx_word' id='word_1_411' title='bbox 1275 3706 1326 3745; x_wconf 87' lang='lat' dir='ltr'>uec</span> <span class='ocrx_word' id='word_1_412' title='bbox 1343 3691 1415 3745; x_wconf 91' lang='lat' dir='ltr'>enim</span> <span class='ocrx_word' id='word_1_413' title='bbox 1433 3690 1529 3744; x_wconf 82' lang='lat' dir='ltr'>existi-</span> 
     </span>
     <span class='ocr_line' id='line_1_39' title="bbox 292 3778 1527 3846; baseline -0.006 -11"><span class='ocrx_word' id='word_1_414' title='bbox 292 3791 449 3846; x_wconf 86' lang='lat' dir='ltr'>tamquam</span> <span class='ocrx_word' id='word_1_415' title='bbox 462 3778 669 3842; x_wconf 84' lang='lat' dir='ltr'>valetudinis,et</span> <span class='ocrx_word' id='word_1_416' title='bbox 681 3778 905 3845; x_wconf 85' lang='lat' dir='ltr'>quasimembro-</span> <span class='ocrx_word' id='word_1_417' title='bbox 935 3779 1067 3831; x_wconf 81' lang='lat' dir='ltr'>mendum</span> <span class='ocrx_word' id='word_1_418' title='bbox 1084 3779 1181 3831; x_wconf 87' lang='lat' dir='ltr'>fideles</span> <span class='ocrx_word' id='word_1_419' title='bbox 1207 3784 1283 3831; x_wconf 90' lang='lat' dir='ltr'>tanto</span> <span class='ocrx_word' id='word_1_420' title='bbox 1314 3778 1390 3831; x_wconf 89' lang='lat' dir='ltr'>oneri</span> <span class='ocrx_word' id='word_1_421' title='bbox 1412 3790 1474 3828; x_wconf 89' lang='lat' dir='ltr'>sese</span> <span class='ocrx_word' id='word_1_422' title='bbox 1494 3789 1527 3828; x_wconf 85' lang='lat' dir='ltr'>ex</span> 
     </span>
     <span class='ocr_line' id='line_1_40' title="bbox 295 3859 1527 3928; baseline -0.006 -10"><span class='ocrx_word' id='word_1_423' title='bbox 295 3880 366 3919; x_wconf 90' lang='lat' dir='ltr'>rum</span> <span class='ocrx_word' id='word_1_424' title='bbox 382 3862 484 3915; x_wconf 87' lang='lat' dir='ltr'>animae</span> <span class='ocrx_word' id='word_1_425' title='bbox 494 3869 575 3927; x_wconf 90' lang='lat' dir='ltr'>atque</span> <span class='ocrx_word' id='word_1_426' title='bbox 597 3875 747 3927; x_wconf 90' lang='lat' dir='ltr'>sensuum,</span> <span class='ocrx_word' id='word_1_427' title='bbox 768 3876 818 3927; x_wconf 89' lang='lat' dir='ltr'>per</span> <span class='ocrx_word' id='word_1_428' title='bbox 833 3864 904 3928; x_wconf 90' lang='lat' dir='ltr'>seip·</span> <span class='ocrx_word' id='word_1_429' title='bbox 937 3863 1136 3927; x_wconf 88' lang='lat' dir='ltr'>antiquissimis</span> <span class='ocrx_word' id='word_1_430' title='bbox 1147 3863 1318 3927; x_wconf 85' lang='lat' dir='ltr'>temporibus</span> <span class='ocrx_word' id='word_1_431' title='bbox 1332 3868 1430 3927; x_wconf 85' lang='lat' dir='ltr'>sponte</span> <span class='ocrx_word' id='word_1_432' title='bbox 1444 3859 1527 3912; x_wconf 87' lang='lat' dir='ltr'>veluti</span> 
     </span>
     <span class='ocr_line' id='line_1_41' title="bbox 296 3946 1530 4019; baseline -0.009 -14"><span class='ocrx_word' id='word_1_433' title='bbox 296 3966 369 4005; x_wconf 91' lang='lat' dir='ltr'>sum</span> <span class='ocrx_word' id='word_1_434' title='bbox 383 3948 500 4019; x_wconf 84' lang='lat' dir='ltr'>interius</span> <span class='ocrx_word' id='word_1_435' title='bbox 510 3947 538 3998; x_wconf 94' lang='lat' dir='ltr'>in</span> <span class='ocrx_word' id='word_1_436' title='bbox 551 3946 718 4000; x_wconf 88' lang='lat' dir='ltr'>conscientia</span> <span class='ocrx_word' id='word_1_437' title='bbox 730 3953 757 4000; x_wconf 90' lang='lat' dir='ltr'>et</span> <span class='ocrx_word' id='word_1_438' title='bbox 765 3947 903 4000; x_wconf 86' lang='lat' dir='ltr'>intellectu</span> <span class='ocrx_word' id='word_1_439' title='bbox 937 3946 1106 4012; x_wconf 86' lang='lat' dir='ltr'>subjecisse,</span> <span class='ocrx_word' id='word_1_440' title='bbox 1130 3947 1203 3997; x_wconf 91' lang='lat' dir='ltr'>nulla</span> <span class='ocrx_word' id='word_1_441' title='bbox 1223 3947 1283 4011; x_wconf 91' lang='lat' dir='ltr'>lege</span> <span class='ocrx_word' id='word_1_442' title='bbox 1303 3951 1427 4011; x_wconf 84' lang='lat' dir='ltr'>cogente.</span> <span class='ocrx_word' id='word_1_443' title='bbox 1446 3946 1530 3995; x_wconf 84' lang='lat' dir='ltr'>Recte</span> 
     </span>
     <span class='ocr_line' id='line_1_42' title="bbox 296 4026 1528 4099; baseline -0.009 -7"><span class='ocrx_word' id='word_1_444' title='bbox 296 4034 446 4092; x_wconf 80' lang='lat' dir='ltr'>Dominus</span> <span class='ocrx_word' id='word_1_445' title='bbox 475 4037 554 4085; x_wconf 88' lang='lat' dir='ltr'>sanat</span> <span class='ocrx_word' id='word_1_446' title='bbox 578 4037 606 4085; x_wconf 90' lang='lat' dir='ltr'>et</span> <span class='ocrx_word' id='word_1_447' title='bbox 633 4032 753 4099; x_wconf 88' lang='lat' dir='ltr'>corrigit.</span> <span class='ocrx_word' id='word_1_448' title='bbox 767 4031 803 4079; x_wconf 77' lang='lat' dir='ltr'>n‘</span> <span class='ocrx_word' id='word_1_449' title='bbox 833 4034 903 4097; x_wconf 83' lang='lat' dir='ltr'>Ergo</span> <span class='ocrx_word' id='word_1_450' title='bbox 924 4030 1270 4094; x_wconf 84' lang='lat' dir='ltr'>.ad1nnocentiitempora</span> <span class='ocrx_word' id='word_1_451' title='bbox 1290 4026 1528 4081; x_wconf 83' lang='lat' dir='ltr'>lexecclesiaslica</span> 
     </span>
     <span class='ocr_line' id='line_1_43' title="bbox 296 4111 1528 4179; baseline -0.011 -3"><span class='ocrx_word' id='word_1_452' title='bbox 296 4118 450 4176; x_wconf 89' lang='lat' dir='ltr'>sacerdoti</span> <span class='ocrx_word' id='word_1_453' title='bbox 468 4119 566 4171; x_wconf 92' lang='lat' dir='ltr'>horum</span> <span class='ocrx_word' id='word_1_454' title='bbox 581 4116 718 4170; x_wconf 80' lang='lat' dir='ltr'>confessio</span> <span class='ocrx_word' id='word_1_455' title='bbox 732 4129 789 4167; x_wconf 92' lang='lat' dir='ltr'>non</span> <span class='ocrx_word' id='word_1_456' title='bbox 803 4120 845 4167; x_wconf 88' lang='lat' dir='ltr'>est</span> <span class='ocrx_word' id='word_1_457' title='bbox 860 4116 903 4166; x_wconf 79' lang='lat' dir='ltr'>fa·</span> <span class='ocrx_word' id='word_1_458' title='bbox 936 4116 1071 4178; x_wconf 86' lang='lat' dir='ltr'>retertur,</span> <span class='ocrx_word' id='word_1_459' title='bbox 1096 4115 1146 4168; x_wconf 90' lang='lat' dir='ltr'>sed</span> <span class='ocrx_word' id='word_1_460' title='bbox 1172 4128 1205 4167; x_wconf 86' lang='lat' dir='ltr'>ex</span> <span class='ocrx_word' id='word_1_461' title='bbox 1228 4114 1314 4179; x_wconf 84' lang='lat' dir='ltr'>ipsius</span> <span class='ocrx_word' id='word_1_462' title='bbox 1331 4112 1423 4166; x_wconf 91' lang='lat' dir='ltr'>verbis</span> <span class='ocrx_word' id='word_1_463' title='bbox 1443 4111 1528 4175; x_wconf 82' lang='lat' dir='ltr'>liquet</span> 
     </span>
     <span class='ocr_line' id='line_1_44' title="bbox 294 4198 1528 4263; baseline -0.011 -2"><span class='ocrx_word' id='word_1_464' title='bbox 294 4206 419 4261; x_wconf 90' lang='lat' dir='ltr'>cienda.</span> <span class='ocrx_word' id='word_1_465' title='bbox 937 4213 993 4253; x_wconf 91' lang='lat' dir='ltr'>non</span> <span class='ocrx_word' id='word_1_466' title='bbox 1017 4213 1115 4253; x_wconf 86' lang='lat' dir='ltr'>novam</span> <span class='ocrx_word' id='word_1_467' title='bbox 1142 4212 1174 4253; x_wconf 92' lang='lat' dir='ltr'>ea</span> <span class='ocrx_word' id='word_1_468' title='bbox 1201 4198 1292 4251; x_wconf 89' lang='lat' dir='ltr'>induci</span> <span class='ocrx_word' id='word_1_469' title='bbox 1314 4198 1528 4263; x_wconf 80' lang='lat' dir='ltr'>obligationem,</span> 
     </span>
    </p>
   </div>
   <div class='ocr_carea' id='block_1_3' title="bbox 292 4463 1335 4797">
    <p class='ocr_par' dir='ltr' id='par_1_3' title="bbox 292 4463 1335 4797">
     <span class='ocr_line' id='line_1_45' title="bbox 325 4463 1242 4521; baseline -0.004 -14"><span class='ocrx_word' id='word_1_470' title='bbox 325 4471 362 4521; x_wconf 72' lang='lat' dir='ltr'>(rt</span> <span class='ocrx_word' id='word_1_471' title='bbox 377 4468 412 4507; x_wconf 76' lang='lat' dir='ltr'>tte</span> <span class='ocrx_word' id='word_1_472' title='bbox 423 4466 501 4505; x_wconf 68' lang='lat' dir='ltr'>lazaro</span> <span class='ocrx_word' id='word_1_473' title='bbox 515 4464 596 4506; x_wconf 80' lang='lat' dir='ltr'>Corneio</span> <span class='ocrx_word' id='word_1_474' title='bbox 605 4463 633 4507; x_wconf 83' lang='lat' dir='ltr'>ir.</span> <span class='ocrx_word' id='word_1_475' title='bbox 643 4470 658 4505; x_wconf 83' lang='lat' dir='ltr'>t.</span> <span class='ocrx_word' id='word_1_476' title='bbox 669 4464 692 4504; x_wconf 93' lang='lat' dir='ltr'>ii.</span> <span class='ocrx_word' id='word_1_477' title='bbox 699 4475 721 4517; x_wconf 86' lang='lat' dir='ltr'>p.</span> <span class='ocrx_word' id='word_1_478' title='bbox 731 4470 774 4505; x_wconf 70' lang='lat' dir='ltr'>tta.</span> <span class='ocrx_word' id='word_1_479' title='bbox 785 4464 837 4505; x_wconf 80' lang='lat' dir='ltr'>Vide</span> <span class='ocrx_word' id='word_1_480' title='bbox 845 4465 902 4518; x_wconf 78' lang='lat' dir='ltr'>apud</span> <span class='ocrx_word' id='word_1_481' title='bbox 965 4465 972 4515; x_wconf 79' lang='lat' dir='ltr'>l</span> <span class='ocrx_word' id='word_1_482' title='bbox 976 4466 995 4517; x_wconf 82' lang='lat' dir='ltr'>t)</span> <span class='ocrx_word' id='word_1_483' title='bbox 1007 4466 1031 4505; x_wconf 84' lang='lat' dir='ltr'>L.</span> <span class='ocrx_word' id='word_1_484' title='bbox 1040 4476 1060 4505; x_wconf 84' lang='lat' dir='ltr'>r.</span> <span class='ocrx_word' id='word_1_485' title='bbox 1070 4464 1092 4505; x_wconf 91' lang='lat' dir='ltr'>in</span> <span class='ocrx_word' id='word_1_486' title='bbox 1103 4476 1121 4505; x_wconf 89' lang='lat' dir='ltr'>c.</span> <span class='ocrx_word' id='word_1_487' title='bbox 1131 4464 1181 4505; x_wconf 83' lang='lat' dir='ltr'>xvii.</span> <span class='ocrx_word' id='word_1_488' title='bbox 1190 4464 1242 4504; x_wconf 82' lang='lat' dir='ltr'>Luc.</span> 
     </span>
     <span class='ocr_line' id='line_1_46' title="bbox 292 4532 1215 4586; baseline -0.013 -1"><span class='ocrx_word' id='word_1_489' title='bbox 292 4538 419 4584; x_wconf 71' lang='lat' dir='ltr'>laconum</span> <span class='ocrx_word' id='word_1_490' title='bbox 430 4534 515 4574; x_wconf 79' lang='lat' dir='ltr'>hoileau</span> <span class='ocrx_word' id='word_1_491' title='bbox 527 4534 549 4574; x_wconf 92' lang='lat' dir='ltr'>in</span> <span class='ocrx_word' id='word_1_492' title='bbox 558 4534 653 4574; x_wconf 77' lang='lat' dir='ltr'>Historia</span> <span class='ocrx_word' id='word_1_493' title='bbox 662 4532 809 4574; x_wconf 80' lang='lat' dir='ltr'>consessionis</span> <span class='ocrx_word' id='word_1_494' title='bbox 818 4535 903 4574; x_wconf 72' lang='lat' dir='ltr'>sumeu—</span> <span class='ocrx_word' id='word_1_495' title='bbox 965 4541 989 4585; x_wconf 60' lang='lat' dir='ltr'>tlt)</span> <span class='ocrx_word' id='word_1_496' title='bbox 1000 4536 1023 4576; x_wconf 91' lang='lat' dir='ltr'>in</span> <span class='ocrx_word' id='word_1_497' title='bbox 1034 4546 1052 4574; x_wconf 84' lang='lat' dir='ltr'>o.</span> <span class='ocrx_word' id='word_1_498' title='bbox 1061 4547 1081 4575; x_wconf 82' lang='lat' dir='ltr'>v.</span> <span class='ocrx_word' id='word_1_499' title='bbox 1091 4546 1125 4586; x_wconf 86' lang='lat' dir='ltr'>ep.</span> <span class='ocrx_word' id='word_1_500' title='bbox 1134 4534 1215 4574; x_wconf 81' lang='lat' dir='ltr'>iacobi.</span> 
     </span>
     <span class='ocr_line' id='line_1_47' title="bbox 295 4601 1266 4657; baseline -0.012 -4"><span class='ocrx_word' id='word_1_501' title='bbox 295 4610 360 4653; x_wconf 78' lang='lat' dir='ltr'>iaris</span> <span class='ocrx_word' id='word_1_502' title='bbox 371 4617 395 4645; x_wconf 83' lang='lat' dir='ltr'>c.</span> <span class='ocrx_word' id='word_1_503' title='bbox 406 4603 443 4643; x_wconf 80' lang='lat' dir='ltr'>sii.</span> <span class='ocrx_word' id='word_1_504' title='bbox 451 4609 473 4643; x_wconf 83' lang='lat' dir='ltr'>et</span> <span class='ocrx_word' id='word_1_505' title='bbox 483 4603 528 4642; x_wconf 77' lang='lat' dir='ltr'>xiii.</span> <span class='ocrx_word' id='word_1_506' title='bbox 536 4604 583 4642; x_wconf 74' lang='lat' dir='ltr'>loce</span> <span class='ocrx_word' id='word_1_507' title='bbox 591 4602 741 4655; x_wconf 73' lang='lat' dir='ltr'>chrysostomi</span> <span class='ocrx_word' id='word_1_508' title='bbox 751 4601 867 4643; x_wconf 71' lang='lat' dir='ltr'>illustrata.</span> <span class='ocrx_word' id='word_1_509' title='bbox 964 4605 992 4657; x_wconf 75' lang='lat' dir='ltr'>(ul</span> <span class='ocrx_word' id='word_1_510' title='bbox 1003 4605 1026 4645; x_wconf 83' lang='lat' dir='ltr'>L.</span> <span class='ocrx_word' id='word_1_511' title='bbox 1035 4616 1056 4644; x_wconf 84' lang='lat' dir='ltr'>r.</span> <span class='ocrx_word' id='word_1_512' title='bbox 1066 4603 1116 4643; x_wconf 86' lang='lat' dir='ltr'>hist.</span> <span class='ocrx_word' id='word_1_513' title='bbox 1128 4604 1211 4644; x_wconf 72' lang='lat' dir='ltr'>liceto.</span> <span class='ocrx_word' id='word_1_514' title='bbox 1225 4602 1266 4652; x_wconf 82' lang='lat' dir='ltr'>riv,</span> 
     </span>
     <span class='ocr_line' id='line_1_48' title="bbox 308 4672 1335 4727; baseline 0.003 -20"><span class='ocrx_word' id='word_1_515' title='bbox 308 4681 358 4726; x_wconf 58' lang='lat' dir='ltr'>qq)</span> <span class='ocrx_word' id='word_1_516' title='bbox 369 4675 441 4715; x_wconf 80' lang='lat' dir='ltr'>Hom.</span> <span class='ocrx_word' id='word_1_517' title='bbox 453 4684 473 4711; x_wconf 83' lang='lat' dir='ltr'>x.</span> <span class='ocrx_word' id='word_1_518' title='bbox 484 4672 507 4711; x_wconf 91' lang='lat' dir='ltr'>in</span> <span class='ocrx_word' id='word_1_519' title='bbox 516 4672 590 4712; x_wconf 73' lang='lat' dir='ltr'>unuh.</span> <span class='ocrx_word' id='word_1_520' title='bbox 962 4679 990 4727; x_wconf 74' lang='lat' dir='ltr'>lt)</span> <span class='ocrx_word' id='word_1_521' title='bbox 998 4674 1100 4716; x_wconf 84' lang='lat' dir='ltr'>Calvinus</span> <span class='ocrx_word' id='word_1_522' title='bbox 1109 4674 1161 4715; x_wconf 84' lang='lat' dir='ltr'>lust.</span> <span class='ocrx_word' id='word_1_523' title='bbox 1171 4673 1185 4714; x_wconf 88' lang='lat' dir='ltr'>l.</span> <span class='ocrx_word' id='word_1_524' title='bbox 1192 4672 1225 4713; x_wconf 88' lang='lat' dir='ltr'>iii.</span> <span class='ocrx_word' id='word_1_525' title='bbox 1232 4684 1251 4713; x_wconf 90' lang='lat' dir='ltr'>e.</span> <span class='ocrx_word' id='word_1_526' title='bbox 1259 4672 1286 4712; x_wconf 84' lang='lat' dir='ltr'>ir.</span> <span class='ocrx_word' id='word_1_527' title='bbox 1296 4678 1335 4711; x_wconf 77' lang='lat' dir='ltr'>mr</span> 
     </span>
     <span class='ocr_line' id='line_1_49' title="bbox 326 4740 755 4797; baseline 0 -14"><span class='ocrx_word' id='word_1_528' title='bbox 326 4746 360 4797; x_wconf 79' lang='lat' dir='ltr'>(s)</span> <span class='ocrx_word' id='word_1_529' title='bbox 373 4743 443 4783; x_wconf 80' lang='lat' dir='ltr'>Hom.</span> <span class='ocrx_word' id='word_1_530' title='bbox 453 4740 518 4782; x_wconf 77' lang='lat' dir='ltr'>xlviii.</span> <span class='ocrx_word' id='word_1_531' title='bbox 526 4741 579 4782; x_wconf 80' lang='lat' dir='ltr'>olias</span> <span class='ocrx_word' id='word_1_532' title='bbox 589 4740 638 4782; x_wconf 79' lang='lat' dir='ltr'>xlix.</span> <span class='ocrx_word' id='word_1_533' title='bbox 647 4741 669 4781; x_wconf 92' lang='lat' dir='ltr'>in</span> <span class='ocrx_word' id='word_1_534' title='bbox 680 4743 755 4784; x_wconf 78' lang='lat' dir='ltr'>listtb.</span> 
     </span>
    </p>
   </div>
   <div class='ocr_carea' id='block_1_4' title="bbox 0 0 1900 5550">
    <p class='ocr_par' dir='ltr' id='par_1_4' title="bbox 0 0 1900 5550">
     <span class='ocr_line' id='line_1_50' title="bbox 0 0 1900 5550; baseline 0 4"><span class='ocrx_word' id='word_1_535' title='bbox 0 0 1900 5550; x_wconf 95' lang='lat' dir='ltr'> </span> 
     </span>
    </p>
   </div>
  </div>
 </body>
</html>
