3792 5550
619 587 1001 638 exe.1ttt.bEt·ttesatttt0
1023 588 1197 640 EdctEstAE.
1470 589 1517 643 29¹

296 705 446 769 oppositas
482 704 602 756 Ecclesia
638 706 803 767 potestatem
836 702 892 760 sibi
925 704 1170 754 nissethesaurum
1192 705 1263 756 male
1281 705 1448 758 intellectum
1460 719 1520 758 me·
1549 757 1552 762 .

299 789 395 841 datam
422 794 564 850 exerceat,
592 802 642 854 pro
668 800 847 852 personarum
867 792 895 839 et
926 787 1041 838 ritorum
1054 787 1163 848 Christi,
1174 793 1201 840 et
1214 790 1384 853 Sanctorum,
1399 794 1426 842 et
1438 791 1518 842 clarae

296 881 457 939 temporum
477 874 688 935 diversitate,ut
700 873 819 926 fervidos
828 885 895 936 prae
927 871 1033 923 notioni
1053 871 1234 924 absolutionis
1251 885 1265 924 a
1286 887 1367 938 poena
1385 876 1517 927 canonica

301 959 511 1020 miomuneret,
529 959 643 1010 infirmis
661 971 728 1010 vero
740 957 892 1019 subveniat.
928 947 1105 1009 substituisse
1127 958 1287 1022 contusam,
1306 966 1333 1012 et
1355 955 1449 1012 falsam
1469 975 1518 1026 ap-

299 1046 365 1096 llaec
377 1044 530 1095 oeconomia
544 1044 653 1108 sapiens
667 1049 693 1095 et
705 1042 826 1107 provida,
838 1055 893 1095 non
925 1042 1083 1106 plicationis
1101 1043 1259 1096 meritorum
1272 1059 1279 1104 ;
1293 1062 1309 1092 n
1321 1058 1402 1109 quam
1421 1059 1518 1110 propo

294 1129 384 1180 aliam
400 1130 554 1187 veteribus,
574 1129 654 1181 aliam
669 1128 810 1181 hodiernis
824 1130 893 1178 Prae·
926 1127 1054 1179 sidonem
1089 1125 1253 1182 intellectam
1283 1131 1517 1194 quasi-thesauri

297 1214 411 1265 solibus
426 1214 657 1280 indulgentiarum
676 1214 817 1266 notionem
836 1214 893 1278 pla·
925 1212 1070 1275 Ecclesiae,
1085 1213 1157 1264 unde
1172 1216 1240 1278 Papa
1259 1215 1305 1266 dat
1317 1215 1515 1280 indulgentias,

298 1297 393 1350 cnisse
413 1299 511 1362 probat
526 1300 670 1363 :utrisque
685 1298 757 1350 cuim
769 1311 833 1352 vera
845 1300 892 1349 ha·
925 1309 981 1348 non
997 1297 1052 1348 sint
1072 1297 1167 1349 merita
1186 1299 1285 1351 Christi
1299 1306 1326 1352 et
1339 1303 1515 1362 Sanctorum,

295 1382 357 1434 bita
384 1388 426 1434 est
448 1395 537 1447 poenae
551 1384 622 1448 apud
641 1387 724 1436 Deum
747 1385 890 1445 remissio,
925 1383 1039 1444 falsam,
1064 1385 1255 1447 temerariam,
1279 1387 1378 1438 Christi
1403 1393 1430 1438 et
1450 1389 1516 1438 San-

298 1467 411 1532 parcius
431 1469 472 1519 rel
496 1469 597 1534 largius
622 1482 671 1534 oro
701 1470 890 1535 adjunctorum
924 1474 1031 1520 ctorum
1051 1469 1156 1521 meritis
1173 1470 1351 1535 injuriosam,
1369 1469 1472 1522 dudum
1487 1472 1514 1522 in

295 1553 430 1605 varietate
443 1553 550 1606 tributa.
924 1546 1040 1605 articulo
1058 1555 1132 1606 xvii.
1156 1555 1265 1607 botheri
1285 1554 1457 1616 damnatam,
1475 1567 1516 1606 re·

341 1687 345 1692 .
436 1674 439 1680 ·
489 1639 707 1692 Animaduertio.
925 1639 1050 1702 probavit
1064 1641 1125 1690 l‘ins
1139 1640 1202 1691 Vl*

329 1725 374 1772 55.
394 1722 608 1775 Moderationem
638 1738 719 1789 quarn
749 1737 891 1778 commen·
958 1725 1000 1774 55.
1020 1727 1209 1775 enuntiantem
1228 1739 1289 1778 esse
1303 1725 1514 1777 satisfactionem

290 1808 399 1859 darunt
409 1811 500 1861 Patres
514 1811 663 1863 Tridentini
675 1812 702 1862 in
713 1812 890 1877 indulgentiis
925 1822 939 1858 a
953 1808 1060 1860 Christo
1083 1809 1232 1872 praestitam
1246 1849 1251 1868 ,
1267 1823 1310 1860 res
1321 1816 1363 1861 est
1374 1810 1446 1873 apud
1459 1822 1517 1862 om-

290 1892 484 1946 concedendis
496 1895 647 1946 desiderari
660 1902 813 1960 queruntur
824 1911 891 1950 non·
923 1906 975 1944 nes
1002 1893 1140 1957 explorata
1164 1899 1357 1958 :quapropter
1385 1894 1513 1943 thesauro

291 1977 381 2039 nulli,
395 1979 431 2030 ob
441 1992 568 2044 magnam
580 1993 673 2031 earum
685 1994 747 2045 quae
759 1983 889 2046 plenariae
923 1979 1030 2030 intinito
1055 1979 1160 2030 ditasse
1190 1978 1339 2030 Ecclesiam
1360 1976 1514 2029 credendus

289 2067 362 2112 sunt
374 2063 496 2127 copiam,
510 2077 572 2129 quae
590 2065 672 2118 hodie
693 2067 816 2119 habetur.
833 2071 890 2122 cae-
923 2071 974 2114 ent.
988 2065 1112 2116 Attamen
1135 2063 1231 2114 merita
1254 2065 1415 2114 sanctorum
1428 2059 1515 2112 admi·

291 2154 386 2198 terum
404 2162 594 2214 supremorum
608 2153 738 2205 Ecclesiae
752 2161 887 2206 rectorum
922 2150 1043 2201 nicuium
1060 2156 1189 2214 praestare
1209 2148 1356 2208 dicuntur·
1374 2147 1437 2211 <lllla
1448 2158 1514 2210 qua·

289 2237 338 2282 est
349 2232 474 2296 judicare
488 2236 535 2299 qui
552 2237 650 2289 modus
668 2239 840 2292 adhibendus
853 2241 889 2292 sit
921 2243 1002 2286 tenus
1015 2234 1216 2287 satisfactiones
1230 2240 1303 2295 sunt,
1316 2246 1364 2297 ner
1377 2232 1513 2282 Christum

289 2329 346 2380 pro
369 2322 522 2382 temporum
541 2321 707 2374 diversitate.
721 2325 845 2377 Studium
860 2327 889 2378 ti-
921 2322 976 2374 Deo
989 2322 1059 2372 Patri
1075 2319 1226 2372 offeruntur
1242 2320 1276 2370 ad
1290 2319 1513 2384 luendaspoenas

287 2401 400 2452 delium
411 2404 445 2454 ad
459 2418 506 2456 eas
520 2407 664 2460 lucrandas
677 2410 784 2462 videtur
795 2424 889 2463 aceen-
920 2409 981 2459 aliis
1004 2407 1121 2459 debitas.
1142 2409 1240 2457 Totum
1261 2406 1420 2459 meritorum
1443 2415 1511 2466 lllae·

290 2500 357 2537 sum
395 2490 594 2543 recentioribus
623 2493 666 2544 his
696 2496 887 2558 temporibus,
921 2493 1006 2543 mium
1025 2494 1139 2543 sanctos
1157 2491 1296 2555 accepisse
1318 2494 1441 2546 considit
1462 2488 1511 2538 sed

287 2571 371 2635 quod
387 2573 687 2628 Pontiticesiovcndum
700 2579 847 2640 duxerunt,
861 2589 889 2631 ut
922 2578 1119 2641 quamplures
1141 2576 1202 2627 vitae
1224 2575 1335 2642 illibatae
1351 2579 1448 2637 sponte
1461 2571 1512 2622 sibi

288 2667 328 2706 eo
347 2656 436 2720 magis
449 2659 582 2710 clarescat
597 2662 726 2713 Ecclesiae
739 2666 888 2716 auctoritas
924 2661 1074 2712 indixerint
1086 2673 1192 2724 poerras,
1205 2660 1247 2710 vel
1259 2658 1391 2722 supplicia
1405 2661 1432 2708 ct
1443 2669 1513 2708 mor·

286 2739 329 2791 ab
353 2739 489 2792 haereticis
508 2741 607 2794 frustra
622 2743 795 2811 impugnata,
809 2754 836 2800 et
860 2755 889 2801 ut
922 2753 976 2799 tem
991 2751 1102 2813 propter
1125 2745 1262 2797 Christum
1283 2743 1358 2810 passi
1379 2743 1452 2805 sint,
1470 2742 1512 2795 vis

285 2827 536 2878 sacramentorum
559 2836 748 2894 susceptorum
762 2832 888 2900 frequen·
920 2834 1046 2898 quaedam
1066 2831 1250 2885 satisfaciendi
1270 2831 1298 2884 in
1310 2830 1344 2883 iis
1362 2829 1511 2895 reperitur.

288 2909 388 2971 tia,et
400 2909 535 2964 bonorum
550 2926 663 2979 operum
675 2918 806 2971 exercitio
816 2922 887 2973 Deus
920 2933 982 2986 quae
1008 2919 1068 2971 aliis
1086 2918 1284 2972 communicari
1309 2923 1391 2984 queat
1413 2932 1420 2966 ι
1444 2916 1511 2967 illud

290 2995 457 3047 honoretur.
920 3006 1024 3060 scilicet
1045 3011 1087 3058 est
1108 3008 1270 3058 Sanctorum
1283 3004 1311 3055 in
1329 3003 1437 3054 Christo
1447 3014 1512 3053 con·

920 3092 1053 3153 sortium,
1086 3096 1116 3143 ut
1137 3090 1172 3143 sit
1202 3090 1415 3143 communicatio
1435 3088 1528 3155 satis-y

505 3172 608 3222 cxedt
632 3172 676 3221 tlt.
918 3178 1078 3229 factionum.
1099 3176 1137 3227 nd
1157 3176 1238 3227 iidem
1260 3176 1384 3241 proxime
1407 3172 1511 3226 accedit

920 3262 1044 3314 doctrina
1075 3260 1109 3312 de
1141 3259 1276 3311 thesauris
1314 3271 1395 3323 quam
1426 3268 1511 3321 expo·

429 3352 460 3389 os
477 3354 604 3393 semanno
622 3358 752 3396 noctssrn.
921 3346 1038 3397 suimus

1134 3427 1294 3491 propositio.

327 3509 371 3559 st.
386 3510 511 3562 Clemens
521 3514 561 3565 vl.
576 3514 603 3564 in
615 3515 814 3568 coristitutione
824 3529 885 3581 qnae
953 3513 1084 3567 Thesauri
1100 3512 1247 3576 Ecclesiae,
1261 3512 1334 3564 unde
1357 3513 1457 3563 dantur
1468 3509 1511 3561 in-

292 3592 392 3657 incipit
412 3609 418 3643 :
439 3595 595 3671 &niceratus
609 3599 661 3651 Dei
676 3600 779 3664 Titios,
797 3600 882 3653 dicit:
918 3599 1083 3667 dulgentia,
1103 3604 1167 3650 sunt
1179 3599 1274 3651 merita
1290 3598 1389 3652 Christi
1405 3604 1431 3649 ot
1445 3598 1510 3649 San·

296 3699 308 3722 r
317 3680 487 3733 Thesaurum
500 3684 624 3736 militanti
636 3687 762 3738 Ecclesiae
772 3687 886 3752 acquisi·
916 3693 1032 3742 ntorum.
1472 3684 1473 3689 '

294 3764 388 3817 vit..
411 3804 416 3815 .
439 3804 444 3817 .
464 3768 496 3818 ad
524 3771 602 3835 cujus
632 3771 742 3836 quidem
764 3772 884 3825 thesauri
949 3779 992 3829 so.
1011 3777 1150 3831 Probatur
1161 3790 1196 3829 en
1207 3776 1264 3840 ineo
1283 3774 1407 3827 Ecclesia
1428 3784 1510 3823 serron

298 3850 440 3901 cumulum
460 3856 489 3903 B.
502 3854 748 3919 beidenitriciS,et
761 3858 884 3909 omnium
917 3867 944 3913 ct
962 3863 1096 3915 doctrina.
1119 3865 1184 3925 onae
1202 3862 1237 3913 de
1256 3857 1434 3923 indulgentiis
1451 3856 1509 3906 Cle·

293 3936 448 3988 electorum
464 3950 479 3986 a
492 3938 580 4001 primo
589 3941 664 4003 justo
678 3955 763 4005 risque
776 3942 811 3992 ad
823 3943 884 3993 ulti·
918 3959 997 3997 mens
1009 3949 1048 3998 Vl.
1062 3947 1172 3998 tradidit
1183 3943 1383 3997 Constitutione
1392 3940 1510 4006 praetau-

294 4034 371 4072 mum
404 4021 501 4071 merita
531 4023 728 4075 adminiculum
754 4031 884 4089 praestare
917 4029 997 4091 data,
1015 4044 1143 4082 exsensu
1165 4037 1193 4081 et
1211 4028 1357 4080 traditione
1380 4024 1510 4078 Ecclesiae

294 4112 455 4158 noscuntur.
469 4123 485 4153 n
496 4108 630 4159 lutherus
650 4108 678 4159 in
691 4110 761 4161 hanc
782 4110 885 4163 doctri·
917 4113 1037 4165 derivata
1047 4120 1128 4175 snut,
1140 4119 1167 4165 et
1185 4114 1244 4179 ejus
1257 4125 1394 4165 consensu
1407 4108 1508 4175 agnita.

294 4205 359 4243 nam
374 4193 530 4255 insurrexit,
543 4194 653 4246 dicens:
669 4196 823 4247 «Thesauri
835 4198 885 4249 Ec·
920 4198 1004 4248 Porro
1022 4210 1144 4249 consona
1159 4204 1223 4249 sum
1240 4197 1274 4248 iis
1298 4209 1359 4261 quae
1381 4196 1416 4248 de
1441 4197 1509 4246 San·

291 4280 404 4340 clesiae,
431 4282 505 4333 unde
519 4284 587 4346 Papa
609 4282 656 4333 dat
682 4282 884 4346 indulgentias,
918 4288 1025 4335 ciorum
1040 4283 1169 4350 operibus
1189 4282 1290 4335 sentire
1311 4284 1403 4345 juvat,
1417 4280 1508 4333 habita

292 4375 349 4416 non
358 4367 523 4417 suntmerita
534 4366 632 4419 Christi
645 4374 672 4419 et
685 4368 883 4420 Sanctorum.»¹
918 4368 1024 4421 ratione
1045 4368 1153 4420 virtutis
1171 4380 1253 4433 qtram
1267 4382 1299 4420 ex
1311 4367 1410 4419 Christi
1423 4366 1508 4433 gratia

293 4450 421 4514 synodus
442 4452 614 4505 pistoriensis
637 4453 756 4505 docuit«
771 4454 882 4506 Schola·
916 4454 1050 4518 derivant,
1066 4461 1092 4508 et
1106 4454 1340 4507 excommunione
1350 4466 1403 4521 qua
1416 4452 1508 4505 omnia

292 4535 379 4588 sticos
397 4537 454 4589 suis
472 4538 668 4591 subtilitatibus
685 4537 793 4592 inflatos
808 4539 881 4593 invn-
915 4540 1015 4592 Christi
1035 4540 1157 4593 membra
1180 4539 1250 4591 inter
1272 4552 1303 4591 se
1326 4538 1454 4605 gaudent.
1469 4539 1507 4590 Rc

319 4778 458 4831 (sternuit.
617 4842 619 4847 1
945 4784 971 4836 (a)
985 4784 1202 4826 Consuetudinem
1212 4784 1306 4849 mater.¹
